{"host":"j49z5jz0n7e8vjox","time":1611167294,"event":{"mods":["AchievementEnabler","BaseMod","Bestiary","Colored Map","Colored Powertips","DeckTracker","Minty Spire (QoL Compilation)","Permanent Neow","UnlockEverythingMod"],"gold_per_floor":[117,131,145,145,164,164,205,205,283,283,283,304,324,324,324,418,418,442,442,455,455,455,455,489,489,537,549,464,464,474,10,10,10,10],"floor_reached":33,"language":"ENG","playtime":9313,"items_purged":[],"score":534,"play_id":"bf766833-2171-4914-85c6-baa762a3da22","local_time":"20210120122814","is_ascension_mode":true,"campfire_choices":[{"data":"Riddle With Holes","floor":6,"key":"SMITH"},{"floor":10,"key":"REST"},{"floor":15,"key":"REST"},{"data":"Caltrops","floor":23,"key":"SMITH"},{"floor":25,"key":"REST"},{"data":"Wraith Form v2","floor":29,"key":"SMITH"},{"floor":32,"key":"REST"}],"circlet_count":0,"master_deck":["AscendersBane","Defend_G","Defend_G","Defend_G","Defend_G","Survivor","Neutralize","Riddle With Holes+1","Slice","Leg Sweep","Finisher","Caltrops+1","Crippling Poison+1","Acrobatics","PiercingWail","Wraith Form v2+1","Skewer+1","Blade Dance","Acrobatics","Acrobatics","RitualDagger","Footwork","Infinite Blades"],"relics":["Ring of the Snake","Bloody Idol","Ice Cream","Bottled Lightning","Empty Cage","Oddly Smooth Stone","Omamori","Gambling Chip","Bronze Scales","ClockworkSouvenir"],"acts_visited":["Exordium","TheCity"],"potions_floor_usage":[7,14,27,30,33,33],"damage_taken":[{"damage":9,"enemies":"Cultist","floor":1,"turns":5},{"damage":1,"enemies":"Jaw Worm","floor":2,"turns":5},{"damage":0,"enemies":"2 Louse","floor":3,"turns":5},{"damage":9,"enemies":"2 Fungi Beasts","floor":5,"turns":4},{"damage":15,"enemies":"Lagavulin","floor":7,"turns":5},{"damage":1,"enemies":"Blue Slaver","floor":12,"turns":5},{"damage":4,"enemies":"3 Louse","floor":13,"turns":2},{"damage":0,"enemies":"Large Slime","floor":14,"turns":1},{"damage":21,"enemies":"The Guardian","floor":16,"turns":16},{"damage":6,"enemies":"3 Byrds","floor":18,"turns":2},{"damage":1,"enemies":"Chosen","floor":20,"turns":5},{"damage":8,"enemies":"Gremlin Leader","floor":24,"turns":6},{"damage":6,"enemies":"Centurion and Healer","floor":27,"turns":5},{"damage":39,"enemies":"Sentry and Sphere","floor":30,"turns":10},{"damage":52,"enemies":"Automaton","floor":33,"turns":10}],"seed_played":"-6527963719012971869","potions_obtained":[{"floor":1,"key":"ColorlessPotion"},{"floor":3,"key":"SmokeBomb"},{"floor":13,"key":"Weak Potion"},{"floor":16,"key":"ColorlessPotion"},{"floor":24,"key":"SkillPotion"},{"floor":27,"key":"BlessingOfTheForge"}],"is_trial":false,"path_per_floor":["M","M","M","?","M","R","E","?","T","R","?","M","M","M","R","B",null,"M","?","M","?","?","R","E","R","T","M","?","R","M","$","R","B"],"character_chosen":"THE_SILENT","items_purchased":["Bronze Scales","ClockworkSouvenir","Infinite Blades","Poison Potion"],"campfire_rested":4,"item_purchase_floors":[31,31,31,31],"current_hp_per_floor":[50,49,49,49,40,40,25,18,18,36,36,35,31,31,49,28,52,46,46,45,45,39,39,36,54,59,58,58,58,24,24,42,0,0],"gold":10,"neow_bonus":"TRANSFORM_CARD","is_daily":false,"chose_seed":false,"campfire_upgraded":3,"win_rate":0.0,"timestamp":1611167294,"path_taken":["M","M","?","?","M","R","E","?","T","R","?","M","M","M","R","BOSS","M","?","M","?","?","R","E","R","T","M","?","R","M","$","R","BOSS"],"items_purchased_type":["Relic","Relic","Card","Potion"],"build_version":"2020-12-22","purchased_purges":0,"victory":false,"max_hp_per_floor":[66,66,66,60,60,60,60,60,60,60,60,60,60,60,60,60,60,60,60,60,60,60,60,60,60,60,60,60,60,60,60,60,60,60],"card_choices":[{"not_picked":["Well Laid Plans","Flechettes"],"picked":"Slice","floor":1},{"not_picked":["Cloak And Dagger","Backflip"],"picked":"Leg Sweep","floor":2},{"not_picked":["Night Terror","Acrobatics"],"picked":"Finisher","floor":3},{"not_picked":["Escape Plan","All Out Attack"],"picked":"Caltrops","floor":5},{"not_picked":["Underhanded Strike","Endless Agony"],"picked":"Crippling Poison","floor":7},{"not_picked":["Dagger Throw","PiercingWail"],"picked":"Acrobatics","floor":12},{"not_picked":["Dodge and Roll","Outmaneuver"],"picked":"PiercingWail","floor":13},{"not_picked":["Phantasmal Killer","Corpse Explosion"],"picked":"Wraith Form v2","floor":16},{"not_picked":["Escape Plan","Outmaneuver+1"],"picked":"Skewer+1","floor":18},{"not_picked":["Prepared","Riddle With Holes"],"picked":"Acrobatics","floor":20},{"not_picked":["Outmaneuver","Setup","Accuracy"],"picked":"SKIP","floor":24},{"not_picked":["Leg Sweep","Dodge and Roll","Prepared"],"picked":"SKIP","floor":27},{"not_picked":["Prepared","Underhanded Strike"],"picked":"Footwork","floor":30}],"player_experience":768799,"relics_obtained":[{"floor":7,"key":"Ice Cream"},{"floor":9,"key":"Bottled Lightning"},{"floor":24,"key":"Oddly Smooth Stone"},{"floor":26,"key":"Omamori"}],"event_choices":[{"damage_healed":0,"gold_gain":0,"player_choice":"Lose Max HP","damage_taken":0,"relics_obtained":["Golden Idol"],"max_hp_gain":0,"max_hp_loss":6,"event_name":"Golden Idol","floor":4,"gold_loss":0},{"cards_removed":["Strike_G"],"damage_healed":0,"gold_gain":0,"player_choice":"Card Removal","damage_taken":7,"max_hp_gain":0,"max_hp_loss":0,"event_name":"Golden Wing","floor":8,"gold_loss":0},{"damage_healed":0,"gold_gain":0,"player_choice":"Grow","damage_taken":0,"max_hp_gain":0,"max_hp_loss":0,"event_name":"Living Wall","floor":11,"gold_loss":0,"cards_upgraded":["Crippling Poison"]},{"damage_healed":0,"gold_gain":0,"cards_transformed":["Strike_G","Defend_G"],"player_choice":"Became Test Subject","damage_taken":0,"max_hp_gain":0,"max_hp_loss":0,"event_name":"Drug Dealer","floor":19,"gold_loss":0,"cards_obtained":["Blade Dance","Acrobatics"]},{"damage_healed":0,"gold_gain":0,"player_choice":"Gave Idol","damage_taken":0,"relics_obtained":["Bloody Idol"],"max_hp_gain":0,"max_hp_loss":0,"event_name":"Forgotten Altar","floor":21,"relics_lost":["Golden Idol"],"gold_loss":0},{"damage_healed":0,"gold_gain":0,"player_choice":"Joined the Cult","damage_taken":6,"max_hp_gain":0,"max_hp_loss":0,"event_name":"Nest","floor":22,"gold_loss":0,"cards_obtained":["RitualDagger"]},{"damage_healed":0,"gold_gain":0,"player_choice":"Obtained Relic","damage_taken":0,"relics_obtained":["Gambling Chip"],"max_hp_gain":0,"max_hp_loss":0,"event_name":"Addict","floor":28,"gold_loss":85}],"is_beta":false,"boss_relics":[{"not_picked":["Ring of the Serpent","Busted Crown"],"picked":"Empty Cage"}],"items_purged_floors":[],"is_endless":false,"potions_floor_spawned":[1,3,13,14,16,24,27],"killed_by":"Automaton","ascension_level":20}}