{"host":"i0avyit1s6jb1siw","time":1611180569,"event":{"mods":["BaseMod","DeckTracker","Dota2Spire","Highlight Path","Minty Spire (QoL Compilation)","Quick Restart","StSLib","SuperFastMode"],"gold_per_floor":[111,124,144,69,11,37,37,52,52,52,79,98,116,41,41,115,115,127,27,27,47,47,47,81,81,81,81,81,81],"floor_reached":28,"language":"ENG","playtime":612,"items_purged":["Pain","Strike_G"],"score":492,"play_id":"1e3ac728-ef85-418c-b254-6a1e0b7f1cd9","local_time":"20210120230929","is_ascension_mode":true,"campfire_choices":[{"floor":7.0,"key":"REST"},{"data":"Noxious Fumes","floor":15.0,"key":"SMITH"},{"data":"Flechettes","floor":23,"key":"SMITH"},{"data":"Reflex","floor":25,"key":"SMITH"},{"floor":27,"key":"REST"}],"circlet_count":0,"master_deck":["AscendersBane","Strike_G","Strike_G","Strike_G","Defend_G","Defend_G","Defend_G","Defend_G","Defend_G","Survivor","Neutralize","Noxious Fumes+1","All Out Attack","Deadly Poison","Dagger Throw","Escape Plan","Flechettes+1","Reflex+1","Calculated Gamble","Dagger Spray+1"],"relics":["Ring of the Snake","NeowsBlessing","White Beast Statue","Singing Bowl","WarpedTongs","Bottled Tornado","HoveringKite"],"acts_visited":["Exordium","TheCity"],"potions_floor_usage":[16,24,28],"damage_taken":[{"damage":0.0,"enemies":"Small Slimes","floor":1.0,"turns":1.0},{"damage":0.0,"enemies":"Cultist","floor":2.0,"turns":1.0},{"damage":0.0,"enemies":"2 Louse","floor":3.0,"turns":1.0},{"damage":40.0,"enemies":"Lagavulin","floor":6.0,"turns":9.0},{"damage":8.0,"enemies":"Red Slaver","floor":8.0,"turns":5.0},{"damage":12.0,"enemies":"3 Sentries","floor":11.0,"turns":7.0},{"damage":7.0,"enemies":"3 Louse","floor":12.0,"turns":4.0},{"damage":5.0,"enemies":"Blue Slaver","floor":13.0,"turns":5.0},{"damage":21,"enemies":"Slime Boss","floor":16,"turns":9},{"damage":1,"enemies":"3 Byrds","floor":18,"turns":5},{"damage":14,"enemies":"Chosen","floor":21,"turns":5},{"damage":49,"enemies":"Slavers","floor":24,"turns":4},{"damage":45,"enemies":"Shelled Parasite and Fungi","floor":28,"turns":4}],"seed_played":"-7239234323793313169","potions_obtained":[{"floor":2.0,"key":"Ancient Potion"},{"floor":3.0,"key":"Dexterity Potion"},{"floor":6.0,"key":"Regen Potion"},{"floor":8.0,"key":"Energy Potion"},{"floor":11.0,"key":"Poison Potion"},{"floor":12.0,"key":"Poison Potion"},{"floor":13.0,"key":"BlessingOfTheForge"},{"floor":16,"key":"BlessingOfTheForge"},{"floor":18,"key":"FairyPotion"},{"floor":24,"key":"Poison Potion"}],"is_trial":false,"path_per_floor":["M","M","M","?","$","E","R","M","T","?","E","M","M","$","R","B",null,"M","$","?","M","$","R","E","R","T","R","M"],"character_chosen":"THE_SILENT","items_purchased":["Dagger Throw"],"campfire_rested":2,"item_purchase_floors":[5],"current_hp_per_floor":[59,59,59,59,59,19,38,30,30,30,35,28,23,23,23,4,54,55,55,55,41,41,41,23,23,23,45,0,0],"gold":81,"neow_bonus":"THREE_ENEMY_KILL","is_daily":false,"chose_seed":false,"campfire_upgraded":3,"win_rate":0.0,"timestamp":1611180569,"path_taken":["M","M","M","?","$","E","R","M","T","?","E","?","?","$","R","BOSS","M","$","?","?","$","R","E","R","T","R","M"],"items_purchased_type":["Card"],"build_version":"2020-12-22","purchased_purges":2,"victory":false,"max_hp_per_floor":[66,66,66,66,66,66,66,66,66,66,68,68,68,68,68,70,70,72,72,72,72,72,72,74,74,74,74,74,74],"card_choices":[{"not_picked":["Backflip","PiercingWail"],"picked":"Noxious Fumes","floor":1.0},{"not_picked":["Escape Plan","Endless Agony"],"picked":"All Out Attack","floor":2.0},{"not_picked":["Flying Knee","Dodge and Roll"],"picked":"Deadly Poison","floor":3.0},{"not_picked":["Quick Slash","Choke"],"picked":"Escape Plan","floor":6.0},{"not_picked":["Night Terror","Reflex"],"picked":"Flechettes","floor":8.0},{"not_picked":["Heel Hook","Flechettes","Deadly Poison"],"picked":"Singing Bowl","floor":11.0},{"not_picked":["Expertise","Outmaneuver"],"picked":"Reflex","floor":12.0},{"not_picked":["Poisoned Stab","Infinite Blades"],"picked":"Calculated Gamble","floor":13.0},{"not_picked":["Doppelganger","Die Die Die","Bullet Time"],"picked":"Singing Bowl","floor":16},{"not_picked":["Skewer","Underhanded Strike","Flying Knee"],"picked":"Singing Bowl","floor":18},{"not_picked":["Dagger Throw+1","Caltrops"],"picked":"Dagger Spray+1","floor":21},{"not_picked":["Concentrate","Outmaneuver","Blade Dance"],"picked":"Singing Bowl","floor":24}],"player_experience":2308695,"relics_obtained":[{"floor":6.0,"key":"White Beast Statue"},{"floor":9.0,"key":"Singing Bowl"},{"floor":11.0,"key":"Bottled Tornado"}],"event_choices":[{"cards_removed":["Strike_G"],"damage_healed":0.0,"max_hp_gain":0.0,"max_hp_loss":0.0,"gold_gain":0.0,"event_name":"The Cleric","player_choice":"Card Removal","floor":4.0,"gold_loss":75.0,"damage_taken":0.0},{"damage_healed":0.0,"max_hp_gain":0.0,"max_hp_loss":0.0,"gold_gain":0.0,"event_name":"Accursed Blacksmith","player_choice":"Rummage","floor":10.0,"gold_loss":0.0,"damage_taken":0.0,"relics_obtained":["WarpedTongs"],"cards_obtained":["Pain"]},{"damage_healed":0,"gold_gain":0,"player_choice":"Got Potions","damage_taken":0,"max_hp_gain":0,"max_hp_loss":0,"event_name":"Lab","floor":20,"gold_loss":0}],"is_beta":false,"boss_relics":[{"not_picked":["Black Star","Busted Crown"],"picked":"HoveringKite"}],"items_purged_floors":[14,19],"is_endless":false,"potions_floor_spawned":[2,3,6,8,11,12,13,16,18,21,24],"killed_by":"Shelled Parasite and Fungi","ascension_level":20}}