{"host":"8rwquwrlbfkmmuup","time":1611184444,"event":{"mods":["BaseMod","Halation","Infinite Spire","Minty Spire (QoL Compilation)","Replay The Spire","Shop Mod","StSLib"],"gold_per_floor":[117,117,117,158,171,171,200,200,224,239,259,291,14,26,26,128,128,144,144,144,158,158,189,189,189,189,189,189,189,206,226,226,226],"floor_reached":32,"language":"ENG","playtime":1250,"items_purged":["Defend_G","Defend_G"],"score":333,"play_id":"be6f9e75-999d-43d1-bcca-68480c65ccd7","local_time":"20210120151404","is_ascension_mode":true,"campfire_choices":[{"floor":6.0,"key":"REST"},{"floor":8.0,"key":"RECALL"},{"floor":15.0,"key":"DIG"},{"floor":24,"key":"REST"},{"floor":27,"key":"REST"},{"data":"infinitespire:NeuralNetwork","floor":29,"key":"SMITH"}],"circlet_count":0,"master_deck":["Strike_G","Defend_G","Survivor","Neutralize","Backflip","Noxious Fumes","Poisoned Stab","Backflip","Backflip","Deadly Poison","Endless Agony","Poison Darts","Parasite","Decay","Outmaneuver","infinitespire:NeuralNetwork+1","Shame","Escape Plan","Backflip","Poisoned Stab"],"relics":["Ring of the Snake","NeowsBlessing","halation:PinkSoulGem","Durian","Mummified Hand","halation:PromiseList","WingedGreaves","Kintsugi","Toolbox","halation:KoshaPiece","Bottled Flame","Replay:Bottled Flurry"],"acts_visited":["Exordium","TheCity"],"potions_floor_usage":[23,23,31,32],"damage_taken":[{"damage":0.0,"enemies":"Cultist","floor":1.0,"turns":1.0},{"damage":0.0,"enemies":"Jaw Worm","floor":5.0,"turns":1.0},{"damage":0.0,"enemies":"3 Sentries","floor":7.0,"turns":1.0},{"damage":2.0,"enemies":"Small Slimes","floor":10.0,"turns":3.0},{"damage":20.0,"enemies":"Exordium Thugs","floor":11.0,"turns":5.0},{"damage":4.0,"enemies":"Gremlin Nob","floor":12.0,"turns":4.0},{"damage":10.0,"enemies":"Exordium Wildlife","floor":14.0,"turns":6.0},{"damage":5.0,"enemies":"Hexaghost","floor":16.0,"turns":8.0},{"damage":21.0,"enemies":"2 Thieves","floor":18.0,"turns":4.0},{"damage":20.0,"enemies":"Shell Parasite","floor":21.0,"turns":4.0},{"damage":30,"enemies":"Book of Stabbing","floor":23,"turns":5},{"damage":28,"enemies":"Shelled Parasite and Fungi","floor":30,"turns":5},{"damage":11,"enemies":"Snake Plant","floor":31,"turns":3},{"damage":12,"enemies":"Snecko","floor":32,"turns":3}],"seed_played":"-2446229161597987259","potions_obtained":[{"floor":1.0,"key":"Fire Potion"},{"floor":4.0,"key":"CultistPotion"},{"floor":4.0,"key":"Adrenaline Potion"},{"floor":4.0,"key":"Toxic Potion"},{"floor":11.0,"key":"SpeedPotion"},{"floor":14.0,"key":"BlessingOfTheForge"},{"floor":16.0,"key":"Venom Potion"},{"floor":22.0,"key":"Death Potion"},{"floor":22.0,"key":"infinitespire:BlackPotion"},{"floor":22.0,"key":"EssenceOfSteel"},{"floor":30,"key":"Dexterity Potion"},{"floor":31,"key":"Poison Potion"}],"is_trial":false,"path_per_floor":["M","?","?","?","M","R","E","R","T","M","M","E","$","M","R","B",null,"M","AVR","?","M","?","E","R","PTL","PTL","R","T","R","M","M","M"],"character_chosen":"THE_SILENT","items_purchased":["Deadly Poison","halation:PromiseList"],"campfire_rested":3,"item_purchase_floors":[13,13],"current_hp_per_floor":[70,70,63,35,35,56,61,61,61,59,39,35,35,25,25,20,75,54,54,54,34,34,4,26,26,26,48,48,48,20,9,0,0],"gold":226,"neow_bonus":"THREE_ENEMY_KILL","is_daily":false,"chose_seed":false,"campfire_upgraded":1,"win_rate":0.0,"timestamp":1611184444,"path_taken":["M","?","?","?","M","R","E","R","T","M","M","E","$","M","R","BOSS","M","AVR","?","M","?","E","R","PTL","PTL","R","T","R","?","?","M"],"items_purchased_type":["Card","Relic"],"build_version":"2020-12-22","purchased_purges":2,"victory":false,"max_hp_per_floor":[70,70,70,70,70,70,75,75,75,75,75,75,75,75,75,75,75,75,75,75,75,75,75,75,75,75,75,75,75,75,75,75,75],"card_choices":[{"not_picked":["Skewer","Prepared"],"picked":"Backflip","floor":1.0},{"not_picked":["Cloak And Dagger","Poisoned Stab"],"picked":"Noxious Fumes","floor":5.0},{"not_picked":["Tools of the Trade","PiercingWail"],"picked":"Poisoned Stab","floor":7.0},{"not_picked":["Dagger Throw","Deflect"],"picked":"Backflip","floor":10.0},{"not_picked":["Quick Slash","ReplayTheSpireMod:Shiv Toss","Bane"],"picked":"SKIP","floor":11.0},{"not_picked":["All Out Attack","Acrobatics"],"picked":"Backflip","floor":12.0},{"not_picked":["Hidden Blade","Dagger Throw"],"picked":"Endless Agony","floor":14.0},{"not_picked":["Burst","ReplayTheSpireMod:Necrosis"],"picked":"Poison Darts","floor":16.0},{"not_picked":["Quick Slash","Blade Dance"],"picked":"Outmaneuver","floor":18.0},{"not_picked":["Finisher","Underhanded Strike"],"picked":"Escape Plan","floor":21.0},{"not_picked":["Underhanded Strike","Sucker Punch"],"picked":"Backflip","floor":23},{"not_picked":["Deflect","Predator"],"picked":"Poisoned Stab","floor":30},{"not_picked":["Dagger Spray","Cloak And Dagger","Well Laid Plans"],"picked":"SKIP","floor":31}],"player_experience":68255,"relics_obtained":[{"floor":7.0,"key":"Durian"},{"floor":12.0,"key":"Mummified Hand"},{"floor":15.0,"key":"WingedGreaves"},{"floor":23,"key":"Bottled Flame"},{"floor":28,"key":"Replay:Bottled Flurry"}],"event_choices":[{"cards_removed":["Strike_G"],"damage_healed":0.0,"max_hp_gain":0.0,"max_hp_loss":0.0,"gold_gain":0.0,"event_name":"Golden Wing","player_choice":"Card Removal","floor":3.0,"gold_loss":0.0,"damage_taken":7.0},{"damage_healed":0.0,"max_hp_gain":0.0,"max_hp_loss":0.0,"gold_gain":0.0,"event_name":"Addict","player_choice":"Stole Relic","floor":20.0,"gold_loss":0.0,"damage_taken":0.0,"relics_obtained":["halation:KoshaPiece"],"cards_obtained":["Shame"]},{"damage_healed":0.0,"max_hp_gain":0.0,"max_hp_loss":0.0,"gold_gain":0.0,"event_name":"Lab","player_choice":"Got Potions","floor":22.0,"gold_loss":0.0,"damage_taken":0.0}],"is_beta":false,"boss_relics":[{"not_picked":["Ectoplasm","halation:Risk"],"picked":"Kintsugi"}],"items_purged_floors":[13,19],"is_endless":false,"potions_floor_spawned":[1,11,14,16,30,31],"killed_by":"Snecko","ascension_level":1}}