{"host":"9ltncrns7b9wt2tr","time":1611120646,"event":{"mods":["AchievementEnabler","BaseMod","BetterRewards","Colored Map","Colored Powertips","Minty Spire (QoL Compilation)","Quick Restart","Replay The Spire","StSLib","SuperFastMode"],"gold_per_floor":[116,116,116,130,147,182,182,182,182],"floor_reached":8,"language":"ZHS","playtime":268,"items_purged":[],"score":64,"play_id":"4fb604fe-dca8-4ce3-a0ea-518db1f4b9ad","local_time":"20210120133046","is_ascension_mode":true,"campfire_choices":[{"data":"Reflex","floor":7,"key":"SMITH"}],"circlet_count":0,"master_deck":["Strike_G","Strike_G","Strike_G","Strike_G","Defend_G","Defend_G","Defend_G","Defend_G","Survivor","Neutralize","Expertise","Catalyst","Reflex+1"],"relics":["Ring of the Snake","NeowsBlessing","Gambling Chip"],"acts_visited":["Exordium"],"potions_floor_usage":[6,6,8],"damage_taken":[{"damage":0,"enemies":"Jaw Worm","floor":1,"turns":1},{"damage":0,"enemies":"Cultist","floor":4,"turns":1},{"damage":1,"enemies":"2 Louse","floor":5,"turns":2},{"damage":49,"enemies":"Gremlin Nob","floor":6,"turns":6},{"damage":7,"enemies":"Lagavulin","floor":8,"turns":3}],"seed_played":"-2761329938580382458","potions_obtained":[{"floor":1,"key":"ColorlessPotion"},{"floor":5,"key":"Block Potion"},{"floor":6,"key":"Adrenaline Potion"}],"is_trial":false,"path_per_floor":["M","?","?","M","M","E","R","E"],"character_chosen":"THE_SILENT","items_purchased":[],"campfire_rested":0,"item_purchase_floors":[],"current_hp_per_floor":[70,63,63,63,62,13,13,6,6],"gold":182,"neow_bonus":"THREE_ENEMY_KILL","is_daily":false,"chose_seed":false,"campfire_upgraded":1,"win_rate":0.0,"timestamp":1611120646,"path_taken":["M","?","?","M","?","E","R","E"],"items_purchased_type":[],"build_version":"2020-12-22","purchased_purges":0,"victory":false,"max_hp_per_floor":[70,70,70,70,70,70,70,70,70],"card_choices":[{"not_picked":["Bouncing Flask","Dash"],"picked":"Expertise","floor":1},{"not_picked":["Cloak And Dagger","Draining Mist"],"picked":"Catalyst","floor":4},{"not_picked":["Sucker Punch","Dagger Throw","Outmaneuver"],"picked":"SKIP","floor":5},{"not_picked":["Acrobatics","Endless Agony"],"picked":"Reflex","floor":6}],"player_experience":86865,"relics_obtained":[{"floor":6,"key":"Gambling Chip"}],"event_choices":[{"cards_removed":["Strike_G"],"damage_healed":0,"gold_gain":0,"player_choice":"Card Removal","damage_taken":7,"max_hp_gain":0,"max_hp_loss":0,"event_name":"Golden Wing","floor":2,"gold_loss":0},{"cards_removed":["Defend_G"],"damage_healed":0,"gold_gain":0,"player_choice":"Offered Basic","damage_taken":0,"max_hp_gain":0,"max_hp_loss":0,"event_name":"Bonfire Elementals","floor":3,"gold_loss":0}],"is_beta":false,"boss_relics":[],"items_purged_floors":[],"is_endless":false,"potions_floor_spawned":[1,5,6],"killed_by":"Lagavulin","ascension_level":3}}