{"host":"j49z5jz0n7e8vjox","time":1611157473,"event":{"mods":["AchievementEnabler","BaseMod","Bestiary","Colored Map","Colored Powertips","DeckTracker","Minty Spire (QoL Compilation)","Permanent Neow","UnlockEverythingMod"],"gold_per_floor":[112,128,128,147,147,173,185,185,238,248,263,263,22,22,22],"floor_reached":14,"language":"ENG","playtime":3684,"items_purged":["Strike_G"],"score":184,"play_id":"7d198139-1338-4b8a-ad42-5e01b03fec27","local_time":"20210120094433","is_ascension_mode":true,"campfire_choices":[{"floor":8,"key":"REST"},{"data":"Dash","floor":12,"key":"SMITH"}],"circlet_count":0,"master_deck":["AscendersBane","Strike_G","Strike_G","Strike_G","Strike_G","Defend_G","Defend_G","Defend_G+1","Defend_G","Defend_G","Survivor","Neutralize","Night Terror","Flying Knee","Dash+1","PiercingWail+1","Skewer","Riddle With Holes","Predator","Backflip"],"relics":["Ring of the Snake","Eternal Feather","Happy Flower","HandDrill"],"acts_visited":["Exordium"],"potions_floor_usage":[7,14],"damage_taken":[{"damage":1,"enemies":"Jaw Worm","floor":1,"turns":4},{"damage":7,"enemies":"Small Slimes","floor":2,"turns":4},{"damage":9,"enemies":"2 Louse","floor":4,"turns":2},{"damage":33,"enemies":"3 Sentries","floor":6,"turns":11},{"damage":2,"enemies":"Gremlin Gang","floor":7,"turns":6},{"damage":4,"enemies":"3 Louse","floor":10,"turns":4},{"damage":4,"enemies":"2 Fungi Beasts","floor":11,"turns":4},{"damage":34,"enemies":"Gremlin Nob","floor":14,"turns":4}],"seed_played":"-305345837027457799","potions_obtained":[{"floor":6,"key":"Fire Potion"},{"floor":7,"key":"GamblersBrew"},{"floor":10,"key":"Block Potion"}],"is_trial":false,"path_per_floor":["M","M","?","M","?","E","M","R","T","M","M","R","$","E"],"character_chosen":"THE_SILENT","items_purchased":["HandDrill"],"campfire_rested":1,"item_purchase_floors":[13],"current_hp_per_floor":[58,51,66,57,37,4,2,30,30,26,22,34,34,0,0],"gold":22,"neow_bonus":"ONE_RANDOM_RARE_CARD","is_daily":false,"chose_seed":false,"campfire_upgraded":1,"win_rate":0.0,"timestamp":1611157473,"path_taken":["M","M","?","M","?","E","M","R","T","M","?","R","$","E"],"items_purchased_type":["Relic"],"build_version":"2020-12-22","purchased_purges":1,"victory":false,"max_hp_per_floor":[66,66,66,66,66,66,66,66,66,66,66,66,66,66,66],"card_choices":[{"not_picked":["PiercingWail","Blur"],"picked":"Flying Knee","floor":1},{"not_picked":["Tactician","Outmaneuver"],"picked":"Dash","floor":2},{"not_picked":["Poisoned Stab","Cloak And Dagger"],"picked":"PiercingWail","floor":4},{"not_picked":["Distraction","Accuracy"],"picked":"Skewer","floor":6},{"not_picked":["Calculated Gamble","Unload"],"picked":"Riddle With Holes","floor":7},{"not_picked":["Sucker Punch","Deflect"],"picked":"Predator","floor":10},{"not_picked":["Outmaneuver","Underhanded Strike"],"picked":"Backflip","floor":11}],"player_experience":765115,"relics_obtained":[{"floor":6,"key":"Eternal Feather"},{"floor":9,"key":"Happy Flower"}],"event_choices":[{"damage_healed":22,"gold_gain":0,"player_choice":"Banana","damage_taken":0,"max_hp_gain":0,"max_hp_loss":0,"event_name":"Big Fish","floor":3,"gold_loss":0},{"damage_healed":0,"gold_gain":0,"player_choice":"Entered Light","damage_taken":20,"max_hp_gain":0,"max_hp_loss":0,"event_name":"Shining Light","floor":5,"gold_loss":0,"cards_upgraded":["PiercingWail","Defend_G"]}],"is_beta":false,"boss_relics":[],"items_purged_floors":[13],"is_endless":false,"potions_floor_spawned":[6,7,10,11],"killed_by":"Gremlin Nob","ascension_level":20}}