{"host":"4qt77pm52ljaz00q","time":1611145908,"event":{"mods":["2.2 Compatiblity","BaseMod","Colored Map","Downfall","Minty Spire (QoL Compilation)","Relic Sorter","StSLib","Unknown Chances"],"gold_per_floor":[99,117,129,142,155,155,203,203,3,33,49,49,64,83,97,193,193,93,109,48,63,75,75,75,75],"floor_reached":23,"language":"ENG","playtime":942,"items_purged":[],"score":207,"play_id":"41d79d15-f031-49f5-91a0-6225c4095596","local_time":"20210120073148","is_ascension_mode":true,"campfire_choices":[{"data":"bronze:Replicate","floor":1.0,"key":"SMITH"},{"floor":6,"key":"RECALL"},{"data":"bronze:WhirlingStrike","floor":9,"key":"SMITH"},{"floor":12,"key":"REST"},{"data":"bronze:InfiniteLoop","floor":18,"key":"SMITH"}],"circlet_count":0,"master_deck":["bronze:Strike","bronze:Strike","bronze:Strike","bronze:Strike","bronze:Defend","bronze:Defend","bronze:Defend","bronze:Defend","bronze:Replicate+1","bronze:Goto","bronze:Iterate+1","bronze:Fortify","bronze:WhirlingStrike+1","bronze:InfiniteBeams","bronze:WhirlingStrike","bronze:InfiniteLoop+1","bronze:WhirlingStrike","bronze:Repulsor+1","bronze:FineTuning"],"relics":["bronze:PlatinumCore","Unceasing Top","downfall:HeartBlessingRed","downfall:HeartBlessingBlue","Pen Nib","downfall:HeartBlessingGreen"],"acts_visited":["Exordium","TheCity"],"potions_floor_usage":[16,23],"damage_taken":[{"damage":1.0,"enemies":"Jaw Worm","floor":2.0,"turns":3.0},{"damage":6.0,"enemies":"Cultist","floor":3.0,"turns":3.0},{"damage":0.0,"enemies":"2 Louse","floor":4.0,"turns":3.0},{"damage":16.0,"enemies":"Large Slime","floor":5.0,"turns":5.0},{"damage":21,"enemies":"Lagavulin","floor":10,"turns":5},{"damage":9,"enemies":"Blue Slaver","floor":11,"turns":3},{"damage":1,"enemies":"Exordium Wildlife","floor":13,"turns":2},{"damage":12,"enemies":"Exordium Thugs","floor":14,"turns":4},{"damage":4,"enemies":"Gremlin Gang","floor":15,"turns":3},{"damage":17,"enemies":"SI_SHIV_ARCHETYPE","floor":16,"turns":6},{"damage":4,"enemies":"Chosen","floor":19,"turns":3},{"damage":4,"enemies":"downfall:FleeingMerchant","floor":20,"turns":4},{"damage":0,"enemies":"Spheric Guardian","floor":21,"turns":3},{"damage":20,"enemies":"Centurion and Healer","floor":22,"turns":6},{"damage":48,"enemies":"Slavers","floor":23,"turns":3}],"seed_played":"3326017776386788648","potions_obtained":[{"floor":3.0,"key":"SpeedPotion"},{"floor":5.0,"key":"hexamod:SoulburnPotion"},{"floor":10,"key":"Weak Potion"},{"floor":21,"key":"FearPotion"}],"is_trial":false,"path_per_floor":["R","M","M","M","M","R","T","?","R","E","M","R","M","M","M","B",null,"R","M","$","M","M","E"],"character_chosen":"THE_AUTOMATON","items_purchased":["bronze:WhirlingStrike"],"campfire_rested":1,"item_purchase_floors":[20],"current_hp_per_floor":[63,62,56,56,40,40,40,40,50,29,20,41,40,28,24,7,73,73,69,65,65,45,0,0,0],"gold":75,"neow_bonus":"ONE_RARE_RELIC","is_daily":false,"chose_seed":false,"campfire_upgraded":3,"win_rate":0.0,"timestamp":1611145908,"path_taken":["R","M","M","M","M","R","T","?","R","E","M","R","M","M","M","BOSS","R","M","$","?","M","E"],"items_purchased_type":["Card"],"build_version":"2020-12-22","purchased_purges":0,"victory":false,"max_hp_per_floor":[63,63,63,63,63,63,63,63,73,73,73,73,73,73,73,73,73,73,73,73,73,73,73,73,73],"card_choices":[{"not_picked":["bronze:WhirlingStrike","bronze:Separator"],"picked":"bronze:Iterate","floor":2.0},{"not_picked":["bronze:Deprecate","bronze:Overheat"],"picked":"bronze:Fortify","floor":3.0},{"not_picked":["bronze:Overheat","bronze:Backtrace","bronze:Constructor"],"picked":"SKIP","floor":4.0},{"not_picked":["bronze:Refactor","bronze:ClassDefault"],"picked":"bronze:WhirlingStrike","floor":5.0},{"not_picked":["bronze:Frontload","bronze:Refactor"],"picked":"bronze:InfiniteBeams","floor":10},{"not_picked":["bronze:BugBarrage","bronze:ForceShield","bronze:DelayedGuard"],"picked":"SKIP","floor":11},{"not_picked":["bronze:Frontload","bronze:Overload","bronze:DelayedGuard"],"picked":"SKIP","floor":13},{"not_picked":["bronze:DigitalCarnage","bronze:Allocate"],"picked":"bronze:WhirlingStrike","floor":14},{"not_picked":["bronze:Shield","bronze:MaxOutput","bronze:Refactor"],"picked":"SKIP","floor":15},{"not_picked":["bronze:BurnOut","bronze:FindAndReplace"],"picked":"bronze:InfiniteLoop","floor":16},{"not_picked":["bronze:DelayedGuard+1","bronze:OilSpill","bronze:NullPointer"],"picked":"SKIP","floor":19},{"not_picked":["bronze:BitShift","bronze:Overheat","bronze:Shield"],"picked":"SKIP","floor":20},{"not_picked":["bronze:CutThrough","bronze:BugBarrage"],"picked":"bronze:Repulsor+1","floor":21},{"not_picked":["bronze:BronzeArmor+1","bronze:ClassDefault+1"],"picked":"bronze:FineTuning","floor":22}],"player_experience":206480,"relics_obtained":[{"floor":10,"key":"Pen Nib"}],"event_choices":[],"is_beta":false,"boss_relics":[{"not_picked":["bronze:MakeshiftBattery","Pandora\u0027s Box"],"picked":"bronze:PlatinumCore"}],"items_purged_floors":[],"is_endless":false,"potions_floor_spawned":[3,5,10,21],"killed_by":"Slavers","ascension_level":1}}