{"host":"mydft8i2zzydgggw","time":1611154766,"event":{"mods":["AchievementEnabler","BaseMod","BetterRewards","Colored Map","Colored Powertips","DeckTracker","Keyboard Shortcuts","Minty Spire (QoL Compilation)","Rare Cards Sparkle","StSLib","SuperFastMode","everything is the same but u backflip on backflip"],"gold_per_floor":[118,78,93,103,115,149,149,180,180,198,213,213,213,278,278,278,278],"floor_reached":16,"language":"KOR","playtime":368,"items_purged":[],"score":157,"play_id":"2086547b-c5da-4977-9c34-87abf36d5897","local_time":"20210120235926","is_ascension_mode":true,"campfire_choices":[{"data":"Eruption","floor":7.0,"key":"SMITH"},{"data":"Vigilance","floor":12.0,"key":"SMITH"},{"floor":15,"key":"REST"}],"circlet_count":0,"master_deck":["Strike_P","Strike_P","Strike_P","Strike_P","Defend_P","Defend_P","Defend_P","Defend_P","Eruption+1","Vigilance+1","InnerPeace","BowlingBash","EmptyFist","DeceiveReality+1","Wallop","CutThroughFate"],"relics":["PureWater","Calipers","Toxic Egg 2","Pantograph","Shuriken","Eternal Feather"],"acts_visited":["Exordium"],"potions_floor_usage":[],"damage_taken":[{"damage":4.0,"enemies":"Jaw Worm","floor":1.0,"turns":5.0},{"damage":0.0,"enemies":"Cultist","floor":3.0,"turns":4.0},{"damage":0.0,"enemies":"Small Slimes","floor":4.0,"turns":2.0},{"damage":4.0,"enemies":"Looter","floor":5.0,"turns":3.0},{"damage":2.0,"enemies":"3 Sentries","floor":6.0,"turns":6.0},{"damage":16.0,"enemies":"Gremlin Nob","floor":8.0,"turns":3.0},{"damage":5.0,"enemies":"Large Slime","floor":10.0,"turns":4.0},{"damage":4.0,"enemies":"Blue Slaver","floor":11.0,"turns":3.0},{"damage":6.0,"enemies":"3 Sentries","floor":14.0,"turns":6.0},{"damage":86,"enemies":"Hexaghost","floor":16,"turns":8}],"seed_played":"7140312544430485232","potions_obtained":[{"floor":1.0,"key":"Ancient Potion"},{"floor":2.0,"key":"SpeedPotion"},{"floor":2.0,"key":"Ambrosia"},{"floor":5.0,"key":"SteroidPotion"},{"floor":8.0,"key":"PowerPotion"},{"floor":10.0,"key":"ColorlessPotion"}],"is_trial":false,"path_per_floor":["M","?","M","M","M","E","R","E","T","M","M","R","?","?","R","B"],"character_chosen":"WATCHER","items_purchased":[],"campfire_rested":1,"item_purchase_floors":[],"current_hp_per_floor":[68,68,68,68,64,62,62,46,46,41,37,37,34,28,60,0,0],"gold":278,"neow_bonus":"TEN_PERCENT_HP_BONUS","is_daily":false,"chose_seed":false,"campfire_upgraded":2,"win_rate":0.0,"timestamp":1611154766,"path_taken":["M","?","?","M","M","E","R","E","T","M","M","R","?","?","R","BOSS"],"items_purchased_type":[],"build_version":"2020-12-22","purchased_purges":0,"victory":false,"max_hp_per_floor":[79,79,79,79,79,79,79,79,79,79,79,79,79,79,79,79,79],"card_choices":[{"not_picked":["Prostrate","PathToVictory"],"picked":"InnerPeace","floor":1.0},{"not_picked":["ClearTheMind","DeceiveReality"],"picked":"BowlingBash","floor":3.0},{"not_picked":["Crescendo","Weave","Protect"],"picked":"SKIP","floor":4.0},{"not_picked":["Vengeance","CarveReality","ThirdEye"],"picked":"SKIP","floor":5.0},{"not_picked":["FlurryOfBlows","ThirdEye"],"picked":"EmptyFist","floor":6.0},{"not_picked":["FollowUp","Ragnarok"],"picked":"DeceiveReality+1","floor":8.0},{"not_picked":["Worship+1","BattleHymn"],"picked":"Wallop","floor":10.0},{"not_picked":["SignatureMove","ClearTheMind+1"],"picked":"CutThroughFate","floor":11.0}],"player_experience":186602,"relics_obtained":[{"floor":6.0,"key":"Calipers"},{"floor":8.0,"key":"Toxic Egg 2"},{"floor":9.0,"key":"Pantograph"},{"floor":14,"key":"Eternal Feather"}],"event_choices":[{"damage_healed":0.0,"max_hp_gain":0.0,"max_hp_loss":0.0,"gold_gain":0.0,"event_name":"The Woman in Blue","player_choice":"Bought 3 Potions","floor":2.0,"gold_loss":0.0,"damage_taken":0.0},{"damage_healed":0.0,"max_hp_gain":0.0,"max_hp_loss":0.0,"gold_gain":0.0,"event_name":"Scrap Ooze","player_choice":"Success","floor":13.0,"gold_loss":0.0,"damage_taken":3.0,"relics_obtained":["Shuriken"]},{"damage_healed":0.0,"max_hp_gain":0.0,"max_hp_loss":0.0,"gold_gain":0.0,"event_name":"Dead Adventurer","player_choice":"Searched \u00271\u0027 times","floor":14.0,"gold_loss":0.0,"damage_taken":0.0}],"is_beta":false,"boss_relics":[],"items_purged_floors":[],"is_endless":false,"potions_floor_spawned":[1,5,8,10],"killed_by":"Hexaghost","ascension_level":8}}