{"host":"pletss163z7s8pvv","time":1611110770,"event":{"mods":["AchievementEnabler","BaseMod","Better Altar","CapriCore","Colored Map","Colored Powertips","Conspire","Energized Spire","GifTheSpireLib","Hermit","Ironclad Rager","Minty Spire (QoL Compilation)","Spicy Shops","StS++","StSLib"],"gold_per_floor":[129,23,23,38,53,53,68,68,68,83,83,98,113,143,143,243,243,258,258,273,288,42,42,57,57,57],"floor_reached":25,"language":"ENG","playtime":1170,"items_purged":[],"score":224,"play_id":"e88f2296-3a89-45f5-951b-aa665d20f0e8","local_time":"20210119204610","daily_mods":["Shiny","Red Cards","DeadlyEvents"],"is_ascension_mode":false,"campfire_choices":[{"data":"hermit:EternalForm","floor":6,"key":"SMITH"},{"floor":11,"key":"REST"},{"floor":15,"key":"REST"},{"data":"hermit:Manifest","floor":23,"key":"SMITH"}],"circlet_count":0,"master_deck":["hermit:Purgatory+1","hermit:DeadOrAlive","hermit:Reprieve","hermit:FromBeyond+1","hermit:Roughhouse","hermit:Magnum","hermit:FatalDesire","hermit:HeroicBravado","hermit:HighNoon","hermit:Gambit","hermit:FinalCanter","hermit:EternalForm+1","hermit:Adapt","hermit:Dissolve","hermit:OverwhelmingPower","hermit:BlackWind+1","hermit:RoundhouseKick","hermit:Dive","hermit:Quickdraw","hermit:Combo","hermit:WideOpen","hermit:Horror","hermit:Headshot","hermit:SprayPray","hermit:Feint","hermit:CalledShot","hermit:Malice","hermit:Reprieve","hermit:Coalescence","hermit:NoHoldsBarred","hermit:Grudge","hermit:Manifest+1","Parasite","hermit:GhostlyPresence","hermit:TakeCover"],"relics":["hermit:ClaspedLocket","Ancient Tea Set","Nunchaku","Whetstone"],"acts_visited":["Exordium","TheCity"],"potions_floor_usage":[16,16],"damage_taken":[{"damage":11,"enemies":"Small Slimes","floor":1,"turns":4},{"damage":11,"enemies":"conspire:RoseBush","floor":4,"turns":3},{"damage":0,"enemies":"2 Louse","floor":5,"turns":2},{"damage":7,"enemies":"Looter","floor":7,"turns":2},{"damage":10,"enemies":"2 Fungi Beasts","floor":10,"turns":2},{"damage":2,"enemies":"Large Slime","floor":12,"turns":4},{"damage":8,"enemies":"Lots of Slimes","floor":13,"turns":4},{"damage":14,"enemies":"3 Louse","floor":14,"turns":3},{"damage":19,"enemies":"Hexaghost","floor":16,"turns":7},{"damage":12,"enemies":"Shell Parasite","floor":18,"turns":5},{"damage":10,"enemies":"conspire:FuzzyDice","floor":20,"turns":5},{"damage":1,"enemies":"conspire:HollyBat","floor":21,"turns":8},{"damage":17,"enemies":"Cultist and Chosen","floor":24,"turns":6},{"damage":55,"enemies":"conspire:MimicChest","floor":25,"turns":7}],"seed_played":"-1760728548950895142","potions_obtained":[{"floor":1,"key":"FearPotion"},{"floor":5,"key":"conspire:TimeTravelPotion"},{"floor":7,"key":"Energy Potion"},{"floor":18,"key":"hermit:BlackBile"},{"floor":24,"key":"SmokeBomb"}],"is_trial":false,"path_per_floor":["M","$","?","M","M","R","M","?","T","M","R","M","M","M","R","B",null,"M","?","M","M","$","R","M","?"],"character_chosen":"HERMIT","items_purchased":["hermit:Quickdraw","hermit:Combo","Nunchaku","Whetstone","hermit:GhostlyPresence"],"campfire_rested":2,"item_purchase_floors":[2,2,22,22,22],"current_hp_per_floor":[64,64,64,57,57,57,50,50,50,40,62,60,56,42,64,53,75,63,63,53,64,64,64,47,0,0],"gold":57,"neow_bonus":"","is_daily":true,"chose_seed":false,"campfire_upgraded":2,"win_rate":0.0,"timestamp":1611110770,"path_taken":["M","$","?","M","M","R","M","?","T","M","R","?","M","M","R","BOSS","M","?","M","M","$","R","M","?"],"items_purchased_type":["Card","Card","Relic","Relic","Card"],"build_version":"2020-12-22","purchased_purges":0,"victory":false,"max_hp_per_floor":[75,75,75,75,75,75,75,75,75,75,75,75,75,75,75,75,75,75,75,75,75,75,75,75,75,75],"card_choices":[{"not_picked":["hermit:Coalescence","hermit:LuckOfTheDraw"],"picked":"hermit:Dive","floor":1},{"not_picked":["hermit:PistolWhip","hermit:Dive"],"picked":"hermit:WideOpen","floor":4},{"not_picked":["hermit:Determination","hermit:Dive"],"picked":"hermit:Horror","floor":5},{"not_picked":["hermit:Dive","hermit:BodyArmor"],"picked":"hermit:Headshot","floor":7},{"not_picked":["hermit:ItchyTrigger","hermit:DeadMansHand"],"picked":"hermit:SprayPray","floor":10},{"not_picked":["hermit:SprayPray","hermit:Roughhouse"],"picked":"hermit:Feint","floor":12},{"not_picked":["hermit:Dive","hermit:Grudge"],"picked":"hermit:CalledShot","floor":13},{"not_picked":["hermit:Headshot","hermit:Misfire"],"picked":"hermit:Malice","floor":14},{"not_picked":["hermit:BlackWind","hermit:Purgatory"],"picked":"hermit:Reprieve","floor":16},{"not_picked":["hermit:Midnight","hermit:Vantage+1"],"picked":"hermit:Coalescence","floor":18},{"not_picked":["hermit:Dive","hermit:Scavenge+1"],"picked":"hermit:Grudge","floor":20},{"not_picked":["hermit:CalledShot","hermit:SprayPray"],"picked":"hermit:Manifest","floor":21},{"not_picked":["hermit:Reprieve","hermit:Coalescence"],"picked":"hermit:TakeCover","floor":24}],"player_experience":422510,"relics_obtained":[{"floor":9,"key":"Ancient Tea Set"}],"event_choices":[{"damage_healed":0,"gold_gain":0,"player_choice":"Disagree","damage_taken":0,"max_hp_gain":0,"max_hp_loss":0,"event_name":"conspire:LoneGhost","floor":3,"gold_loss":0},{"damage_healed":0,"gold_gain":0,"player_choice":"Grow","damage_taken":0,"max_hp_gain":0,"max_hp_loss":0,"event_name":"Living Wall","floor":8,"gold_loss":0,"cards_upgraded":["hermit:FromBeyond"]},{"damage_healed":0,"gold_gain":0,"player_choice":"Read","damage_taken":0,"max_hp_gain":0,"max_hp_loss":0,"event_name":"The Library","floor":19,"gold_loss":0,"cards_obtained":["hermit:NoHoldsBarred"]}],"is_beta":false,"boss_relics":[{"not_picked":["StSpp:CrystalBall","conspire:RunicOctahedron"],"picked":"hermit:ClaspedLocket"}],"items_purged_floors":[],"is_endless":false,"potions_floor_spawned":[1,5,7,12,18,24],"killed_by":"conspire:MimicChest","ascension_level":0}}