{"host":"foq4mrde4mssg7vt","time":1611138740,"event":{"mods":["AchievementEnabler","BaseMod","Colored Map","Colored Powertips","Highlight Path","Minty Spire (QoL Compilation)","Relic Stats","everything is the same but u backflip on backflip"],"gold_per_floor":[116,127,127,145,155,155,190,190,190,216,236,256,59,77,77,153,153,169,169,189,199,33,60,110,110,133,48,48,68,102,115,115,192,192,212,232,114,127,127,127,155,175,226,252,252,252,252,280,280,280,280,280,15,41,41,41],"floor_reached":55,"language":"ENG","playtime":4273,"items_purged":["Strike_B","Zap"],"score":1671,"play_id":"4911bf3a-0a8f-4665-82f4-49e7313e1ade","local_time":"20210120183220","is_ascension_mode":true,"campfire_choices":[{"data":"Streamline","floor":6.0,"key":"SMITH"},{"data":"Compile Driver","floor":8.0,"key":"SMITH"},{"data":"Seek","floor":15.0,"key":"SMITH"},{"data":"Ghostly","floor":25.0,"key":"SMITH"},{"data":"Ghostly","floor":28.0,"key":"SMITH"},{"data":"Ghostly","floor":32.0,"key":"SMITH"},{"data":"Seek","floor":40.0,"key":"SMITH"},{"floor":46.0,"key":"RECALL"},{"data":"Coolheaded","floor":49.0,"key":"SMITH"},{"data":"White Noise","floor":52.0,"key":"SMITH"}],"circlet_count":0,"master_deck":["AscendersBane","Strike_B+1","Strike_B+1","Defend_B","Defend_B","Defend_B","Defend_B","Dualcast","Streamline+1","FTL","Compile Driver+1","Cold Snap","Coolheaded+1","Auto Shields","Loop+1","Seek+1","Ball Lightning","Echo Form+1","Ghostly+1","Ghostly+1","Ghostly+1","Hologram","White Noise+1","Creative AI+1","Seek+1","Barrage","Hologram+1","Glacier"],"relics":["Cracked Core","Pocketwatch","Eternal Feather","Pantograph","Frozen Egg 2","Velvet Choker","Strange Spoon","Lantern","Juzu Bracelet","Art of War","Whetstone","Inserter","Boot","Centennial Puzzle","Bottled Lightning","OrangePellets","HornCleat"],"acts_visited":["Exordium","TheCity","TheBeyond","TheEnding"],"potions_floor_usage":[55],"damage_taken":[{"damage":0.0,"enemies":"Small Slimes","floor":1.0,"turns":3.0},{"damage":1.0,"enemies":"Cultist","floor":2.0,"turns":3.0},{"damage":2.0,"enemies":"Jaw Worm","floor":4.0,"turns":3.0},{"damage":11.0,"enemies":"Lots of Slimes","floor":5.0,"turns":4.0},{"damage":11.0,"enemies":"Gremlin Nob","floor":7.0,"turns":3.0},{"damage":14.0,"enemies":"3 Sentries","floor":10.0,"turns":6.0},{"damage":13.0,"enemies":"Exordium Wildlife","floor":11.0,"turns":4.0},{"damage":4.0,"enemies":"Looter","floor":12.0,"turns":3.0},{"damage":4.0,"enemies":"2 Fungi Beasts","floor":14.0,"turns":3.0},{"damage":13.0,"enemies":"Hexaghost","floor":16.0,"turns":8.0},{"damage":4.0,"enemies":"Chosen","floor":18.0,"turns":4.0},{"damage":7.0,"enemies":"3 Byrds","floor":20.0,"turns":3.0},{"damage":1.0,"enemies":"Snake Plant","floor":21.0,"turns":5.0},{"damage":3.0,"enemies":"Slavers","floor":23.0,"turns":7.0},{"damage":0.0,"enemies":"Centurion and Healer","floor":29.0,"turns":5.0},{"damage":3.0,"enemies":"Gremlin Leader","floor":30.0,"turns":9.0},{"damage":0.0,"enemies":"Sentry and Sphere","floor":31.0,"turns":7.0},{"damage":0.0,"enemies":"Champ","floor":33.0,"turns":26.0},{"damage":0.0,"enemies":"3 Shapes","floor":35.0,"turns":6.0},{"damage":21.0,"enemies":"Orb Walker","floor":36.0,"turns":6.0},{"damage":1.0,"enemies":"Transient","floor":38.0,"turns":6.0},{"damage":12.0,"enemies":"Giant Head","floor":41.0,"turns":10.0},{"damage":0.0,"enemies":"3 Darklings","floor":42.0,"turns":7.0},{"damage":1.0,"enemies":"Nemesis","floor":44.0,"turns":14.0},{"damage":8.0,"enemies":"Reptomancer","floor":48.0,"turns":10.0},{"damage":0.0,"enemies":"Donu and Deca","floor":50.0,"turns":18.0},{"damage":2.0,"enemies":"Shield and Spear","floor":54.0,"turns":15.0},{"damage":32,"enemies":"The Heart","floor":55,"turns":8}],"seed_played":"-7353485584240397318","potions_obtained":[{"floor":4.0,"key":"LiquidBronze"},{"floor":10.0,"key":"Strength Potion"},{"floor":11.0,"key":"FocusPotion"},{"floor":16.0,"key":"Weak Potion"},{"floor":20.0,"key":"EssenceOfDarkness"},{"floor":30.0,"key":"SpeedPotion"},{"floor":48.0,"key":"GamblersBrew"}],"is_trial":false,"path_per_floor":["M","M","?","M","M","R","E","R","T","E","M","M","$","M","R","B",null,"M","?","M","M","$","E","?","R","T","?","R","M","E","M","R","B",null,"M","M","$","M","?","R","E","M","T","E","?","R","?","E","R","B",null,"R","$","E","B"],"character_chosen":"DEFECT","items_purchased":["Loop+1","Seek","Strange Spoon","Glacier","OrangePellets"],"campfire_rested":0,"item_purchase_floors":[13,13,22,37,53],"current_hp_per_floor":[64,63,63,61,50,50,39,48,48,34,21,17,17,13,25,37,57,53,32,25,24,24,21,21,32,32,32,32,32,29,29,32,32,32,32,11,11,10,10,28,16,16,16,15,15,32,32,24,32,32,32,32,32,30,0,0],"gold":41,"neow_bonus":"ONE_RARE_RELIC","is_daily":false,"chose_seed":false,"campfire_upgraded":9,"win_rate":0.0,"timestamp":1611138740,"path_taken":["M","M","?","M","M","R","E","R","T","E","M","M","?","M","R","BOSS","M","?","M","M","$","E","?","R","T","?","R","M","E","M","R","BOSS","M","M","$","M","?","R","E","M","T","E","?","R","?","E","R","BOSS","R","$","E","BOSS"],"items_purchased_type":["Card","Card","Relic","Card","Relic"],"build_version":"2020-12-22","purchased_purges":2,"victory":false,"max_hp_per_floor":[64,64,64,64,64,64,64,64,64,64,64,64,64,64,64,64,64,64,32,32,32,32,32,32,32,32,32,32,32,32,32,32,32,32,32,32,32,32,32,32,32,32,32,32,32,32,32,32,32,32,32,32,32,32,32,32],"relic_stats":{"Inserter":[37],"counters":[28,206],"Eternal Feather":78,"Juzu Bracelet":1,"Whetstone":["Strike_B","Strike_B"],"Boot":[187],"Strange Spoon":[64],"OrangePellets":[1],"Centennial Puzzle":[9],"Pantograph":27,"Art of War":[56],"obtain_stats":[{"Lantern":23,"Inserter":34,"Velvet Choker":17,"Eternal Feather":7,"Juzu Bracelet":26,"Whetstone":30,"Frozen Egg 2":10,"Boot":41,"Strange Spoon":22,"OrangePellets":53,"Centennial Puzzle":44,"HornCleat":54,"Pantograph":9,"Art of War":27,"Bottled Lightning":48,"Cracked Core":0,"Pocketwatch":0},{"Lantern":14,"Inserter":18,"Velvet Choker":10,"Eternal Feather":5,"Juzu Bracelet":14,"Whetstone":16,"Frozen Egg 2":6,"Boot":22,"Strange Spoon":13,"OrangePellets":26,"Centennial Puzzle":24,"HornCleat":27,"Pantograph":5,"Art of War":14,"Bottled Lightning":25,"Cracked Core":0,"Pocketwatch":0},{"Lantern":59,"Inserter":106,"Velvet Choker":40,"Eternal Feather":16,"Juzu Bracelet":59,"Whetstone":73,"Frozen Egg 2":22,"Boot":134,"Strange Spoon":52,"OrangePellets":183,"Centennial Puzzle":155,"HornCleat":198,"Pantograph":16,"Art of War":59,"Bottled Lightning":165,"Cracked Core":0,"Pocketwatch":0}],"Pocketwatch":[219]},"card_choices":[{"not_picked":["Chill","Turbo"],"picked":"Streamline","floor":1.0},{"not_picked":["Aggregate","Go for the Eyes"],"picked":"FTL","floor":2.0},{"not_picked":["Go for the Eyes","Beam Cell","Fusion"],"picked":"SKIP","floor":4.0},{"not_picked":["Heatsinks","Sunder","Fusion"],"picked":"SKIP","floor":5.0},{"not_picked":["Core Surge","Rip and Tear"],"picked":"Cold Snap","floor":7.0},{"not_picked":["BootSequence","Turbo","All For One"],"picked":"SKIP","floor":10.0},{"not_picked":["Steam Power","Streamline"],"picked":"Coolheaded","floor":11.0},{"not_picked":["Redo","Double Energy"],"picked":"Auto Shields","floor":12.0},{"not_picked":["White Noise","Self Repair+1"],"picked":"Ball Lightning","floor":14.0},{"not_picked":["Hyperbeam","Creative AI+1"],"picked":"Echo Form+1","floor":16.0},{"not_picked":["Gash","Coolheaded","Beam Cell"],"picked":"SKIP","floor":18.0},{"not_picked":["Streamline","Recycle+1","Ball Lightning"],"picked":"SKIP","floor":20.0},{"not_picked":["Compile Driver","Tempest"],"picked":"Hologram","floor":21.0},{"not_picked":["Streamline","Thunder Strike"],"picked":"White Noise","floor":23.0},{"not_picked":["Beam Cell","Redo","Go for the Eyes"],"picked":"SKIP","floor":29.0},{"not_picked":["Conserve Battery","Reinforced Body"],"picked":"Creative AI+1","floor":30.0},{"not_picked":["Hologram","Redo","Gash"],"picked":"SKIP","floor":31.0},{"not_picked":["Thunder Strike","Meteor Strike"],"picked":"Seek","floor":33.0},{"not_picked":["Double Energy","Beam Cell"],"picked":"Barrage","floor":35.0},{"not_picked":["Compile Driver","Creative AI+1"],"picked":"Hologram+1","floor":36.0},{"not_picked":["Steam+1","Auto Shields","Turbo"],"picked":"SKIP","floor":38.0},{"not_picked":["Cold Snap+1","White Noise","Steam"],"picked":"SKIP","floor":41.0},{"not_picked":["Glacier","Barrage","Static Discharge+1"],"picked":"SKIP","floor":42.0},{"not_picked":["Storm+1","Conserve Battery","Rainbow"],"picked":"SKIP","floor":44.0},{"not_picked":["Darkness","Turbo","Cold Snap"],"picked":"SKIP","floor":48.0},{"not_picked":["Cold Snap","Stack","Go for the Eyes"],"picked":"SKIP","floor":54.0}],"player_experience":501416,"relics_obtained":[{"floor":7.0,"key":"Eternal Feather"},{"floor":9.0,"key":"Pantograph"},{"floor":10.0,"key":"Frozen Egg 2"},{"floor":23.0,"key":"Lantern"},{"floor":26.0,"key":"Juzu Bracelet"},{"floor":30.0,"key":"Whetstone"},{"floor":41.0,"key":"Boot"},{"floor":44.0,"key":"Centennial Puzzle"},{"floor":48.0,"key":"Bottled Lightning"},{"floor":54.0,"key":"HornCleat"}],"event_choices":[{"damage_healed":0.0,"max_hp_gain":0.0,"max_hp_loss":0.0,"gold_gain":0.0,"event_name":"Match and Keep!","player_choice":"1 cards matched","floor":3.0,"gold_loss":0.0,"damage_taken":0.0,"cards_obtained":["Compile Driver"]},{"damage_healed":0.0,"max_hp_gain":0.0,"max_hp_loss":32.0,"gold_gain":0.0,"event_name":"Ghosts","player_choice":"Became a Ghost","floor":19.0,"gold_loss":0.0,"damage_taken":0.0,"cards_obtained":["Ghostly","Ghostly","Ghostly"]},{"damage_healed":0.0,"max_hp_gain":0.0,"max_hp_loss":0.0,"gold_gain":50.0,"event_name":"Golden Shrine","player_choice":"Pray","floor":24.0,"gold_loss":0.0,"damage_taken":0.0},{"damage_healed":0.0,"max_hp_gain":0.0,"max_hp_loss":0.0,"gold_gain":0.0,"event_name":"Addict","player_choice":"Obtained Relic","floor":27.0,"gold_loss":85.0,"damage_taken":0.0,"relics_obtained":["Art of War"]},{"damage_healed":0.0,"max_hp_gain":0.0,"max_hp_loss":0.0,"gold_gain":0.0,"event_name":"SensoryStone","player_choice":"Memory 1","floor":39.0,"gold_loss":0.0,"damage_taken":0.0},{"damage_healed":0.0,"max_hp_gain":0.0,"max_hp_loss":0.0,"gold_gain":0.0,"event_name":"Tomb of Lord Red Mask","player_choice":"Ignored","floor":45.0,"gold_loss":0.0,"damage_taken":0.0},{"cards_removed":["Strike_B"],"damage_healed":0.0,"max_hp_gain":0.0,"max_hp_loss":0.0,"gold_gain":0.0,"event_name":"Falling","player_choice":"Removed Attack","floor":47.0,"gold_loss":0.0,"damage_taken":0.0}],"is_beta":false,"boss_relics":[{"not_picked":["Ectoplasm","Busted Crown"],"picked":"Velvet Choker"},{"not_picked":["Runic Pyramid","Empty Cage"],"picked":"Inserter"}],"items_purged_floors":[37,53],"is_endless":false,"potions_floor_spawned":[4,10,11,12,14,16,20,30,31,41,44,48],"killed_by":"The Heart","ascension_level":19}}