{"host":"yii5it3292r9xs7s","time":1611147791,"event":{"mods":["ATMod(阿瑾Mod)","Act Like it!","BaseMod","Colored Powertips","Downfall","Energized Spire","Minty Spire (QoL Compilation)","Pale of the Ancients","RumiaBox-露米娅的神秘盒子","StSLib","Waifu the Spire","noobMod","vexMod","【功能Mod】混沌之环修复补丁","【遗物卡牌】REMEMod","篝火指南"],"gold_per_floor":[99,110,123,123,135,146,173,73,99,115,115,115,115,131,147,242,242,242,260,260,277,377,377,377,408,428,428,428,528,56,73,93,193,193,193,209,226,226,326,357,384,384,384,384,384],"floor_reached":43,"language":"ZHS","playtime":2438,"items_purged":[],"score":478,"play_id":"28e3dc91-9ab2-4aef-bec3-2c7542993a22","local_time":"20210120210311","is_ascension_mode":false,"campfire_choices":[{"floor":1,"key":"RECALL"},{"data":"AT_FamilyPortrait","floor":8,"key":"SMITH"},{"data":"Guardian:SpikerProtocol","floor":11,"key":"SMITH"},{"data":"sneckomod:MorePower","floor":13,"key":"SMITH"},{"data":"Guardian:ConstructionForm","floor":18,"key":"SMITH"},{"data":"Guardian:PolyBeam","floor":23,"key":"SMITH"},{"data":"Guardian:GemFire","floor":35,"key":"SMITH"},{"data":"Guardian:AncientConstruct","floor":42,"key":"SMITH"}],"circlet_count":0,"master_deck":["Guardian:Strike_Guardian","Guardian:Strike_Guardian+1","Guardian:Strike_Guardian","Guardian:Strike_Guardian","Guardian:Defend_Guardian+1","Guardian:Defend_Guardian","Guardian:Defend_Guardian","Guardian:Defend_Guardian","Guardian:CurlUp","Guardian:TwinSlam","AT_FamilyPortrait+1","sneckomod:MorePower+1","Guardian:Incinerate","sneckomod:UnknownRareAttack+1","Guardian:Suspension","Guardian:SpikerProtocol+1","sneckomod:UnknownClassBLUE+1","Guardian:PrimingBeam","sneckomod:UnknownBoss+1","sneckomod:UnknownUncommonAttack+1","Guardian:TimeBomb","Guardian:GemFire+1","sneckomod:UnknownClassGUARDIAN+1","Guardian:PrismaticBeam+1","Guardian:ShieldCharger+1","Guardian:ConstructionForm+1","Guardian:BodySlam+1","Guardian:WalkerClaw+1","Guardian:PolyBeam+1","Guardian:GemFinder","Guardian:CrystalBeam","Guardian:AncientConstruct+1","Guardian:PrismaticBarrier+1","downfall:Aged"],"relics":["Guardian:ModeShifter","AT_ATBox","ice","REME_ComplimentaryCards","AT_RedTearstoneRing","downfall:HeartBlessingRed","Blood Vial","energizedSpire:RedRose","MutagenicStrength","MoreBug","AT_EbonyIvory","AT_RabadonDeathcap","Whetstone","energizedSpire:SpiderWeb","Guardian:StasisEgg","White Beast Statue","War Paint","ZombieArmy"],"acts_visited":["Exordium","TheCity","TheBeyond"],"potions_floor_usage":[16,39],"damage_taken":[{"damage":5,"enemies":"Cultist","floor":2,"turns":4},{"damage":6,"enemies":"2 Louse","floor":3,"turns":2},{"damage":0,"enemies":"Small Slimes","floor":5,"turns":2},{"damage":0,"enemies":"3 Louse","floor":6,"turns":3},{"damage":35,"enemies":"Gremlin Nob","floor":9,"turns":5},{"damage":16,"enemies":"Gremlin Gang","floor":10,"turns":6},{"damage":11,"enemies":"Exordium Wildlife","floor":14,"turns":4},{"damage":0,"enemies":"2 Fungi Beasts","floor":15,"turns":2},{"damage":21,"enemies":"WA_ARCHETYPE_RETAIN","floor":16,"turns":7},{"damage":23,"enemies":"Shell Parasite","floor":19,"turns":8},{"damage":17,"enemies":"Centurion and Healer","floor":21,"turns":3},{"damage":16,"enemies":"downfall:Augmenter","floor":22,"turns":8},{"damage":16,"enemies":"Book of Stabbing","floor":25,"turns":4},{"damage":0,"enemies":"Snake Plant","floor":26,"turns":1},{"damage":10,"enemies":"Sentry and Sphere","floor":31,"turns":5},{"damage":18,"enemies":"Centurion and Healer","floor":32,"turns":3},{"damage":22,"enemies":"DF_ARCHETYPE_CLAW","floor":33,"turns":4},{"damage":22,"enemies":"Orb Walker","floor":36,"turns":3},{"damage":24,"enemies":"3 Darklings","floor":37,"turns":3},{"damage":30,"enemies":"downfall:LadyInBlue","floor":39,"turns":9},{"damage":50,"enemies":"Nemesis","floor":40,"turns":5}],"seed_played":"9078142091468790244","potions_obtained":[{"floor":2,"key":"LiquidMemories"},{"floor":6,"key":"Fire Potion"},{"floor":9,"key":"Guardian:BlockOnCardUsePotion"},{"floor":25,"key":"BlessingOfTheForge"},{"floor":39,"key":"champ:CounterPotion"}],"is_trial":false,"path_per_floor":["R","M","M","?","M","M","T","R","E","M","R","?","R","M","M","B",null,"R","M","?","M","?","R","T","E","M","?","?","?","R","M","M","B",null,"R","M","M","?","?","E","T","R","E"],"character_chosen":"GUARDIAN","items_purchased":["AT_RabadonDeathcap","Guardian:Gem_Red","Whetstone"],"campfire_rested":0,"item_purchase_floors":[30,30,30],"current_hp_per_floor":[88,83,77,77,77,77,77,77,42,28,28,28,28,19,21,6,88,88,65,65,50,36,36,36,22,24,53,61,61,61,54,38,18,88,88,69,47,47,42,4,4,4,0,0,0],"gold":384,"neow_bonus":"TEN_PERCENT_HP_BONUS","is_daily":false,"chose_seed":false,"campfire_upgraded":7,"win_rate":0.0,"timestamp":1611147791,"path_taken":["R","M","M","?","M","M","T","R","E","M","R","?","R","M","M","BOSS","R","M","?","M","?","R","T","E","M","?","?","?","R","M","M","BOSS","R","M","M","?","?","E","T","R","E"],"items_purchased_type":["Relic","Card","Relic"],"build_version":"2020-12-22","purchased_purges":0,"victory":false,"max_hp_per_floor":[88,88,88,88,88,88,88,88,88,88,88,88,88,88,88,88,88,88,88,88,88,88,88,88,88,88,88,88,88,88,88,88,88,88,88,88,88,88,92,92,92,92,92,92,92],"card_choices":[{"not_picked":["sneckomod:Unknown1Cost+1","sneckomod:UnknownClassPURPLE+1"],"picked":"sneckomod:UnknownStrength+1","floor":2},{"not_picked":["Guardian:TemporalStrike","Guardian:Recover"],"picked":"Guardian:Incinerate","floor":2},{"not_picked":["sneckomod:Unknown1Cost+1","sneckomod:Unknown0Cost+1"],"picked":"sneckomod:UnknownRareAttack+1","floor":3},{"not_picked":["Guardian:Clone","Guardian:TemporalStrike"],"picked":"Guardian:Suspension","floor":3},{"not_picked":["sneckomod:Unknown+1","sneckomod:UnknownClassTHE_CHAMP_GRAY+1"],"picked":"sneckomod:UnknownClassPALE_SHOWMAN_PURPLE_COLOR+1","floor":5},{"not_picked":["Guardian:Harden","Guardian:Gem_Fragmented"],"picked":"Guardian:SpikerProtocol","floor":5},{"not_picked":["sneckomod:Unknown1Cost+1","sneckomod:UnknownCommonSkill+1"],"picked":"sneckomod:UnknownClassBLUE+1","floor":6},{"not_picked":["Guardian:Clone","Guardian:TemporalStrike"],"picked":"Guardian:PrimingBeam","floor":6},{"not_picked":["sneckomod:UnknownRareAttack+1","sneckomod:UnknownClassHEXA_GHOST_PURPLE+1"],"picked":"sneckomod:UnknownBoss+1","floor":9},{"not_picked":["Guardian:Gem_Lightblue","Guardian:BronzeArmor"],"picked":"Guardian:Gem_Cyan","floor":9},{"not_picked":["sneckomod:UnknownX+1","sneckomod:UnknownCommonSkill+1"],"picked":"sneckomod:UnknownUncommonAttack+1","floor":10},{"not_picked":["Guardian:Incinerate","Guardian:GuardianWhirl"],"picked":"Guardian:TimeBomb","floor":10},{"not_picked":["sneckomod:UnknownUncommonAttack+1","sneckomod:UnknownUncommonSkill+1"],"picked":"sneckomod:UnknownClassGUARDIAN+1","floor":14},{"not_picked":["Guardian:PiercingHide","Guardian:Planning"],"picked":"Guardian:PrismaticBeam","floor":14},{"not_picked":["sneckomod:UnknownBlock+1","sneckomod:UnknownClassPURPLE+1"],"picked":"sneckomod:UnknownUncommonSkill+1","floor":15},{"not_picked":["Guardian:Clone","Guardian:BodySlam"],"picked":"Guardian:ShieldCharger","floor":15},{"not_picked":["sneckomod:UnknownClassSLIMEBOUND+1","sneckomod:UnknownRareAttack+1"],"picked":"sneckomod:UnknownUncommonPower+1","floor":16},{"not_picked":["Guardian:TimeSifter","Guardian:HyperBeam_Guardian"],"picked":"Guardian:ConstructionForm","floor":16},{"not_picked":["Guardian:TimeCapacitor","Guardian:Recover"],"picked":"Guardian:BodySlam+1","floor":19},{"not_picked":["sneckomod:UnknownStrike+1","sneckomod:Unknown+1","sneckomod:UnknownClassGUARDIAN+1"],"picked":"SKIP","floor":19},{"not_picked":["Guardian:Gem_Cyan","Guardian:PrimingBeam+1"],"picked":"Guardian:WalkerClaw+1","floor":21},{"not_picked":["Guardian:Gem_Green","Guardian:TimeCapacitor"],"picked":"Guardian:Gem_Red","floor":22},{"not_picked":["Guardian:Reroute","Guardian:Gem_Green"],"picked":"Guardian:GemFinder","floor":25},{"not_picked":["Guardian:RollAttack+1","Guardian:BodySlam"],"picked":"Guardian:CrystalBeam","floor":26},{"not_picked":["Guardian:Gem_Lightblue","Guardian:Gem_Cyan"],"picked":"Guardian:Gem_Green","floor":31},{"not_picked":["Guardian:Gem_Green","Guardian:TemporalStrike"],"picked":"Guardian:Gem_White","floor":31},{"not_picked":["Guardian:Emergency+1","Guardian:BodySlam"],"picked":"Guardian:Gem_Blue","floor":32},{"not_picked":["Guardian:Gem_Lightblue","Guardian:Gem_Cyan"],"picked":"Guardian:Gem_Red","floor":33},{"not_picked":["Guardian:GatlingBeam","Guardian:GemFire"],"picked":"Guardian:AncientConstruct","floor":33},{"not_picked":["Guardian:VentSteam","Guardian:BronzeOrb"],"picked":"Guardian:PrismaticBarrier+1","floor":36},{"not_picked":["Guardian:Gem_Cyan","Guardian:Gem_Green"],"picked":"Guardian:Gem_Red","floor":37},{"not_picked":["Guardian:FuturePlans","Guardian:Recover+1"],"picked":"Guardian:Gem_Purple","floor":37},{"not_picked":["Guardian:CrystalBeam","Guardian:Gem_Green"],"picked":"Guardian:Gem_Fragmented","floor":39},{"not_picked":["Guardian:ShieldCharger+1","Guardian:CompilePackage","Guardian:ChargeCore+1"],"picked":"Guardian:Gem_Synthetic","floor":40}],"player_experience":25143,"relics_obtained":[{"floor":7,"key":"AT_RedTearstoneRing"},{"floor":9,"key":"Blood Vial"},{"floor":22,"key":"MutagenicStrength"},{"floor":24,"key":"MoreBug"},{"floor":25,"key":"AT_EbonyIvory"},{"floor":39,"key":"White Beast Statue"},{"floor":40,"key":"War Paint"},{"floor":41,"key":"ZombieArmy"}],"event_choices":[{"damage_healed":0,"gold_gain":0,"player_choice":"Fled","damage_taken":0,"max_hp_gain":0,"max_hp_loss":0,"event_name":"Scrap Ooze","floor":4,"gold_loss":0},{"damage_healed":29,"gold_gain":0,"player_choice":"Heal","damage_taken":0,"max_hp_gain":0,"max_hp_loss":0,"event_name":"The Library","floor":27,"gold_loss":0}],"is_beta":false,"boss_relics":[{"not_picked":["AT_TrinityForce","Busted Crown"],"picked":"energizedSpire:RedRose"},{"not_picked":["Fusion Hammer","vexMod:ImprovementManual"],"picked":"energizedSpire:SpiderWeb"}],"items_purged_floors":[],"is_endless":false,"potions_floor_spawned":[2,6,9,10,15,25,32,33,40],"killed_by":"Giant Head","ascension_level":0}}