{"host":"465m78bh87h7wxsp","time":1611139344,"event":{"mods":["ATMod(阿瑾Mod)","Act Like it!","Alarm Clock","Aspiration","BaseMod","Better Debug","CapriCore","Decade(王小明)","Gensokyo","GungeonMod","Hallownest","Hermit","HololiveMod","Infinite Spire","Jorbs\u0027s Wanderer Trilogy","KinomotoSakuraMod(木之本樱)","Koishi","KomeijiMod","Lobotomy","LobotomyExtend","Marisa（F雨　魔理沙）","Minty Spire (QoL Compilation)","MostiFishMod","Red Circlet Mod","Reimu（博丽灵梦）","Replay The Spire","RumiaBox-露米娅的神秘盒子","Ryuuou龙王","SOS（斯巴达之子）","Shop Mod","Spicy Shops","StSLib","TestMod","The Administrix","The Animator","The Bug Knight","The Cursed","The Hierophant","The Immortal","The Senshi","The Servant 0.9.4","Uncapped","Waifu the Spire","WarShipGirlsR/战舰少女R mod","Yakumo Yukari mod","Youmu（魂魄妖梦）","Yuyuko","[IsaacMod]以撒尖塔","noobMod","vexMod","【功能Mod】混沌之环修复补丁","【功能Mod】聪明的最终Boss","【遗物卡牌】REMEMod"],"gold_per_floor":[117,117,127,3,3,3,3,15,27,57,126,138,162,209,221,328,340,373,385,409,428,440,482,494,506,545,557,584,596,649,708,720,827,839,866,493,543,543,560,592,592,599,654,654,159,159,159,212,212,2212,2212,2212,2212,1697,3724,3726],"floor_reached":57,"language":"ZHS","playtime":1368,"items_purged":["Doubt","AddBullet","Decay"],"score":2063,"play_id":"c14c40ec-ecb9-4c8d-93cf-e859e8cfbd32","local_time":"20210120184224","is_ascension_mode":true,"campfire_choices":[{"floor":8,"key":"RECALL"}],"circlet_count":0,"master_deck":["InformationCode","ControlCode","TrainingCode","AT_EmpoweredMortalDraw+1","Lantern+1","Reverberation+1","FeatherOfHonor+1","BearPaw+1","TT2Protocol","OSAHOGD","Pinks+1","ScreamingWedge+1","ReplayTheSpireMod:Chaos Vortex+1","Laetitia","FeatherOfHonor+1","SummonCall","ParadiseLost+1","FrostShard+1","Twilight+1","Twilight+1","testmod-SubstituteBySubterfuge+1","Dramatic Entrance+1","Trip+1","Ryuuou:NotRegret","DisciplinaryCode","GoldRush","CENSORED_ego","CENSORED_ego","GoldRush","Adoration","SoundOfStar","SoundOfStar","SoundOfStar","DaCapo","CENSORED_ego","SoundOfStar","ParadiseLost","GoldRush","ParadiseLost","Adoration"],"relics":["CogitoBucket","DaveBox","ice","HushsDoor","testmod-TestBox","AT_ATBox","REME_ComplimentaryCards","testmod-Nyarlathotep","SteamSale","BirthdayGift-Icosahedron","aspiration:Nostalgia","Koishi:ImaginaryFriend","SynthV:TestCard","LetterFromLob","Replay:Baseball","DianDianMeat","MawBank","Ring of Panic","Bag of Marbles","SalivaCoin","PatriotShield","InspiredRelic","LaetitiaHeart","MoneyPower","Vajra","TheBible","Amita_r","DemoMod:GlassGuonStoneRelic","AT_RabadonDeathcap","SSSystem","NitorisBag","PrismaticShard","infinitespire:Lucky Rock","testmod-ThousandKnives","aspiration:ChemicalBlood","Mastiff:ReiMu","Frozen Eye","Blood Vial","Replay:Bottled Steam","Toy Ornithopter","Toolbox","BookOfRevelations","Lantern","Boot","SumBook","Chaos","DemoMod:ClearGuonStone","BrkXgEgg","infinitespire:PuzzleCube","Anchor"],"acts_visited":["Gensokyo:Gensokyo","Gensokyo:Gensokyoer","TheBeyond","TheEnding"],"potions_floor_usage":[],"damage_taken":[{"damage":0,"enemies":"Gensokyo:Gryphon","floor":1,"turns":1},{"damage":0,"enemies":"Gensokyo:2_Kodama","floor":3,"turns":1},{"damage":0,"enemies":"Gensokyo:3_Fairies","floor":10,"turns":2},{"damage":0,"enemies":"Gensokyo:2_Rabbits","floor":13,"turns":1},{"damage":0,"enemies":"Gensokyo:Mamizou","floor":14,"turns":1},{"damage":0,"enemies":"Gensokyo:Reimu","floor":16,"turns":2},{"damage":10,"enemies":"Gensokyo:2_Gloops","floor":18,"turns":1},{"damage":0,"enemies":"Gensokyo:AngelMirror","floor":20,"turns":1},{"damage":0,"enemies":"Gensokyo:Koishi","floor":23,"turns":1},{"damage":0,"enemies":"Gensokyo:3_Gloops","floor":28,"turns":1},{"damage":24,"enemies":"Gensokyo:Mirror_and_Dog","floor":30,"turns":1},{"damage":28,"enemies":"Gensokyo:Slime_Group","floor":31,"turns":2},{"damage":0,"enemies":"Gensokyo:Kaguya","floor":33,"turns":2},{"damage":0,"enemies":"3 Darklings","floor":35,"turns":1},{"damage":0,"enemies":"Mind Bloom Boss Battle","floor":37,"turns":1},{"damage":0,"enemies":"Orb Walker","floor":39,"turns":1},{"damage":1,"enemies":"Reptomancer","floor":40,"turns":1},{"damage":0,"enemies":"Awakened One","floor":50,"turns":2},{"damage":0,"enemies":"Shield and Spear","floor":55,"turns":1},{"damage":0,"enemies":"The Heart","floor":56,"turns":3}],"seed_played":"9095703590928550234","potions_obtained":[{"floor":3,"key":"PowerPotion"},{"floor":16,"key":"UndeadPotion"},{"floor":20,"key":"Block Potion"}],"is_trial":false,"path_per_floor":["M","?","M","COS","?","R","?","R","T","M","?","?","M","E","R","B",null,"M","M","M","?","T","E","?","R","T","R","M","R","M","M","R","B",null,"M","$","?","?","M","E","?","?","T","R","$","R","?","T","R","B",null,null,"R","$","E","B",null],"character_chosen":"Angela","items_purchased":["SSSystem","NitorisBag","PrismaticShard","infinitespire:Lucky Rock","Frozen Eye","Blood Vial","Replay:Bottled Steam","Toy Ornithopter","Toolbox","BookOfRevelations","Boot","SumBook","Chaos","DemoMod:ClearGuonStone","BrkXgEgg","infinitespire:PuzzleCube"],"campfire_rested":0,"item_purchase_floors":[36,36,36,36,45,45,45,45,45,45,54,54,54,54,54,54],"current_hp_per_floor":[70,55,56,56,42,42,43,43,43,46,31,34,35,40,45,59,93,84,93,101,84,84,118,133,133,133,146,176,176,169,177,177,217,289,311,311,312,334,335,335,358,423,423,423,423,423,466,466,466,467,467,472,500,1040,1041,1045],"gold":3726,"neow_bonus":"NOSTALGIA","is_daily":false,"chose_seed":false,"campfire_upgraded":0,"win_rate":0.0,"timestamp":1611139344,"path_taken":["M","?","M","COS","?","R","?","R","T","M","?","?","M","E","R","BOSS","M","M","M","?","?","E","?","R","T","R","?","R","M","M","R","BOSS","M","$","?","?","?","E","?","?","T","R","$","R","?","?","R","BOSS","R","$","E","BOSS"],"items_purchased_type":["Relic","Relic","Relic","Relic","Relic","Relic","Relic","Relic","Relic","Relic","Relic","Relic","Card","Relic","Relic","Relic"],"build_version":"2020-12-22","purchased_purges":3,"victory":true,"max_hp_per_floor":[70,70,70,70,70,70,71,71,71,73,73,76,76,80,85,98,93,93,93,101,110,110,143,143,143,143,156,185,185,201,239,239,289,289,316,316,317,339,340,341,364,439,439,439,439,439,466,466,466,472,472,472,500,1040,1042,1062],"card_choices":[{"not_picked":["Regret_ego"],"picked":"Lantern","floor":1},{"not_picked":["WristCuter","Wingbeat","TodaysExpression"],"picked":"Reverberation","floor":3},{"not_picked":["WristCuter","CherryBlossom","RapturousDream"],"picked":"FeatherOfHonor","floor":10},{"not_picked":["SolemnVow","Wingbeat","SomewhereSpear","Amita"],"picked":"SKIP","floor":13},{"not_picked":["CUTE","Beak","Horn"],"picked":"BearPaw","floor":14},{"not_picked":["DespairKnight","VoidDream"],"picked":"OSAHOGD","floor":16},{"not_picked":["Mimicry","CENSORED_ego","GoldRush"],"picked":"Pinks","floor":16},{"not_picked":["Beak","RedEyes","WristCuter","SolemnVow"],"picked":"SKIP","floor":18},{"not_picked":["Loneliness","CUTE","Lantern"],"picked":"ScreamingWedge","floor":20},{"not_picked":["infinitespire:TheBestDefense","Replay:Fractal Strike"],"picked":"ReplayTheSpireMod:Chaos Vortex","floor":21},{"not_picked":["Murderer","VoidDream"],"picked":"Laetitia","floor":23},{"not_picked":["RedEyes","Loneliness","ShedSkin"],"picked":"FeatherOfHonor","floor":23},{"not_picked":["Laetitia_ego","CherryBlossom","WristCuter"],"picked":"ParadiseLost","floor":28},{"not_picked":["WristCuter+1","Lantern","CUTE","FourthMatchFlame"],"picked":"SKIP","floor":30},{"not_picked":["Beak+1","Wingbeat+1","MagicBullet"],"picked":"FrostShard+1","floor":31},{"not_picked":["GoldRush","Justitia","Pinks"],"picked":"Twilight","floor":33},{"not_picked":["TheSmile","Discord+1","RapturousDream","Heaven+1"],"picked":"SKIP","floor":35},{"not_picked":["Starlight","AT_DrawKnifeCut","Spin","AdministrixMod:GuanyinBlessing"],"picked":"SKIP","floor":39},{"not_picked":["D_absorption_purple","theSenshi:Sidestep","SurpressingFire","MusuNoYume+1"],"picked":"SKIP","floor":40},{"not_picked":[],"picked":"Twilight","floor":41},{"not_picked":["Panacea","testmod-Illusory","MostiFishMod:Galeforce"],"picked":"testmod-SubstituteBySubterfuge","floor":42},{"not_picked":["testmod-Provocation","Impatience","testmod-ComboMaster"],"picked":"Dramatic Entrance","floor":42},{"not_picked":["Bandage Up","testmod-PocketStoneCalender","testmod-Librarian"],"picked":"Trip","floor":42},{"not_picked":["Halt+1","DemonsDinnerFork_Remiria","HollowMod:DashSlash","Hololive_CallHoushouMarine+1"],"picked":"SKIP","floor":55}],"player_experience":35742,"relics_obtained":[{"floor":1,"key":"SynthV:TestCard"},{"floor":1,"key":"LetterFromLob"},{"floor":12,"key":"Ring of Panic"},{"floor":14,"key":"Bag of Marbles"},{"floor":22,"key":"MoneyPower"},{"floor":23,"key":"Vajra"},{"floor":26,"key":"TheBible"},{"floor":37,"key":"testmod-ThousandKnives"},{"floor":40,"key":"aspiration:ChemicalBlood"},{"floor":43,"key":"Mastiff:ReiMu"},{"floor":48,"key":"Lantern"},{"floor":55,"key":"Anchor"}],"event_choices":[{"damage_healed":0,"gold_gain":0,"player_choice":"Fight","damage_taken":0,"max_hp_gain":0,"max_hp_loss":0,"event_name":"MindBloom","floor":37,"gold_loss":0},{"damage_healed":0,"gold_gain":0,"player_choice":"Cursed","damage_taken":0,"max_hp_gain":0,"max_hp_loss":0,"event_name":"Wheel of Change","floor":38,"gold_loss":0,"cards_obtained":["Decay"]},{"damage_healed":0,"gold_gain":0,"player_choice":"Memory 3","damage_taken":10,"max_hp_gain":0,"max_hp_loss":0,"event_name":"SensoryStone","floor":42,"gold_loss":0}],"is_beta":false,"boss_relics":[{"not_picked":["testmod-PortableAltar","testmod-IncinerationGenerator"],"picked":"PatriotShield"},{"not_picked":[]},{"not_picked":["aspiration:RitualDagger","infinitespire:Cupcake","vexMod:DeviousBotling"]}],"items_purged_floors":[17,36,54],"is_endless":false,"potions_floor_spawned":[3,16,20,23,31,35,39,40],"ascension_level":1}}