{"host":"nxma0dbhh74lxenq","time":1611158535,"event":{"mods":["Astrologer","BaseMod","Beaked The Cultist","CapriCore","Colored Map","DeckTracker","Gremlin Mod","HololiveMod","KinomotoSakuraMod(ñÿîVñ{?)","Koishi","Mad Scientist","Minty Spire (QoL Compilation)","Prisma Mod","StSLib","SuperFastMode","The Bladedancer","The Cursed","The Immortal","The Mystic","YoumuÅiç∞ÈÆódöÎÅj"],"gold_per_floor":[219,219,232,252,271,271,271,271,294,294,322,16,16,36,36,155,155,171,184,184,184],"floor_reached":20,"language":"JPN","playtime":606,"items_purged":["Koishi:BasicStrike"],"score":278,"play_id":"51bb5c29-225a-4470-92d4-a96695473657","local_time":"20210121010215","is_ascension_mode":true,"campfire_choices":[{"data":"Koishi:HauntingSlash","floor":6,"key":"SMITH"},{"data":"Koishi:Provoke","floor":8,"key":"SMITH"},{"floor":10,"key":"REST"},{"floor":15,"key":"REST"}],"circlet_count":0,"master_deck":["AscendersBane","Koishi:BasicStrike","Koishi:BasicStrike","Koishi:BasicStrike","Koishi:BasicDefend","Koishi:BasicDefend","Koishi:BasicDefend","Koishi:BasicDefend","Koishi:Provoke+1","Koishi:HauntingSlash+1","Koishi:YoukaiPolygraph","Koishi:ParalyzingFear","Koishi:RacingHeart","Koishi:DanmakuParanoia","Koishi:StingingMind","Koishi:LastRemote","Koishi:CatchAndRose","Koishi:TremblingHands","Koishi:UnseenTerror","Koishi:TerrifyingSpectre","Koishi:JumpScare","Koishi:DNAsFlaw+1"],"relics":["Koishi:ImaginaryFriend","NlothsMask","Lantern","beaked:ShinyBauble","Dream Catcher","Golden Idol"],"acts_visited":["Exordium","TheCity"],"potions_floor_usage":[20],"damage_taken":[{"damage":5,"enemies":"Jaw Worm","floor":1,"turns":6},{"damage":2,"enemies":"Cultist","floor":3,"turns":4},{"damage":0,"enemies":"2 Louse","floor":4,"turns":3},{"damage":24,"enemies":"Exordium Wildlife","floor":5,"turns":6},{"damage":21,"enemies":"Gremlin Nob","floor":11,"turns":5},{"damage":5,"enemies":"2 Fungi Beasts","floor":14,"turns":3},{"damage":24,"enemies":"Slime Boss","floor":16,"turns":10},{"damage":21,"enemies":"Chosen","floor":18,"turns":5},{"damage":38,"enemies":"Spheric Guardian","floor":19,"turns":6},{"damage":11,"enemies":"Snake Plant","floor":20,"turns":1}],"seed_played":"-5947532492436073359","potions_obtained":[{"floor":3,"key":"BlessingOfTheForge"},{"floor":4,"key":"PowerPotion"}],"is_trial":false,"path_per_floor":["M","?","M","M","M","R","?","R","T","R","E","$","?","M","R","B",null,"M","M","M"],"character_chosen":"KOISHI","items_purchased":["Dream Catcher","Koishi:LastRemote","Koishi:CatchAndRose"],"campfire_rested":2,"item_purchase_floors":[12,12,12],"current_hp_per_floor":[52,52,52,52,32,32,32,32,32,50,35,35,20,19,37,23,51,42,10,0,0],"gold":184,"neow_bonus":"HUNDRED_GOLD","is_daily":false,"chose_seed":false,"campfire_upgraded":2,"win_rate":0.0,"timestamp":1611158535,"path_taken":["M","?","M","M","?","R","?","R","T","R","E","$","?","M","R","BOSS","M","M","M"],"items_purchased_type":["Relic","Card","Card"],"build_version":"2020-12-22","purchased_purges":1,"victory":false,"max_hp_per_floor":[60,60,60,60,60,60,60,60,60,60,60,60,60,60,60,60,60,60,60,60,60],"card_choices":[{"not_picked":["Koishi:SpiritedAway","Koishi:Whimsy"],"picked":"Koishi:YoukaiPolygraph","floor":1},{"not_picked":["Koishi:ApparitionsStalkTheNight","Koishi:ReleaseOfTheId"],"picked":"Koishi:ParalyzingFear","floor":3},{"not_picked":["Koishi:CatchAndRose","Koishi:PhantomBarrier"],"picked":"Koishi:RacingHeart","floor":4},{"not_picked":["Koishi:EmbryosDream","Koishi:FleetingPhantom"],"picked":"Koishi:DanmakuParanoia","floor":5},{"not_picked":["Koishi:PhilosophyOfTheDespised","Koishi:SprinkleStarAndHeart"],"picked":"Koishi:StingingMind","floor":11},{"not_picked":["Koishi:VengefulSpirit","Koishi:DreadfulBlow"],"picked":"Koishi:TremblingHands","floor":14},{"not_picked":["Koishi:StingingMind","Koishi:SpiritedAway"],"picked":"Koishi:UnseenTerror","floor":15},{"not_picked":["Koishi:FadingMemory","Koishi:SuperEgo"],"picked":"Koishi:TerrifyingSpectre","floor":16},{"not_picked":["Koishi:FreudianInstinct","Koishi:LastRemote"],"picked":"Koishi:JumpScare","floor":18},{"not_picked":["Koishi:UnconsciousUprising+1","Koishi:ReleaseOfTheId"],"picked":"Koishi:DNAsFlaw+1","floor":19}],"player_experience":536146,"relics_obtained":[{"floor":11,"key":"beaked:ShinyBauble"}],"event_choices":[{"damage_healed":0,"gold_gain":0,"player_choice":"Trade","damage_taken":0,"relics_obtained":["NlothsMask"],"max_hp_gain":0,"max_hp_loss":0,"event_name":"FaceTrader","floor":2,"gold_loss":0},{"damage_healed":0,"gold_gain":0,"player_choice":"Searched \u00271\u0027 times","damage_taken":0,"relics_obtained":["Lantern"],"max_hp_gain":0,"max_hp_loss":0,"event_name":"Dead Adventurer","floor":7,"gold_loss":0},{"damage_healed":0,"gold_gain":0,"player_choice":"Take Damage","damage_taken":15,"relics_obtained":["Golden Idol"],"max_hp_gain":0,"max_hp_loss":0,"event_name":"Golden Idol","floor":13,"gold_loss":0}],"is_beta":false,"boss_relics":[{"not_picked":["beaked:MawFillet","Runic Dome","Ectoplasm"]}],"items_purged_floors":[12],"is_endless":false,"potions_floor_spawned":[3,4,11,16,19],"killed_by":"Snake Plant","ascension_level":12}}