{"host":"0vobf7lgf552vogm","time":1611179042,"event":{"mods":["AchievementEnabler","Act Like it!","BaseMod","Better Sensory Stone","Colored Map","DeckTracker","Downfall","Jorbs\u0027s Wanderer Trilogy","Minty Spire (QoL Compilation)","Pale of the Ancients","Rare Cards Sparkle","Relic Stats","StSLib","Synergy Search","The Blackbeard","The Marked","Unceasing Turn Reminder"],"gold_per_floor":[17,17,40,40,0,0,15,15,15,34,34,47,47,47,47,175,175,199,199,199,223,223,223,263,263,263,281,300,300,315,354,354,354,354],"floor_reached":33,"language":"ENG","playtime":1899,"items_purged":[],"score":300,"play_id":"df5370b5-0d36-48d6-aa7d-ca3f1d3194e6","local_time":"20210120224402","is_ascension_mode":false,"campfire_choices":[{"floor":6,"key":"REST"},{"data":"theMarked:SoldierOfQuellstein","floor":8,"key":"SMITH"},{"data":"theMarked:Challenge","floor":15,"key":"SMITH"},{"data":"theMarked:RogueSparks","floor":23,"key":"SMITH"},{"floor":25,"key":"RECALL"},{"floor":32,"key":"REST"}],"circlet_count":0,"master_deck":["theMarked:Strike","theMarked:Strike","theMarked:Strike","theMarked:Strike","theMarked:Strike","theMarked:Defend","theMarked:Defend","theMarked:Defend","theMarked:Defend","theMarked:SoldierOfQuellstein+1","theMarked:Challenge+1","theMarked:Aftermath","theMarked:ElementalBlade","theMarked:StartUp","theMarked:MaelstromOfLightning","theMarked:Electrocute","theMarked:StartUp","downfall:Haunted","downfall:Icky","theMarked:TakeOffHeels","theMarked:RogueSparks+1","theMarked:WastefulDefense","theMarked:AttractMetal","theMarked:FavorableWinds","theMarked:ElectricStrings","theMarked:WardOff","theMarked:Electrify"],"relics":["theMarked:ArtifactOfAir","Golden Idol","Question Card","Du-Vu Doll","theMarked:Eyepatch","MutagenicStrength","Ancient Tea Set","Vajra","Ornamental Fan","Anchor","Blood Vial"],"acts_visited":["Exordium","TheCity"],"potions_floor_usage":[16,24,28,31,33],"damage_taken":[{"damage":6,"enemies":"2 Louse","floor":1,"turns":2},{"damage":5,"enemies":"Small Slimes","floor":3,"turns":4},{"damage":0,"enemies":"Cultist","floor":7,"turns":4},{"damage":5,"enemies":"Red Slaver","floor":10,"turns":3},{"damage":5,"enemies":"Looter","floor":12,"turns":2},{"damage":3,"enemies":"Hexaghost","floor":16,"turns":9},{"damage":3,"enemies":"Spheric Guardian","floor":18,"turns":3},{"damage":0,"enemies":"Chosen","floor":21,"turns":3},{"damage":0,"enemies":"Gremlin Leader","floor":24,"turns":6},{"damage":11,"enemies":"Centurion and Healer","floor":27,"turns":4},{"damage":16,"enemies":"Cultist and Chosen","floor":28,"turns":6},{"damage":0,"enemies":"Snake Plant","floor":30,"turns":5},{"damage":29,"enemies":"Slavers","floor":31,"turns":7},{"damage":30,"enemies":"Collector","floor":33,"turns":3}],"seed_played":"-2626962712028765421","potions_obtained":[{"floor":4,"key":"AttackPotion"},{"floor":4,"key":"Dexterity Potion"},{"floor":4,"key":"sneckomod:MuddlingPotion"},{"floor":18,"key":"Explosive Potion"},{"floor":21,"key":"SkillPotion"},{"floor":24,"key":"theMarked:SummonPotion"}],"is_trial":false,"path_per_floor":["M","?","M","?","$","R","M","R","T","M","$","M","?","$","R","B",null,"M","?","?","M","?","R","E","R","T","M","M","?","M","E","R","B"],"character_chosen":"THE_DEFAULT","items_purchased":["theMarked:StartUp"],"campfire_rested":2,"item_purchase_floors":[5],"current_hp_per_floor":[64,47,42,42,42,63,63,63,63,58,58,53,53,53,53,50,70,67,67,67,67,67,67,67,67,67,56,40,33,33,4,25,0,0],"gold":354,"neow_bonus":"THREE_RARE_CARDS","is_daily":false,"chose_seed":false,"campfire_upgraded":3,"win_rate":0.0,"timestamp":1611179042,"path_taken":["M","?","M","?","$","R","M","R","T","?","?","M","?","?","R","BOSS","M","?","?","?","?","R","E","R","T","M","M","?","M","E","R","BOSS"],"items_purchased_type":["Card"],"build_version":"2020-12-22","purchased_purges":0,"victory":false,"max_hp_per_floor":[70,70,70,70,70,70,70,70,70,70,70,70,70,70,70,70,70,70,70,70,70,70,70,70,70,70,70,70,70,70,70,70,70,70],"relic_stats":{"Blood Vial":2,"counters":[14,61],"Golden Idol":78,"Ornamental Fan":[20],"Question Card":10,"obtain_stats":[{"Du-Vu Doll":13,"Blood Vial":31,"theMarked:ArtifactOfAir":0,"Anchor":29,"Golden Idol":2,"Ornamental Fan":26,"MutagenicStrength":20,"Vajra":24,"Question Card":9,"Ancient Tea Set":22,"theMarked:Eyepatch":17},{"Du-Vu Doll":5,"Blood Vial":13,"theMarked:ArtifactOfAir":0,"Anchor":11,"Golden Idol":1,"Ornamental Fan":9,"MutagenicStrength":7,"Vajra":9,"Question Card":3,"Ancient Tea Set":8,"theMarked:Eyepatch":6},{"Du-Vu Doll":15,"Blood Vial":58,"theMarked:ArtifactOfAir":0,"Anchor":46,"Golden Idol":2,"Ornamental Fan":36,"MutagenicStrength":27,"Vajra":36,"Question Card":10,"Ancient Tea Set":30,"theMarked:Eyepatch":24}]},"card_choices":[{"not_picked":["theMarked:ThrowWeapon","theMarked:Vacuum"],"picked":"theMarked:Challenge","floor":0},{"not_picked":["theMarked:Improvise","theMarked:Frustration"],"picked":"theMarked:Aftermath","floor":1},{"not_picked":["theMarked:Frustration","theMarked:BanishingStrike"],"picked":"theMarked:ElementalBlade","floor":3},{"not_picked":["theMarked:ElectricStrings","theMarked:HeightenedSenses"],"picked":"theMarked:MaelstromOfLightning","floor":7},{"not_picked":["theMarked:WastefulDefense","theMarked:Frustration","theMarked:Standoff"],"picked":"theMarked:Electrocute","floor":10},{"not_picked":["theMarked:Polarize","theMarked:ShockingTouch","theMarked:ResourceFulStrike"],"picked":"theMarked:StartUp","floor":12},{"not_picked":["theMarked:UnarmedFury","theMarked:MagicAdept","theMarked:ChannelForce"],"picked":"theMarked:TakeOffHeels","floor":16},{"not_picked":["theMarked:Parry","theMarked:Improvise","theMarked:Standoff"],"picked":"theMarked:RogueSparks","floor":18},{"not_picked":["theMarked:GodGivenPower+1","theMarked:RepellingDischarge","theMarked:SwordAndMagic+1"],"picked":"theMarked:WastefulDefense","floor":21},{"not_picked":["theMarked:Parry","theMarked:MaelstromOfLightning","theMarked:Frustration"],"picked":"theMarked:AttractMetal","floor":24},{"not_picked":["theMarked:WastefulDefense","theMarked:Indomitable","theMarked:CreepingChasm"],"picked":"theMarked:FavorableWinds","floor":27},{"not_picked":["theMarked:RepellingDischarge+1","theMarked:TwofoldDefense","theMarked:SwordAndMagic"],"picked":"theMarked:ElectricStrings","floor":28},{"not_picked":["theMarked:WastefulAttack","theMarked:BanishingStrike+1","theMarked:Parkour"],"picked":"theMarked:WardOff","floor":30},{"not_picked":["theMarked:ElectricStrings","theMarked:Static","theMarked:ChainLightning"],"picked":"theMarked:Electrify","floor":31}],"player_experience":912080,"relics_obtained":[{"floor":9,"key":"Question Card"},{"floor":24,"key":"Vajra"},{"floor":26,"key":"Ornamental Fan"},{"floor":31,"key":"Blood Vial"}],"event_choices":[{"damage_healed":0,"gold_gain":0,"player_choice":"Take Damage","damage_taken":17,"relics_obtained":["Golden Idol"],"max_hp_gain":0,"max_hp_loss":0,"event_name":"Golden Idol","floor":2,"gold_loss":0},{"damage_healed":0,"gold_gain":0,"player_choice":"Got Potions","damage_taken":0,"max_hp_gain":0,"max_hp_loss":0,"event_name":"Lab","floor":4,"gold_loss":0},{"damage_healed":0,"gold_gain":0,"player_choice":"Ignored","damage_taken":0,"max_hp_gain":0,"max_hp_loss":0,"event_name":"Ghosts","floor":19,"gold_loss":0},{"damage_healed":0,"gold_gain":0,"player_choice":"Inject Mutagens","damage_taken":0,"relics_obtained":["MutagenicStrength"],"max_hp_gain":0,"max_hp_loss":0,"event_name":"Drug Dealer","floor":20,"gold_loss":0},{"damage_healed":0,"gold_gain":0,"player_choice":"Opened","damage_taken":0,"relics_obtained":["Ancient Tea Set"],"max_hp_gain":0,"max_hp_loss":0,"event_name":"The Mausoleum","floor":22,"gold_loss":0},{"damage_healed":0,"gold_gain":0,"player_choice":"Anchor","damage_taken":0,"relics_obtained":["Anchor"],"max_hp_gain":0,"max_hp_loss":0,"event_name":"blackbeard:ShipwreckEvent","floor":29,"gold_loss":0}],"is_beta":false,"boss_relics":[{"not_picked":["Sozu","theMarked:BronzeBlade"],"picked":"theMarked:Eyepatch"}],"items_purged_floors":[],"is_endless":false,"potions_floor_spawned":[7,12,18,21,24],"killed_by":"Collector","ascension_level":0}}