{"host":"oigynbtg272c19pw","time":1611131846,"event":{"mods":["BaseMod","Colored Map","Minty Spire (QoL Compilation)","Relic Stats","Slay the Relics Exporter","StSLib"],"gold_per_floor":[17,37,50,0,10,37,112,142,195,195,32,32,60,90,90,163,163,181,181,200,211,230,260,260,70,70,70,98,11,11,11],"floor_reached":30,"playtime":1491,"items_purged":["Strike_R"],"score":572,"play_id":"5afea06a-d113-4dc3-96fa-c6bfcf3d8805","local_time":"20210120093726","is_ascension_mode":true,"campfire_choices":[{"data":"Hemokinesis","floor":10.0,"key":"SMITH"},{"data":"Thunderclap","floor":12.0,"key":"SMITH"},{"data":"Power Through","floor":15.0,"key":"SMITH"},{"floor":24.0,"key":"REST"},{"data":"Armaments","floor":27.0,"key":"SMITH"}],"circlet_count":0,"master_deck":["AscendersBane","Defend_R","Defend_R","Defend_R","Bash","Hemokinesis+1","Power Through+1","Inflame","Feel No Pain","Fire Breathing","Thunderclap+1","Second Wind","Corruption","Battle Trance","Pommel Strike","Barricade","Bludgeon+1","Metallicize+1","Offering+1","Evolve+1","Pommel Strike+1","Clothesline+1","Fiend Fire","Rupture","Blood for Blood","Armaments+1","Berserk","Flame Barrier"],"relics":["Burning Blood","Vajra","StrikeDummy","Ancient Tea Set","Oddly Smooth Stone","Charon\u0027s Ashes","Odd Mushroom","Astrolabe","CultistMask","Tiny Chest","CaptainsWheel","Smiling Mask"],"acts_visited":["Exordium","TheCity"],"potions_floor_usage":[30],"damage_taken":[{"damage":3.0,"enemies":"Cultist","floor":1.0,"turns":3.0},{"damage":4.0,"enemies":"Jaw Worm","floor":2.0,"turns":3.0},{"damage":5.0,"enemies":"Small Slimes","floor":3.0,"turns":4.0},{"damage":5.0,"enemies":"Looter","floor":5.0,"turns":4.0},{"damage":14.0,"enemies":"Lagavulin","floor":6.0,"turns":5.0},{"damage":10.0,"enemies":"3 Sentries","floor":8.0,"turns":5.0},{"damage":7.0,"enemies":"Gremlin Nob","floor":13.0,"turns":3.0},{"damage":17.0,"enemies":"The Mushroom Lair","floor":14.0,"turns":3.0},{"damage":20.0,"enemies":"The Guardian","floor":16.0,"turns":11.0},{"damage":32.0,"enemies":"Shell Parasite","floor":18.0,"turns":5.0},{"damage":11.0,"enemies":"2 Thieves","floor":20.0,"turns":4.0},{"damage":0.0,"enemies":"Centurion and Healer","floor":21.0,"turns":6.0},{"damage":19.0,"enemies":"Snake Plant","floor":22.0,"turns":4.0},{"damage":20.0,"enemies":"Book of Stabbing","floor":23.0,"turns":6.0},{"damage":31,"enemies":"Gremlin Leader","floor":28,"turns":9},{"damage":8,"enemies":"Slavers","floor":30,"turns":1}],"seed_played":"2052610999948854499","potions_obtained":[{"floor":1.0,"key":"PowerPotion"},{"floor":5.0,"key":"ColorlessPotion"},{"floor":8.0,"key":"Swift Potion"},{"floor":14.0,"key":"Explosive Potion"},{"floor":20.0,"key":"Energy Potion"},{"floor":21.0,"key":"LiquidMemories"},{"floor":22.0,"key":"Fire Potion"}],"is_trial":false,"path_per_floor":["M","M","M","?","M","E","?","E","T","R","$","R","E","?","R","B",null,"M","?","M","M","M","E","R","$","T","R","E","$","E"],"character_chosen":"IRONCLAD","items_purchased":["Battle Trance","Rupture","Blood for Blood","Armaments","Flame Barrier"],"campfire_rested":1,"item_purchase_floors":[11,25,25,25,29],"current_hp_per_floor":[71,73,74,74,75,67,56,52,52,52,52,52,51,40,40,26,63,37,37,32,38,25,11,33,33,33,33,8,8,0,0],"gold":11,"neow_bonus":"TRANSFORM_TWO_CARDS","is_daily":false,"chose_seed":false,"campfire_upgraded":4,"win_rate":0.0,"timestamp":1611131846,"path_taken":["M","M","?","?","?","E","?","E","T","R","$","R","E","?","R","BOSS","M","?","M","M","?","E","R","$","T","R","E","$","E"],"items_purchased_type":["Card","Card","Card","Card","Card"],"build_version":"2020-12-13","purchased_purges":1,"victory":false,"max_hp_per_floor":[75,75,75,75,75,75,75,75,75,75,75,75,75,75,75,75,75,75,75,75,75,75,75,75,75,75,75,75,75,75,75],"relic_stats":{"counters":[16,76],"Astrolabe":["Bludgeon","Metallicize","Offering"],"Tiny Chest":0,"Charon\u0027s Ashes":[272],"Smiling Mask":0,"obtain_stats":[{"CaptainsWheel":26,"Astrolabe":17,"Vajra":4,"Oddly Smooth Stone":9,"Tiny Chest":23,"Charon\u0027s Ashes":13,"CultistMask":19,"Odd Mushroom":14,"StrikeDummy":6,"Ancient Tea Set":8,"Smiling Mask":28,"Burning Blood":0},{"CaptainsWheel":14,"Astrolabe":9,"Vajra":3,"Oddly Smooth Stone":6,"Tiny Chest":14,"Charon\u0027s Ashes":7,"CultistMask":10,"Odd Mushroom":8,"StrikeDummy":5,"Ancient Tea Set":6,"Smiling Mask":15,"Burning Blood":0},{"CaptainsWheel":66,"Astrolabe":41,"Vajra":10,"Oddly Smooth Stone":24,"Tiny Chest":66,"Charon\u0027s Ashes":27,"CultistMask":46,"Odd Mushroom":30,"StrikeDummy":19,"Ancient Tea Set":24,"Smiling Mask":75,"Burning Blood":0}],"Burning Blood":90},"card_choices":[{"not_picked":["Havoc","Body Slam"],"picked":"Inflame","floor":1.0},{"not_picked":["Rampage","Twin Strike"],"picked":"Feel No Pain","floor":2.0},{"not_picked":["Shrug It Off","Warcry"],"picked":"Fire Breathing","floor":3.0},{"not_picked":["Havoc","Clash"],"picked":"Thunderclap","floor":5.0},{"not_picked":["Fire Breathing","Uppercut"],"picked":"Second Wind","floor":6.0},{"not_picked":["Inflame","Cleave"],"picked":"Corruption","floor":8.0},{"not_picked":["Anger","Pommel Strike","Flex"],"picked":"SKIP","floor":13.0},{"not_picked":["Combust","Searing Blow"],"picked":"Pommel Strike","floor":14.0},{"not_picked":["Corruption","Bludgeon"],"picked":"Barricade","floor":16.0},{"not_picked":["Rampage","Thunderclap"],"picked":"Evolve+1","floor":18.0},{"not_picked":["Infernal Blade","Armaments"],"picked":"Pommel Strike+1","floor":20.0},{"not_picked":["Cleave","Anger"],"picked":"Clothesline+1","floor":21.0},{"not_picked":["Whirlwind","Flex","Body Slam"],"picked":"SKIP","floor":22.0},{"not_picked":["Wild Strike","Spot Weakness"],"picked":"Fiend Fire","floor":23.0},{"not_picked":["Searing Blow","Rupture"],"picked":"Berserk","floor":28}],"player_experience":1441879,"relics_obtained":[{"floor":6.0,"key":"StrikeDummy"},{"floor":8.0,"key":"Ancient Tea Set"},{"floor":9.0,"key":"Oddly Smooth Stone"},{"floor":13.0,"key":"Charon\u0027s Ashes"},{"floor":14.0,"key":"Odd Mushroom"},{"floor":23.0,"key":"Tiny Chest"},{"floor":26.0,"key":"CaptainsWheel"},{"floor":28,"key":"Smiling Mask"}],"event_choices":[{"damage_healed":0.0,"max_hp_gain":0.0,"max_hp_loss":0.0,"gold_gain":0.0,"event_name":"WeMeetAgain","player_choice":"Paid Gold","floor":4.0,"gold_loss":50.0,"damage_taken":0.0,"relics_obtained":["Vajra"]},{"damage_healed":0.0,"max_hp_gain":0.0,"max_hp_loss":0.0,"gold_gain":75.0,"event_name":"World of Goop","player_choice":"Gather Gold","floor":7.0,"gold_loss":0.0,"damage_taken":11.0},{"damage_healed":0.0,"max_hp_gain":0.0,"max_hp_loss":0.0,"gold_gain":0.0,"event_name":"Mushrooms","player_choice":"Fought Mushrooms","floor":14.0,"gold_loss":0.0,"damage_taken":0.0},{"damage_healed":0.0,"max_hp_gain":0.0,"max_hp_loss":0.0,"gold_gain":0.0,"event_name":"FaceTrader","player_choice":"Trade","floor":19.0,"gold_loss":0.0,"damage_taken":0.0,"relics_obtained":["CultistMask"]}],"is_beta":false,"boss_relics":[{"not_picked":["Pandora\u0027s Box","Runic Dome"],"picked":"Astrolabe"}],"items_purged_floors":[11],"is_endless":false,"potions_floor_spawned":[1,5,8,14,20,21,22],"killed_by":"Slavers","ascension_level":20}}