{"host":"g2kelmgng7xf1xjg","time":1611115098,"event":{"mods":["BaseMod","Bestiary","Highlight Path","Minty Spire (QoL Compilation)","Relic Stats","StSLib"],"gold_per_floor":[115,125,7,19,39,39,72,72,72,88,108,135,154,172,172,272,272,288,301,320,136,148,148,2,35,35,68,88,88,3,20,20,121,121,136,186,0,0,46,46,46,78,129,159,159,159,159,177,177,177],"floor_reached":51,"language":"ENG","playtime":4055,"items_purged":["Auto Shields"],"score":968,"play_id":"a209495b-7f83-423b-887a-f0d792a1d9d2","local_time":"20210119215818","is_ascension_mode":true,"campfire_choices":[{"data":"Streamline","floor":6,"key":"SMITH"},{"data":"Hyperbeam","floor":8,"key":"SMITH"},{"data":"Defragment","floor":15,"key":"SMITH"},{"data":"Fission","floor":23,"key":"SMITH"},{"data":"Hologram","floor":29,"key":"SMITH"},{"data":"Rainbow","floor":32,"key":"SMITH"},{"data":"Fission","floor":40,"key":"SMITH"},{"data":"Redo","floor":46,"key":"SMITH"},{"data":"Coolheaded","floor":47,"key":"SMITH"},{"data":"Fission","floor":49,"key":"SMITH"}],"circlet_count":0,"master_deck":["Zap","Dualcast","Melter","Go for the Eyes","Defragment+1","Coolheaded+1","Streamline+1","Conserve Battery","Loop+1","Ball Lightning","Fission+1","Beam Cell","Sweeping Beam","Rainbow+1","Leap","Doom and Gloom","Glacier","Electrodynamics+1","Hologram+1","Capacitor+1","Force Field","Cold Snap","Fission+1","Defragment+1","Redo+1","Fission+1"],"relics":["Cracked Core","Bag of Marbles","Eternal Feather","Frozen Egg 2","Pandora\u0027s Box","Frozen Eye","Anchor","Ginger","Strawberry","Bag of Preparation","Coffee Dripper","WingedGreaves","Red Mask","Pocketwatch","Blood Vial","Potion Belt","Pantograph"],"acts_visited":["Exordium","TheCity","TheBeyond"],"potions_floor_usage":[7,22,27,39,44,50,50,50,50],"damage_taken":[{"damage":1,"enemies":"Cultist","floor":1,"turns":3},{"damage":7,"enemies":"Jaw Worm","floor":2,"turns":3},{"damage":0,"enemies":"2 Louse","floor":4,"turns":1},{"damage":4,"enemies":"Looter","floor":5,"turns":3},{"damage":9,"enemies":"Lagavulin","floor":7,"turns":6},{"damage":0,"enemies":"3 Louse","floor":10,"turns":1},{"damage":0,"enemies":"Gremlin Gang","floor":11,"turns":2},{"damage":6,"enemies":"Gremlin Nob","floor":12,"turns":3},{"damage":6,"enemies":"Blue Slaver","floor":13,"turns":2},{"damage":0,"enemies":"Looter","floor":14,"turns":1},{"damage":7,"enemies":"The Guardian","floor":16,"turns":10},{"damage":8,"enemies":"Shell Parasite","floor":18,"turns":6},{"damage":0,"enemies":"Chosen","floor":19,"turns":3},{"damage":9,"enemies":"Snake Plant","floor":20,"turns":4},{"damage":8,"enemies":"Shelled Parasite and Fungi","floor":22,"turns":2},{"damage":0,"enemies":"Slavers","floor":25,"turns":2},{"damage":33,"enemies":"Book of Stabbing","floor":27,"turns":5},{"damage":7,"enemies":"Centurion and Healer","floor":28,"turns":5},{"damage":0,"enemies":"Cultist and Chosen","floor":31,"turns":6},{"damage":0,"enemies":"Champ","floor":33,"turns":11},{"damage":5,"enemies":"3 Darklings","floor":35,"turns":3},{"damage":0,"enemies":"Mind Bloom Boss Battle","floor":36,"turns":8},{"damage":36,"enemies":"2 Orb Walkers","floor":39,"turns":5},{"damage":10,"enemies":"Giant Head","floor":42,"turns":8},{"damage":15,"enemies":"Reptomancer","floor":44,"turns":5},{"damage":0,"enemies":"Orb Walker","floor":48,"turns":3},{"damage":5,"enemies":"Time Eater","floor":50,"turns":10}],"seed_played":"2933804382442041685","potions_obtained":[{"floor":1,"key":"SkillPotion"},{"floor":4,"key":"EssenceOfSteel"},{"floor":5,"key":"DuplicationPotion"},{"floor":11,"key":"SpeedPotion"},{"floor":18,"key":"Energy Potion"},{"floor":25,"key":"Regen Potion"},{"floor":27,"key":"EntropicBrew"},{"floor":42,"key":"Energy Potion"}],"is_trial":false,"path_per_floor":["M","M","$","M","M","R","E","R","T","M","M","E","M","M","R","B",null,"M","M","M","$","M","R","$","E","T","E","M","R","?","M","R","B",null,"M","?","?","?","?","R","$","E","T","E","?","R","R","M","R","B",null],"character_chosen":"DEFECT","items_purchased":["Defragment","Coolheaded","Capacitor+1","Force Field","Frozen Eye"],"campfire_rested":0,"item_purchase_floors":[3,3,21,21,24],"current_hp_per_floor":[74,67,67,67,63,63,54,63,63,63,63,57,51,51,60,53,75,67,67,58,58,50,62,62,62,62,50,43,55,55,55,67,67,82,77,77,77,77,41,56,56,46,46,33,88,88,88,88,88,83],"gold":177,"neow_bonus":"RANDOM_COMMON_RELIC","is_daily":false,"chose_seed":false,"campfire_upgraded":10,"win_rate":0.0,"timestamp":1611115098,"path_taken":["M","M","$","M","M","R","E","R","T","M","M","E","M","M","R","BOSS","M","?","?","?","M","R","$","E","T","E","M","R","?","M","R","BOSS","M","?","?","?","?","R","?","E","T","E","?","R","R","M","R","BOSS"],"items_purchased_type":["Card","Card","Card","Card","Relic"],"build_version":"2020-12-22","purchased_purges":1,"victory":true,"max_hp_per_floor":[75,75,75,75,75,75,75,75,75,75,75,75,75,75,75,75,75,75,75,75,75,75,75,75,75,75,82,82,82,82,82,82,82,82,82,82,82,78,78,78,78,78,78,78,88,88,88,88,88,88],"relic_stats":{"Blood Vial":2,"counters":[27,119],"Pantograph":0,"Eternal Feather":69,"Pandora\u0027s Box":["Auto Shields","Beam Cell","Sweeping Beam","Rainbow","Leap","Doom and Gloom","Glacier","Electrodynamics"],"Bag of Preparation":[18],"Ginger":[14],"obtain_stats":[{"Potion Belt":43,"Eternal Feather":7,"Bag of Preparation":30,"Ginger":26,"Frozen Egg 2":9,"Blood Vial":42,"Frozen Eye":24,"Anchor":25,"Strawberry":27,"Pantograph":44,"Pandora\u0027s Box":17,"WingedGreaves":36,"Bag of Marbles":0,"Coffee Dripper":34,"Red Mask":37,"Cracked Core":0,"Pocketwatch":39},{"Potion Belt":24,"Eternal Feather":5,"Bag of Preparation":18,"Ginger":16,"Frozen Egg 2":5,"Blood Vial":24,"Frozen Eye":15,"Anchor":16,"Strawberry":17,"Pantograph":25,"Pandora\u0027s Box":11,"WingedGreaves":22,"Bag of Marbles":0,"Coffee Dripper":20,"Red Mask":22,"Cracked Core":0,"Pocketwatch":23},{"Potion Belt":102,"Eternal Feather":16,"Bag of Preparation":61,"Ginger":51,"Frozen Egg 2":16,"Blood Vial":102,"Frozen Eye":49,"Anchor":51,"Strawberry":56,"Pantograph":107,"Pandora\u0027s Box":34,"WingedGreaves":89,"Bag of Marbles":0,"Coffee Dripper":78,"Red Mask":89,"Cracked Core":0,"Pocketwatch":94}],"Pocketwatch":[39]},"card_choices":[{"not_picked":["Chaos","Steam"],"picked":"Melter","floor":1},{"not_picked":["Heatsinks","Capacitor"],"picked":"Go for the Eyes","floor":2},{"not_picked":["Fusion","Glacier"],"picked":"Streamline","floor":4},{"not_picked":["Coolheaded","Double Energy","Turbo"],"picked":"SKIP","floor":5},{"not_picked":["Coolheaded","Double Energy","Turbo"],"picked":"SKIP","floor":5},{"not_picked":["Cold Snap","Coolheaded"],"picked":"Hyperbeam","floor":7},{"not_picked":["Stack","Barrage"],"picked":"Conserve Battery","floor":10},{"not_picked":["Steam","Scrape","Consume"],"picked":"SKIP","floor":11},{"not_picked":["Hologram","Lockon","Storm+1"],"picked":"SKIP","floor":12},{"not_picked":["Go for the Eyes","Streamline"],"picked":"Loop+1","floor":13},{"not_picked":["Scrape","Auto Shields"],"picked":"Ball Lightning","floor":14},{"not_picked":["All For One","Machine Learning+1"],"picked":"Fission","floor":16},{"not_picked":["Undo","Reinforced Body"],"picked":"Hologram","floor":18},{"not_picked":["Compile Driver","Turbo+1","Consume"],"picked":"SKIP","floor":19},{"not_picked":["Blizzard","Conserve Battery","Gash+1"],"picked":"SKIP","floor":20},{"not_picked":["Blizzard","Conserve Battery","Gash+1"],"picked":"SKIP","floor":20},{"not_picked":["Rebound","Force Field","Hologram"],"picked":"SKIP","floor":22},{"not_picked":["Amplify","Turbo+1","Steam Power"],"picked":"SKIP","floor":25},{"not_picked":["Amplify","Turbo+1","Steam Power"],"picked":"SKIP","floor":25},{"not_picked":["Ball Lightning","Lockon+1","Auto Shields"],"picked":"SKIP","floor":27},{"not_picked":["Streamline","Beam Cell+1","Ball Lightning"],"picked":"SKIP","floor":28},{"not_picked":["Rebound","Steam+1"],"picked":"Cold Snap","floor":31},{"not_picked":["Rainbow","Thunder Strike"],"picked":"Fission","floor":33},{"not_picked":["Rebound+1","Aggregate","Ball Lightning+1"],"picked":"SKIP","floor":35},{"not_picked":["Streamline+1","Go for the Eyes+1"],"picked":"Defragment+1","floor":39},{"not_picked":["Rebound","Barrage+1"],"picked":"Redo","floor":42},{"not_picked":["Gash+1","Cold Snap","Sweeping Beam"],"picked":"SKIP","floor":44},{"not_picked":["Gash","Rebound+1"],"picked":"Fission","floor":48}],"player_experience":988934,"relics_obtained":[{"floor":7,"key":"Eternal Feather"},{"floor":9,"key":"Frozen Egg 2"},{"floor":25,"key":"Anchor"},{"floor":26,"key":"Ginger"},{"floor":27,"key":"Strawberry"},{"floor":36,"key":"WingedGreaves"},{"floor":39,"key":"Pocketwatch"},{"floor":42,"key":"Blood Vial"},{"floor":43,"key":"Potion Belt"},{"floor":44,"key":"Pantograph"}],"event_choices":[{"damage_healed":0,"gold_gain":0,"player_choice":"Obtained Relic","damage_taken":0,"relics_obtained":["Bag of Preparation"],"max_hp_gain":0,"max_hp_loss":0,"event_name":"Addict","floor":30,"gold_loss":85},{"damage_healed":0,"gold_gain":0,"player_choice":"Fight","damage_taken":0,"max_hp_gain":0,"max_hp_loss":0,"event_name":"MindBloom","floor":36,"gold_loss":0},{"damage_healed":0,"gold_gain":0,"player_choice":"Paid","damage_taken":0,"relics_obtained":["Red Mask"],"max_hp_gain":0,"max_hp_loss":0,"event_name":"Tomb of Lord Red Mask","floor":37,"gold_loss":186},{"damage_healed":0,"gold_gain":0,"player_choice":"Max HP","damage_taken":0,"max_hp_gain":0,"max_hp_loss":4,"event_name":"Winding Halls","floor":38,"gold_loss":0},{"damage_healed":0,"gold_gain":0,"player_choice":"Fight","damage_taken":0,"max_hp_gain":0,"max_hp_loss":0,"event_name":"Mysterious Sphere","floor":39,"gold_loss":0},{"cards_removed":["Hyperbeam"],"damage_healed":45,"gold_gain":0,"player_choice":"Offered Rare","damage_taken":0,"max_hp_gain":10,"max_hp_loss":0,"event_name":"Bonfire Elementals","floor":45,"gold_loss":0}],"is_beta":false,"boss_relics":[{"not_picked":["Fusion Hammer","SlaversCollar"],"picked":"Pandora\u0027s Box"},{"not_picked":["Calling Bell","FrozenCore"],"picked":"Coffee Dripper"}],"items_purged_floors":[21],"is_endless":false,"potions_floor_spawned":[1,4,5,11,14,16,18,19,25,27,33,42],"ascension_level":4}}