{"host":"rolltorest","time":1611181681,"event":{"mods":["BaseMod","Minty Spire (QoL Compilation)","Relic Stats","Slay the Relics Exporter","StSLib"],"gold_per_floor":[111,111,111,111,125,125,125,155,155,184,184,197,122,133,133,204,204,223,223,148,160,160,160,187,187,187,187,187],"floor_reached":27,"language":"ENG","playtime":523,"items_purged":["Strike_G"],"score":624,"play_id":"9378f235-7285-4948-b3ea-cf163bb79261","local_time":"20210120142801","is_ascension_mode":true,"campfire_choices":[{"data":"Deadly Poison","floor":6,"key":"SMITH"},{"data":"Noxious Fumes","floor":15,"key":"SMITH"},{"data":"Malaise","floor":23,"key":"SMITH"},{"floor":25,"key":"REST"}],"circlet_count":0,"master_deck":["AscendersBane","Strike_G+1","Strike_G","Defend_G+1","Defend_G","Defend_G","Defend_G","Defend_G","Survivor","Neutralize+1","Deadly Poison+1","Backstab","Poisoned Stab","Noxious Fumes+1","Deadly Poison","Malaise+1","Calculated Gamble","PiercingWail","Terror"],"relics":["Ring of the Snake","NeowsBlessing","Akabeko","StrikeDummy","Blood Vial","Blue Candle","Velvet Choker","Sundial","White Beast Statue","Ornamental Fan"],"acts_visited":["Exordium","TheCity"],"potions_floor_usage":[16,16,27],"damage_taken":[{"damage":0,"enemies":"Small Slimes","floor":1,"turns":1},{"damage":0,"enemies":"2 Louse","floor":5,"turns":1},{"damage":0,"enemies":"3 Sentries","floor":8,"turns":1},{"damage":15,"enemies":"Lagavulin","floor":10,"turns":6},{"damage":0,"enemies":"Jaw Worm","floor":12,"turns":2},{"damage":4,"enemies":"Large Slime","floor":14,"turns":6},{"damage":0,"enemies":"The Guardian","floor":16,"turns":7},{"damage":5,"enemies":"3 Byrds","floor":18,"turns":5},{"damage":10,"enemies":"2 Thieves","floor":21,"turns":4},{"damage":41,"enemies":"Gremlin Leader","floor":24,"turns":8},{"damage":27,"enemies":"Slavers","floor":27,"turns":5}],"seed_played":"2672225699655186991","potions_obtained":[{"floor":1,"key":"LiquidMemories"},{"floor":14,"key":"EssenceOfSteel"},{"floor":16,"key":"Strength Potion"},{"floor":21,"key":"PowerPotion"}],"is_trial":false,"path_per_floor":["M","?","?","?","M","R","?","E","T","E","?","M","$","M","R","B",null,"M","?","?","M","?","R","E","R","T","E"],"character_chosen":"THE_SILENT","items_purchased":[],"campfire_rested":1,"item_purchase_floors":[],"current_hp_per_floor":[59,52,57,36,36,36,36,36,36,21,10,12,12,10,10,12,56,53,53,53,45,45,45,6,27,27,2,2],"gold":187,"neow_bonus":"THREE_ENEMY_KILL","is_daily":false,"chose_seed":false,"campfire_upgraded":3,"win_rate":0.0,"timestamp":1611181681,"path_taken":["M","?","?","?","?","R","?","E","T","E","?","M","$","M","R","BOSS","M","?","?","M","?","R","E","R","T","E"],"items_purchased_type":[],"build_version":"2020-12-18","purchased_purges":1,"victory":false,"max_hp_per_floor":[66,66,71,71,71,71,71,71,71,71,71,71,71,71,71,71,71,71,71,71,71,71,71,71,71,71,71,71],"relic_stats":{"Blood Vial":14,"counters":[11,46],"Sundial":[2],"Ornamental Fan":[0],"Blue Candle":[0],"obtain_stats":[{"Blood Vial":10,"NeowsBlessing":0,"Sundial":19,"Ornamental Fan":26,"Blue Candle":11,"Velvet Choker":17,"StrikeDummy":9,"Akabeko":8,"White Beast Statue":24,"Ring of the Snake":0},{"Blood Vial":4,"NeowsBlessing":0,"Sundial":8,"Ornamental Fan":10,"Blue Candle":4,"Velvet Choker":7,"StrikeDummy":3,"Akabeko":3,"White Beast Statue":10,"Ring of the Snake":0},{"Blood Vial":9,"NeowsBlessing":0,"Sundial":29,"Ornamental Fan":41,"Blue Candle":9,"Velvet Choker":24,"StrikeDummy":3,"Akabeko":3,"White Beast Statue":41,"Ring of the Snake":0}],"Ring of the Snake":[22]},"card_choices":[{"not_picked":["Flechettes","Outmaneuver","Dodge and Roll"],"picked":"SKIP","floor":1},{"not_picked":["Dodge and Roll","Acrobatics"],"picked":"Deadly Poison","floor":5},{"not_picked":["Dodge and Roll","Calculated Gamble"],"picked":"Backstab","floor":8},{"not_picked":["Burst","Masterful Stab"],"picked":"Poisoned Stab","floor":10},{"not_picked":["Deadly Poison","Dodge and Roll"],"picked":"Noxious Fumes","floor":12},{"not_picked":["Concentrate","Underhanded Strike"],"picked":"Deadly Poison","floor":14},{"not_picked":["Unload","Tools of the Trade"],"picked":"Malaise","floor":16},{"not_picked":["Acrobatics","Eviscerate"],"picked":"Calculated Gamble","floor":18},{"not_picked":["Dagger Throw","Escape Plan"],"picked":"PiercingWail","floor":21},{"not_picked":["Riddle With Holes","Outmaneuver"],"picked":"Terror","floor":24}],"player_experience":1742504,"relics_obtained":[{"floor":8,"key":"Akabeko"},{"floor":9,"key":"StrikeDummy"},{"floor":10,"key":"Blood Vial"},{"floor":24,"key":"White Beast Statue"},{"floor":26,"key":"Ornamental Fan"}],"event_choices":[{"cards_removed":["Strike_G"],"damage_healed":0,"gold_gain":0,"player_choice":"Card Removal","damage_taken":7,"max_hp_gain":0,"max_hp_loss":0,"event_name":"Golden Wing","floor":2,"gold_loss":0},{"damage_healed":0,"gold_gain":0,"player_choice":"Donut","damage_taken":0,"max_hp_gain":5,"max_hp_loss":0,"event_name":"Big Fish","floor":3,"gold_loss":0},{"damage_healed":0,"gold_gain":0,"player_choice":"Entered Light","damage_taken":21,"max_hp_gain":0,"max_hp_loss":0,"event_name":"Shining Light","floor":4,"gold_loss":0,"cards_upgraded":["Defend_G","Strike_G"]},{"damage_healed":0,"gold_gain":0,"player_choice":"Grow","damage_taken":0,"max_hp_gain":0,"max_hp_loss":0,"event_name":"Living Wall","floor":7,"gold_loss":0,"cards_upgraded":["Neutralize"]},{"damage_healed":0,"gold_gain":0,"player_choice":"Success","damage_taken":11,"relics_obtained":["Blue Candle"],"max_hp_gain":0,"max_hp_loss":0,"event_name":"Scrap Ooze","floor":11,"gold_loss":0},{"damage_healed":0,"gold_gain":0,"player_choice":"Opened","damage_taken":0,"relics_obtained":["Sundial"],"max_hp_gain":0,"max_hp_loss":0,"event_name":"The Mausoleum","floor":19,"gold_loss":0,"cards_obtained":["Writhe"]},{"cards_removed":["Writhe"],"damage_healed":0,"gold_gain":0,"player_choice":"Gave Gold","damage_taken":0,"max_hp_gain":0,"max_hp_loss":0,"event_name":"Beggar","floor":20,"gold_loss":75},{"cards_removed":["Strike_G"],"damage_healed":0,"gold_gain":0,"player_choice":"Purged","damage_taken":0,"max_hp_gain":0,"max_hp_loss":0,"event_name":"Purifier","floor":22,"gold_loss":0}],"is_beta":true,"boss_relics":[{"not_picked":["Runic Pyramid","Ectoplasm"],"picked":"Velvet Choker"}],"items_purged_floors":[13],"is_endless":false,"potions_floor_spawned":[1,14,16,21],"killed_by":"Slavers","ascension_level":20}}