{"host":"2d1gdrpn8mmx8hh1","time":1611119968,"event":{"mods":["AchievementEnabler","BaseMod","Hermit","Minty Spire (QoL Compilation)","Replay The Spire","StSLib"],"gold_per_floor":[110,110,127,144,154,154,154,180,180,71,82,97,113,13,13,111,111,124,124,77,93,23,49,49,49,49,65,77,88,88,105,105,105,105],"floor_reached":33,"language":"ENG","playtime":1691,"items_purged":["Strike_G","Strike_G"],"score":271,"play_id":"299a41ce-be81-4786-8f85-7d621194c0a0","local_time":"20210119231928","is_ascension_mode":false,"campfire_choices":[{"data":"Poisoned Stab","floor":6,"key":"SMITH"},{"floor":15,"key":"REST"},{"floor":24,"key":"REST"},{"floor":32,"key":"REST"}],"circlet_count":0,"master_deck":["Strike_G","Strike_G","Defend_G","Defend_G","Defend_G","Defend_G","Survivor","Neutralize","Poisoned Stab+1","Prepared","Acrobatics","Dagger Spray+1","Dagger Spray+1","Poisoned Stab+1","Envenom+1","Deadly Poison+1","Terror+1"],"relics":["Ring of the Snake","NeowsBlessing","Molten Egg 2","Replay:Towering Pillar of Hats","Golden Egg","Velvet Choker","Onion Ring","MutagenicStrength","Mercury Hourglass"],"acts_visited":["Exordium","TheCity"],"potions_floor_usage":[5,16,21,27,31,33,33],"damage_taken":[{"damage":0,"enemies":"Jaw Worm","floor":1,"turns":1},{"damage":0,"enemies":"Cultist","floor":3,"turns":1},{"damage":0,"enemies":"Small Slimes","floor":4,"turns":1},{"damage":5,"enemies":"Looter","floor":5,"turns":4},{"damage":35,"enemies":"3 Sentries","floor":8,"turns":10},{"damage":1,"enemies":"Exordium Thugs","floor":11,"turns":3},{"damage":1,"enemies":"Exordium Wildlife","floor":12,"turns":2},{"damage":4,"enemies":"Large Slime","floor":13,"turns":4},{"damage":26,"enemies":"The Guardian","floor":16,"turns":9},{"damage":0,"enemies":"Chosen","floor":18,"turns":3},{"damage":12,"enemies":"Shell Parasite","floor":21,"turns":4},{"damage":24,"enemies":"Replay:Snechameleon","floor":23,"turns":5},{"damage":9,"enemies":"Shelled Parasite and Fungi","floor":27,"turns":2},{"damage":8,"enemies":"Snake Plant","floor":28,"turns":3},{"damage":15,"enemies":"Snecko","floor":29,"turns":3},{"damage":16,"enemies":"Sentry and Sphere","floor":31,"turns":4},{"damage":36,"enemies":"Collector","floor":33,"turns":3}],"seed_played":"-7086579543398535379","potions_obtained":[{"floor":1,"key":"GamblersBrew"},{"floor":5,"key":"LiquidMemories"},{"floor":11,"key":"CultistPotion"},{"floor":16,"key":"Toxic Potion"},{"floor":21,"key":"Fruit Juice"},{"floor":23,"key":"Ancient Potion"},{"floor":29,"key":"Explosive Potion"},{"floor":31,"key":"Venom Potion"}],"is_trial":false,"path_per_floor":["M","?","M","M","M","R","T","E","T","$","M","M","M","$","R","B",null,"M","?","$","M","$","E","R","?","T","M","M","M","?","M","R","B"],"character_chosen":"THE_SILENT","items_purchased":["Dagger Spray+1","Deadly Poison","Terror"],"campfire_rested":3,"item_purchase_floors":[10,20,22],"current_hp_per_floor":[70,70,70,70,65,65,65,30,30,30,29,28,24,24,45,19,70,70,70,70,63,63,39,61,61,61,52,44,29,29,13,35,0,0],"gold":105,"neow_bonus":"THREE_ENEMY_KILL","is_daily":false,"chose_seed":false,"campfire_upgraded":1,"win_rate":0.0,"timestamp":1611119968,"path_taken":["M","?","M","M","M","R","?","E","T","$","M","M","?","?","R","BOSS","M","?","$","M","$","E","R","?","T","M","?","M","?","M","R","BOSS"],"items_purchased_type":["Card","Card","Card"],"build_version":"2020-12-22","purchased_purges":2,"victory":false,"max_hp_per_floor":[70,70,70,70,70,70,70,70,70,70,70,70,70,70,70,70,70,70,70,70,75,75,75,75,75,75,75,75,75,75,75,75,75,75],"card_choices":[{"not_picked":["Hidden Blade","Blade Dance"],"picked":"Poisoned Stab","floor":1},{"not_picked":["Deflect","Wraith Form v2"],"picked":"Prepared","floor":3},{"not_picked":["Flying Knee","Dagger Spray"],"picked":"Acrobatics","floor":4},{"not_picked":["Acrobatics","Underhanded Strike","Predator"],"picked":"SKIP","floor":5},{"not_picked":["Slice+1","Dagger Throw+1","Flying Knee+1"],"picked":"SKIP","floor":8},{"not_picked":["Calculated Gamble","Masterful Stab+1","Acrobatics"],"picked":"SKIP","floor":11},{"not_picked":["Hidden Blade","Blade Dance"],"picked":"Poisoned Stab+1","floor":12},{"not_picked":["Blade Dance","Dagger Throw+1","Hidden Blade"],"picked":"SKIP","floor":13},{"not_picked":["Wraith Form v2","A Thousand Cuts"],"picked":"Envenom","floor":16},{"not_picked":["Blade Dance","Dodge and Roll","Dash+1"],"picked":"SKIP","floor":18},{"not_picked":["Acrobatics","All Out Attack+1","Hidden Blade"],"picked":"SKIP","floor":21},{"not_picked":["Underhanded Strike+1","Flying Knee+1","PiercingWail"],"picked":"SKIP","floor":23},{"not_picked":["Leg Sweep","Poisoned Stab+1","Sucker Punch+1"],"picked":"SKIP","floor":27},{"not_picked":["Deflect","Bouncing Flask","ReplayTheSpireMod:Scrap Shanks"],"picked":"SKIP","floor":28},{"not_picked":["Bane+1","Quick Slash+1","Crippling Poison"],"picked":"SKIP","floor":29},{"not_picked":["Heel Hook+1","All Out Attack+1","Leg Sweep"],"picked":"SKIP","floor":31}],"player_experience":16871,"relics_obtained":[{"floor":7,"key":"Molten Egg 2"},{"floor":8,"key":"Replay:Towering Pillar of Hats"},{"floor":9,"key":"Golden Egg"},{"floor":23,"key":"Onion Ring"},{"floor":26,"key":"Mercury Hourglass"}],"event_choices":[{"cards_removed":["Strike_G"],"damage_healed":0,"gold_gain":0,"player_choice":"Forget","damage_taken":0,"max_hp_gain":0,"max_hp_loss":0,"event_name":"Living Wall","floor":2,"gold_loss":0},{"cards_removed":["Defend_G"],"damage_healed":0,"gold_gain":0,"player_choice":"Elegance","damage_taken":0,"max_hp_gain":0,"max_hp_loss":0,"event_name":"Back to Basics","floor":19,"gold_loss":0},{"damage_healed":0,"gold_gain":0,"player_choice":"Inject Mutagens","damage_taken":0,"relics_obtained":["MutagenicStrength"],"max_hp_gain":0,"max_hp_loss":0,"event_name":"Drug Dealer","floor":25,"gold_loss":0},{"damage_healed":0,"gold_gain":0,"player_choice":"Ignored","damage_taken":0,"max_hp_gain":0,"max_hp_loss":0,"event_name":"Vampires","floor":30,"gold_loss":0}],"is_beta":false,"boss_relics":[{"not_picked":["ReplayTheSpireMod:DimensionalGlitch","Busted Crown"],"picked":"Velvet Choker"}],"items_purged_floors":[10,14],"is_endless":false,"potions_floor_spawned":[1,5,11,16,21,23,29,31],"killed_by":"Collector","ascension_level":0}}