{"host":"xkmvu47k9fdstweo","time":1611169607,"event":{"mods":["BaseMod","Colored Map","Conspire","Hubris","Minty Spire (QoL Compilation)","Quick Restart","Railgun Mod","Shop Mod","StSLib","The Alterego","The Animator","The Servant 0.9.4","The Wild Card","TheBandit","WarShipGirlsR/??è≠èóR mod","vexMod"],"gold_per_floor":[14,14,25,35,35,77,77,85,85],"floor_reached":8,"language":"ENG","playtime":420,"items_purged":[],"score":70,"play_id":"0d81d5a5-1814-40a7-95be-e745ddf5fc2d","local_time":"20210120140647","is_ascension_mode":true,"campfire_choices":[{"data":"animator:Alexander","floor":7,"key":"SMITH"}],"circlet_count":0,"master_deck":["animator:Strike_Fate","animator:Defend_Fate","animator:Strike","animator:Strike","animator:Strike","animator:Defend","animator:Defend","animator:Defend","animator:Alexander+1","animator:Rider","animator:KrulTepes","animator:Kagari","animator:NarberalGamma","animator:Chris"],"relics":["animator:LivingPicture","animator:TheMissingPiece","animator:PurgingStone","Bird Faced Urn","hubris:Towel","Blood Vial","White Beast Statue"],"acts_visited":["Exordium"],"potions_floor_usage":[8],"damage_taken":[{"damage":4,"enemies":"Cultist","floor":1,"turns":5},{"damage":11,"enemies":"Jaw Worm","floor":3,"turns":4},{"damage":1,"enemies":"conspire:RoseBush","floor":4,"turns":6},{"damage":20,"enemies":"3 Sentries","floor":6,"turns":6},{"damage":38,"enemies":"Lagavulin","floor":8,"turns":5}],"seed_played":"8294561887837712308","potions_obtained":[{"floor":1,"key":"DuplicationPotion"},{"floor":3,"key":"SpeedPotion"}],"is_trial":false,"path_per_floor":["M","?","M","M","?","E","R","E"],"character_chosen":"THE_ANIMATOR","items_purchased":[],"campfire_rested":0,"item_purchase_floors":[],"current_hp_per_floor":[62,62,51,52,52,34,34,0,0],"gold":85,"neow_bonus":"ONE_RARE_RELIC","is_daily":false,"chose_seed":false,"campfire_upgraded":1,"win_rate":0.0,"timestamp":1611169607,"path_taken":["M","?","?","M","?","E","R","E"],"items_purchased_type":[],"build_version":"2020-12-22","purchased_purges":0,"victory":false,"max_hp_per_floor":[66,66,66,66,66,66,66,66,66],"card_choices":[{"not_picked":["animator:DolaStephanie","animator:Assassin"],"picked":"animator:KrulTepes","floor":1},{"not_picked":["animator:Assassin","animator:SilverFang","animator:Elsword"],"picked":"SKIP","floor":3},{"not_picked":["animator:WinryRockbell","animator:OrikoMikuni"],"picked":"animator:NarberalGamma","floor":4},{"not_picked":["animator:NarberalGamma","animator:Rider"],"picked":"animator:Chris","floor":6}],"player_experience":360282,"relics_obtained":[{"floor":6,"key":"Blood Vial"},{"floor":6,"key":"White Beast Statue"}],"event_choices":[{"damage_healed":0,"gold_gain":0,"player_choice":"1 cards matched","damage_taken":0,"max_hp_gain":0,"max_hp_loss":0,"event_name":"Match and Keep!","floor":2,"gold_loss":0,"cards_obtained":["animator:Kagari"]}],"is_beta":false,"boss_relics":[],"items_purged_floors":[],"is_endless":false,"potions_floor_spawned":[1,3],"killed_by":"Lagavulin","ascension_level":5}}