{"host":"Teixeira","time":1611175153,"event":{"mods":["2.2 Compatiblity","AchievementEnabler","Aspiration","BaseMod","Better Match","Better Note","Better Sensory Stone","Better Skull","Better Third Choice","Colored Map","Colored Powertips","Downfall","Hermit","Hubris","Infinite Spire","Minty Spire (QoL Compilation)","Permanent Neow","Quick Restart","Rare Cards Sparkle","Relic Filter","Spicy Shops","StS++","StSLib","SuperFastMode"],"gold_per_floor":[115,130,130,130,62,106,106,137,162,182,182,182,182,197,197,316,316,330,330,255,2,15,55,76,120,120,135,135,135,171,189,189,312,312,327,340,340,340,361,361,394,176,228,241,241,241,280,294,294,294,294,294,35,74,74],"floor_reached":56,"language":"ENG","playtime":3612,"items_purged":["bronze:Strike","bronze:Iterate","bronze:FineTuning"],"score":1323,"play_id":"243ef330-9eaa-497c-baaa-48e9f3521175","local_time":"20210120173913","is_ascension_mode":false,"campfire_choices":[{"data":"bronze:CloningBeam","floor":7.0,"key":"SMITH"},{"data":"bronze:ChosenStrike","floor":11.0,"key":"SMITH"},{"floor":13.0,"key":"RECALL"},{"floor":15.0,"key":"REST"},{"data":"bronze:Verify","floor":32.0,"key":"SMITH"},{"data":"bronze:HardenedForm","floor":40.0,"key":"SMITH"},{"data":"bronze:Flail","floor":45.0,"key":"SMITH"},{"data":"bronze:ChildClass","floor":49,"key":"SMITH"},{"data":"bronze:Replicate","floor":52,"key":"SMITH"}],"circlet_count":0,"master_deck":["bronze:Replicate+1","bronze:Goto+1","bronze:CloningBeam+1","bronze:ChildClass+1","bronze:ChosenStrike+1","bronze:Format+1","bronze:Shield","bronze:DelayedGuard","bronze:Separator","bronze:Deprecate+1","bronze:HardenedForm+1","bronze:RecursiveStrike+1","bronze:ThunderWave+1","bronze:HardenedForm+1","bronze:Verify+1","bronze:Goto+1","infinitespire:Collect+1","bronze:Flail+1"],"relics":["bronze:BronzeCore","hubris:Towel","Golden Idol","Pear","Bag of Marbles","Pandora\u0027s Box","hubris:Potato","Bronze Scales","Boot","hubris:SphereOfDissonance","CaptainsWheel","SlaversCollar","Vajra","Busted Crown","Nunchaku","Potion Belt","aspiration:Lifesprig","bronze:SilverBullet","Kunai","Oddly Smooth Stone"],"acts_visited":["Exordium","TheCity","TheBeyond","TheEnding"],"potions_floor_usage":[],"damage_taken":[{"damage":1.0,"enemies":"Jaw Worm","floor":1.0,"turns":3.0},{"damage":0.0,"enemies":"Small Slimes","floor":2.0,"turns":2.0},{"damage":14.0,"enemies":"3 Sentries","floor":6.0,"turns":8.0},{"damage":20.0,"enemies":"Lagavulin","floor":8.0,"turns":7.0},{"damage":0.0,"enemies":"2 Louse","floor":10.0,"turns":2.0},{"damage":7.0,"enemies":"2 Fungi Beasts","floor":14.0,"turns":3.0},{"damage":50.0,"enemies":"Hexaghost","floor":16.0,"turns":11.0},{"damage":0.0,"enemies":"3 Byrds","floor":18.0,"turns":4.0},{"damage":0.0,"enemies":"Spheric Guardian","floor":22.0,"turns":1.0},{"damage":3.0,"enemies":"Slavers","floor":23.0,"turns":5.0},{"damage":12.0,"enemies":"Centurion and Healer","floor":24.0,"turns":3.0},{"damage":11.0,"enemies":"Book of Stabbing","floor":25.0,"turns":5.0},{"damage":7.0,"enemies":"Sentry and Sphere","floor":27.0,"turns":3.0},{"damage":6.0,"enemies":"Nightmare","floor":30.0,"turns":6.0},{"damage":4.0,"enemies":"Shelled Parasite and Fungi","floor":31.0,"turns":3.0},{"damage":9.0,"enemies":"Champ","floor":33.0,"turns":6.0},{"damage":0.0,"enemies":"Orb Walker","floor":35.0,"turns":2.0},{"damage":3.0,"enemies":"3 Darklings","floor":36.0,"turns":3.0},{"damage":8.0,"enemies":"Maw","floor":39.0,"turns":5.0},{"damage":0.0,"enemies":"Nemesis","floor":41.0,"turns":3.0},{"damage":0.0,"enemies":"Transient","floor":44.0,"turns":5.0},{"damage":0,"enemies":"Reptomancer","floor":47,"turns":3},{"damage":20,"enemies":"Jaw Worm Horde","floor":48,"turns":3},{"damage":4,"enemies":"hubris:GrandSnecko","floor":50,"turns":6},{"damage":3,"enemies":"Shield and Spear","floor":54,"turns":4},{"damage":0,"enemies":"The Heart","floor":55,"turns":5}],"seed_played":"-8486226613980083639","potions_obtained":[{"floor":6.0,"key":"BlessingOfTheForge"},{"floor":10.0,"key":"Dexterity Potion"},{"floor":16.0,"key":"PowerPotion"},{"floor":24.0,"key":"bronze:CleanCodePotion"},{"floor":25.0,"key":"bronze:FreeFunctionsPotion"},{"floor":31.0,"key":"BlessingOfTheForge"},{"floor":36.0,"key":"Slimebound:ThreeZeroPotion"},{"floor":44.0,"key":"EssenceOfSteel"}],"is_trial":false,"path_per_floor":["M","M","?","?","$","E","R","E","T","M","R","?","R","M","R","B",null,"M","?","?","$","M","E","M","E","T","M","AVR","?","NM","M","R","B",null,"M","M","?","?","M","R","E","$","T","M","R","?","E","M","R","B",null,"R","$","E","B",null],"character_chosen":"THE_AUTOMATON","items_purchased":["hubris:Potato","bronze:Flail","Potion Belt","Kunai"],"campfire_rested":1,"item_purchase_floors":[21,42,42,53],"current_hp_per_floor":[69,69,69,70,70,66,66,46,46,46,46,46,46,39,63,13,80,80,90,90,90,90,87,75,64,64,57,57,57,51,47,47,38,90,90,87,87,87,79,79,79,79,79,79,79,79,79,59,59,55,90,90,90,87,87],"gold":74,"neow_bonus":"UPGRADE_CARD","is_daily":false,"chose_seed":false,"campfire_upgraded":7,"win_rate":0.0,"timestamp":1611175153,"path_taken":["M","M","?","?","$","E","R","E","T","M","R","?","R","M","R","BOSS","M","?","?","$","?","E","M","E","T","M","AVR","?","NM","M","R","BOSS","M","M","?","?","M","R","E","$","T","?","R","?","E","M","R","BOSS","R","$","E","BOSS"],"items_purchased_type":["Relic","Card","Relic","Relic"],"build_version":"2020-11-17","purchased_purges":3,"victory":true,"max_hp_per_floor":[70,70,70,70,70,80,80,80,80,80,80,80,80,80,80,80,80,80,90,90,90,90,90,90,90,90,90,90,90,90,90,90,90,90,90,90,90,90,90,90,90,90,90,90,90,90,90,90,90,90,90,90,90,90,90],"card_choices":[{"not_picked":["bronze:Constructor","bronze:ForceShield"],"picked":"bronze:CloningBeam","floor":1.0},{"not_picked":["bronze:Shield","bronze:FineTuning"],"picked":"bronze:ChildClass","floor":2.0},{"not_picked":["bronze:Invalidate","bronze:OilSpill","bronze:Iterate"],"picked":"SKIP","floor":6.0},{"not_picked":["bronze:ClassDefault","bronze:ChildClass","bronze:OilSpill"],"picked":"SKIP","floor":8.0},{"not_picked":["bronze:ClassDefault","bronze:ChildClass","bronze:OilSpill"],"picked":"SKIP","floor":8.0},{"not_picked":["bronze:ClassDefault","bronze:ChildClass","bronze:OilSpill"],"picked":"SKIP","floor":8.0},{"not_picked":["bronze:BronzeArmor","bronze:BugBarrage"],"picked":"bronze:ChosenStrike","floor":10.0},{"not_picked":["bronze:WildBeam","bronze:Repulsor","bronze:Safeguard"],"picked":"SKIP","floor":14.0},{"not_picked":["bronze:ChosenStrike","bronze:Philosophize"],"picked":"bronze:Deprecate+1","floor":18.0},{"not_picked":["bronze:BurnOut+1","bronze:FindAndReplace+1"],"picked":"bronze:HardenedForm+1","floor":20.0},{"not_picked":["bronze:Virus+1","bronze:Mutator+1"],"picked":"bronze:RecursiveStrike+1","floor":20.0},{"not_picked":["bronze:Break+1","bronze:HyperBeam+1"],"picked":"bronze:ThunderWave+1","floor":20.0},{"not_picked":["bronze:Repulsor","bronze:Backtrace","bronze:Constructor"],"picked":"SKIP","floor":22.0},{"not_picked":["bronze:CloningBeam","bronze:BugBarrage","bronze:FollowUp"],"picked":"SKIP","floor":23.0},{"not_picked":["bronze:Repair","bronze:BugBarrage+1"],"picked":"bronze:HardenedForm","floor":24.0},{"not_picked":["bronze:Frontload+1","bronze:Shell"],"picked":"bronze:Verify","floor":25.0},{"not_picked":["bronze:Boost+1","bronze:ForLoop+1","bronze:DarkDash"],"picked":"SKIP","floor":27.0},{"not_picked":["infinitespire:UltimateForm","infinitespire:FinalStrike"],"picked":"infinitespire:Collect","floor":30.0},{"not_picked":["bronze:CutThrough+1","bronze:DigitalCarnage","bronze:WildBeam+1"],"picked":"SKIP","floor":30.0},{"not_picked":["bronze:ForLoop+1","bronze:OilSpill+1","bronze:CleanCode"],"picked":"SKIP","floor":31.0},{"not_picked":["bronze:Separator+1"],"picked":"SKIP","floor":35.0},{"not_picked":["bronze:CutThrough"],"picked":"SKIP","floor":36.0},{"not_picked":["bronze:Constructor"],"picked":"SKIP","floor":39.0},{"not_picked":["bronze:Repulsor+1"],"picked":"SKIP","floor":41.0},{"not_picked":["bronze:SpaghettiCode"],"picked":"SKIP","floor":44.0},{"not_picked":["bronze:Separator+1"],"picked":"SKIP","floor":47},{"not_picked":["bronze:DelayedGuard"],"picked":"SKIP","floor":48},{"not_picked":["bronze:Branch+1"],"picked":"SKIP","floor":54}],"player_experience":136036,"relics_obtained":[{"floor":6.0,"key":"Pear"},{"floor":8.0,"key":"Bag of Marbles"},{"floor":23.0,"key":"Bronze Scales"},{"floor":25.0,"key":"Boot"},{"floor":26.0,"key":"hubris:SphereOfDissonance"},{"floor":30.0,"key":"Vajra"},{"floor":41.0,"key":"Nunchaku"},{"floor":43.0,"key":"aspiration:Lifesprig"},{"floor":47,"key":"bronze:SilverBullet"},{"floor":54,"key":"Oddly Smooth Stone"}],"event_choices":[{"cards_removed":["bronze:BurnOut"],"damage_healed":0.0,"max_hp_gain":10.0,"max_hp_loss":0.0,"gold_gain":0.0,"event_name":"Bonfire Elementals","player_choice":"Offered Rare","floor":19.0,"gold_loss":0.0,"damage_taken":0.0},{"damage_healed":0.0,"max_hp_gain":0.0,"max_hp_loss":0.0,"gold_gain":0.0,"event_name":"betterMatch:BetterMatch","player_choice":"3","floor":20.0,"gold_loss":0.0,"damage_taken":0.0,"cards_obtained":["betterMatch:RareCard"]},{"cards_removed":["bronze:HardenedForm"],"damage_healed":0.0,"max_hp_gain":0.0,"max_hp_loss":0.0,"gold_gain":0.0,"event_name":"betterNote:BetterNote","player_choice":"Take \u0026 Give","floor":29.0,"gold_loss":0.0,"damage_taken":0.0,"cards_obtained":["bronze:Goto"]},{"damage_healed":0.0,"max_hp_gain":0.0,"max_hp_loss":0.0,"gold_gain":0.0,"event_name":"Tomb of Lord Red Mask","player_choice":"Ignored","floor":37.0,"gold_loss":0.0,"damage_taken":0.0},{"damage_healed":0.0,"max_hp_gain":0.0,"max_hp_loss":0.0,"gold_gain":0.0,"event_name":"Upgrade Shrine","player_choice":"Upgraded","floor":38.0,"gold_loss":0.0,"damage_taken":0.0,"cards_upgraded":["infinitespire:Collect"]},{"damage_healed":0,"gold_gain":0,"player_choice":"Upgraded","damage_taken":0,"max_hp_gain":0,"max_hp_loss":0,"event_name":"Upgrade Shrine","floor":46,"gold_loss":0,"cards_upgraded":["bronze:Format"]}],"is_beta":true,"boss_relics":[{"not_picked":["aspiration:RandomNobGenerator","Runic Dome"],"picked":"Pandora\u0027s Box"},{"not_picked":["aspiration:WatcherSkillbook","aspiration:FutureDiary"],"picked":"Busted Crown"}],"items_purged_floors":[5,21,28],"is_endless":false,"potions_floor_spawned":[6,10,16,24,25,31,36,41,44],"ascension_level":0}}