{"host":"f0gpob8hq9vgebej","time":1611160609,"event":{"mods":["AchievementEnabler","BaseMod","Minty Spire (QoL Compilation)","Quick Restart","SuperFastMode"],"gold_per_floor":[109,123,123,139,64,64,34,34,85,97,97,108,8,25,25,128,128,146,146,146],"floor_reached":19,"language":"KOR","playtime":461,"items_purged":["Parasite","Strike_R"],"score":254,"play_id":"c6b915fd-ea9f-4831-ac97-caa46182d538","local_time":"20210121013649","is_ascension_mode":true,"campfire_choices":[{"data":"Entrench","floor":6,"key":"SMITH"},{"data":"Bash","floor":8,"key":"SMITH"},{"data":"Fire Breathing","floor":11,"key":"SMITH"},{"data":"Shrug It Off","floor":15,"key":"SMITH"}],"circlet_count":0,"master_deck":["AscendersBane","Strike_R","Strike_R","Strike_R","Strike_R","Defend_R","Defend_R","Defend_R","Defend_R","Bash+1","Entrench+1","Reaper","Fire Breathing+1","Shrug It Off+1","Exhume","CurseOfTheBell","Sword Boomerang"],"relics":["Burning Blood","Lizard Tail","CultistMask","Red Skull","Calling Bell","Omamori","Darkstone Periapt","Girya"],"acts_visited":["Exordium","TheCity"],"potions_floor_usage":[12,16,16],"damage_taken":[{"damage":7,"enemies":"Jaw Worm","floor":1,"turns":4},{"damage":28,"enemies":"Cultist","floor":2,"turns":6},{"damage":6,"enemies":"2 Louse","floor":4,"turns":6},{"damage":2,"enemies":"Looter","floor":7,"turns":4},{"damage":7,"enemies":"3 Louse","floor":10,"turns":7},{"damage":31,"enemies":"Gremlin Gang","floor":12,"turns":7},{"damage":3,"enemies":"2 Fungi Beasts","floor":14,"turns":6},{"damage":33,"enemies":"Slime Boss","floor":16,"turns":9},{"damage":20,"enemies":"Chosen","floor":18,"turns":6},{"damage":52,"enemies":"Shell Parasite","floor":19,"turns":7}],"seed_played":"-4999598295784075358","potions_obtained":[{"floor":1,"key":"HeartOfIron"},{"floor":2,"key":"Strength Potion"},{"floor":12,"key":"PowerPotion"},{"floor":18,"key":"Strength Potion"}],"is_trial":false,"path_per_floor":["M","M","?","M","$","R","M","R","T","M","R","M","$","M","R","B",null,"M","M"],"character_chosen":"IRONCLAD","items_purchased":[],"campfire_rested":0,"item_purchase_floors":[],"current_hp_per_floor":[71,49,49,49,49,49,53,53,53,64,64,52,52,55,55,46,69,58,6,6],"gold":146,"neow_bonus":"ONE_RARE_RELIC","is_daily":false,"chose_seed":false,"campfire_upgraded":4,"win_rate":0.0,"timestamp":1611160609,"path_taken":["M","M","?","M","$","R","M","R","T","M","R","M","$","M","R","BOSS","M","M"],"items_purchased_type":[],"build_version":"2020-12-22","purchased_purges":2,"victory":false,"max_hp_per_floor":[80,80,80,80,77,77,77,77,77,77,77,77,77,77,77,77,77,77,77,77],"card_choices":[{"not_picked":["Pommel Strike","Armaments"],"picked":"Entrench","floor":1},{"not_picked":["Perfected Strike","Reckless Charge","Iron Wave"],"picked":"SKIP","floor":2},{"not_picked":["Heavy Blade","True Grit","Wild Strike"],"picked":"SKIP","floor":4},{"not_picked":["Sever Soul","Perfected Strike"],"picked":"Reaper","floor":7},{"not_picked":["Rampage","Clothesline"],"picked":"Fire Breathing","floor":10},{"not_picked":["Armaments","Reckless Charge"],"picked":"Shrug It Off","floor":12},{"not_picked":["Reckless Charge","Flex","Cleave"],"picked":"SKIP","floor":14},{"not_picked":["Reaper","Immolate"],"picked":"Exhume","floor":16},{"not_picked":["Pummel","Combust"],"picked":"Sword Boomerang","floor":18}],"player_experience":185710,"relics_obtained":[{"floor":9,"key":"Red Skull"},{"floor":17,"key":"Omamori"},{"floor":17,"key":"Darkstone Periapt"},{"floor":17,"key":"Girya"}],"event_choices":[{"damage_healed":0,"gold_gain":0,"player_choice":"Trade","damage_taken":0,"relics_obtained":["CultistMask"],"max_hp_gain":0,"max_hp_loss":0,"event_name":"FaceTrader","floor":3,"gold_loss":0}],"is_beta":false,"boss_relics":[{"not_picked":["Pandora\u0027s Box","Tiny House"],"picked":"Calling Bell"}],"items_purged_floors":[5,13],"is_endless":false,"potions_floor_spawned":[1,2,12,14,18],"killed_by":"Shell Parasite","ascension_level":12}}