{"host":"6a92uynocv4elkyp","time":1611165410,"event":{"mods":["AchievementEnabler","BaseMod","Infinite Spire","Minty Spire (QoL Compilation)","Quick Restart","Replay The Spire","StSLib"],"gold_per_floor":[99,129,186,216,276,363,438,513,513,588,425,518,593,179,179,410,410,440,440,182,182,284,284,284],"floor_reached":23,"language":"ENG","playtime":1578,"items_purged":["Footwork","Amnesia"],"score":685,"play_id":"9976cec7-5be9-4b48-aaf3-98b4d3ca7106","local_time":"20210120185650","daily_mods":["SealedDeck","Heirloom","Flight","DeadlyEvents","Elite Swarm","Midas"],"is_ascension_mode":true,"campfire_choices":[{"floor":15,"key":"REST"}],"circlet_count":0,"master_deck":["AscendersBane","Acrobatics+1","ReplayTheSpireMod:Speed Training","Tactician","Footwork","Infinite Blades+1","Accuracy","Blade Dance","Prepared+1","Eviscerate+1","Underhanded Strike+1","ReplayTheSpireMod:Speed Training","Choke","Cloak And Dagger","Underhanded Strike","Envenom","A Thousand Cuts","After Image","Infinite Blades+1","After Image+1","A Thousand Cuts+1","Accuracy+1","Burst","Cloak And Dagger","ReplayTheSpireMod:IOU","infinitespire:UltimateForm+1","Doppelganger"],"relics":["replay:Trail_Library","Tingsha","Sizzling Blood","Oddly Smooth Stone","infinitespire:Satchel","War Paint","Frozen Egg 2","Replay:Towering Pillar of Hats","Mercury Hourglass","Whetstone","Gremlin Food","Blue Doll","Black Star","Medical Kit","MutagenicStrength","Letter Opener","ReplayTheSpireMod:TigerMarble"],"acts_visited":["Exordium","TheCity"],"potions_floor_usage":[6,6,23],"damage_taken":[{"damage":12,"enemies":"Jaw Worm","floor":2,"turns":2},{"damage":6,"enemies":"Cultist","floor":3,"turns":3},{"damage":12,"enemies":"Small Slimes","floor":4,"turns":2},{"damage":5,"enemies":"Looter","floor":5,"turns":2},{"damage":0,"enemies":"Gremlin Nob","floor":6,"turns":2},{"damage":22,"enemies":"Lagavulin","floor":7,"turns":4},{"damage":13,"enemies":"3 Sentries","floor":8,"turns":4},{"damage":0,"enemies":"Gremlin Nob","floor":10,"turns":3},{"damage":12,"enemies":"3 Sentries","floor":12,"turns":4},{"damage":0,"enemies":"Lagavulin","floor":13,"turns":4},{"damage":20,"enemies":"Hexaghost","floor":16,"turns":6},{"damage":27,"enemies":"3 Byrds","floor":18,"turns":3},{"damage":20,"enemies":"Gremlin Leader","floor":22,"turns":6},{"damage":56,"enemies":"Slavers","floor":23,"turns":2}],"seed_played":"-1868204350953584051","potions_obtained":[{"floor":3,"key":"Energy Potion"},{"floor":4,"key":"Adrenaline Potion"},{"floor":6,"key":"SpeedPotion"},{"floor":12,"key":"FairyPotion"},{"floor":16,"key":"Toxic Potion"}],"is_trial":true,"path_per_floor":["?","M","M","M","M","E","E","E","T","E","$","E","E","$","R","B",null,"M","?","$","?","E","E"],"character_chosen":"THE_SILENT","items_purchased":["Infinite Blades+1","Accuracy+1","Gremlin Food","Blue Doll","Medical Kit"],"campfire_rested":1,"item_purchase_floors":[11,14,14,14,20],"current_hp_per_floor":[63,55,53,45,44,48,30,21,21,25,25,17,21,21,42,26,59,36,36,36,36,20,0,0],"gold":284,"neow_bonus":"","is_daily":false,"chose_seed":false,"campfire_upgraded":0,"win_rate":0.0,"timestamp":1611165410,"path_taken":["?","M","M","?","?","E","E","E","T","E","$","E","E","?","R","BOSS","M","?","$","?","?","E"],"items_purchased_type":["Card","Card","Relic","Relic","Relic"],"build_version":"2020-12-22","purchased_purges":2,"victory":false,"max_hp_per_floor":[70,70,70,70,70,70,70,70,70,70,70,70,70,70,70,70,70,70,70,70,70,70,70,70],"card_choices":[{"not_picked":["Setup","Bane"],"picked":"ReplayTheSpireMod:Speed Training","floor":2},{"not_picked":["Heel Hook","Quick Slash"],"picked":"Choke","floor":3},{"not_picked":["Slice","Deadly Poison"],"picked":"Cloak And Dagger","floor":4},{"not_picked":["Deflect","PiercingWail"],"picked":"Underhanded Strike","floor":5},{"not_picked":["Adrenaline","Malaise"],"picked":"Envenom","floor":6},{"not_picked":["Corpse Explosion","Malaise"],"picked":"A Thousand Cuts","floor":7},{"not_picked":["Glass Knife","Malaise"],"picked":"After Image","floor":8},{"not_picked":["Corpse Explosion","Glass Knife","Wraith Form v2+1"],"picked":"SKIP","floor":10},{"not_picked":["Atom Bomb","A Thousand Cuts+1"],"picked":"After Image+1","floor":12},{"not_picked":["Replay:Bag of Tricks","Malaise"],"picked":"A Thousand Cuts+1","floor":13},{"not_picked":["Phantasmal Killer","Die Die Die"],"picked":"Burst","floor":16},{"not_picked":["Dodge and Roll","Slice"],"picked":"Cloak And Dagger","floor":18},{"not_picked":["infinitespire:FinalStrike","infinitespire:NeuralNetwork"],"picked":"infinitespire:UltimateForm","floor":19},{"not_picked":["Unload","Burst"],"picked":"Doppelganger","floor":22}],"player_experience":126097,"relics_obtained":[{"floor":6,"key":"Oddly Smooth Stone"},{"floor":7,"key":"infinitespire:Satchel"},{"floor":8,"key":"War Paint"},{"floor":9,"key":"Frozen Egg 2"},{"floor":10,"key":"Replay:Towering Pillar of Hats"},{"floor":12,"key":"Mercury Hourglass"},{"floor":13,"key":"Whetstone"},{"floor":22,"key":"Letter Opener"},{"floor":22,"key":"ReplayTheSpireMod:TigerMarble"}],"event_choices":[{"damage_healed":0,"gold_gain":0,"player_choice":"Inject Mutagens","damage_taken":0,"relics_obtained":["MutagenicStrength"],"max_hp_gain":0,"max_hp_loss":0,"event_name":"Drug Dealer","floor":21,"gold_loss":0}],"is_beta":false,"boss_relics":[{"not_picked":["Runic Pyramid","Sozu"],"picked":"Black Star"}],"items_purged_floors":[11,20],"is_endless":false,"potions_floor_spawned":[3,4,6,12,13,16,18],"killed_by":"Slavers","ascension_level":20}}