{"host":"94aus4jnk6thj94q","time":1611160277,"event":{"mods":["BaseMod","Minty Spire (QoL Compilation)","Quick Restart","StSLib"],"gold_per_floor":[13,13,25,39,49,82,82,82,82,116,116,146,146,161,161,265,265,276,54,54,72,82,82,112,112,112,137,137,137,152,165,165,264,264,282,296,224,235,250,250,268,268,268,228,228,228],"floor_reached":45,"language":"ENG","playtime":3032,"items_purged":[],"score":490,"play_id":"03f19e70-210f-46dd-b5e4-501992938dd6","local_time":"20210120183117","is_ascension_mode":false,"campfire_choices":[{"floor":8,"key":"REST"},{"data":"Thunder Strike","floor":11,"key":"SMITH"},{"data":"Zap","floor":13,"key":"SMITH"},{"data":"Doom and Gloom","floor":15,"key":"SMITH"},{"floor":23,"key":"REST"},{"floor":25,"key":"DIG"},{"floor":28,"key":"REST"},{"floor":32,"key":"REST"},{"floor":40,"key":"REST"},{"floor":42,"key":"REST"}],"circlet_count":0,"master_deck":["Strike_B","Strike_B","Strike_B","Strike_B","Defend_B","Defend_B","Defend_B","Defend_B","Zap+1","Dualcast","Glacier","Lockon","Conserve Battery","Thunder Strike+1","Conserve Battery+1","Beam Cell","BootSequence","Doom and Gloom+1","Electrodynamics","Defragment","Ball Lightning","Chill+1","Redo+1","Conserve Battery","Thunder Strike","Ball Lightning+1","Self Repair"],"relics":["Cracked Core","Kunai","Symbiotic Virus","Matryoshka","Odd Mushroom","Inserter","Lee\u0027s Waffle","Shovel","Cables","Omamori","Bottled Flame","White Beast Statue","MutagenicStrength","Cursed Key","Dream Catcher"],"acts_visited":["Exordium","TheCity","TheBeyond"],"potions_floor_usage":[10,18,27,33,36,45],"damage_taken":[{"damage":1,"enemies":"Cultist","floor":1,"turns":3},{"damage":0,"enemies":"Small Slimes","floor":3,"turns":3},{"damage":0,"enemies":"2 Louse","floor":4,"turns":2},{"damage":7,"enemies":"2 Fungi Beasts","floor":5,"turns":4},{"damage":22,"enemies":"Gremlin Nob","floor":6,"turns":5},{"damage":4,"enemies":"3 Sentries","floor":10,"turns":8},{"damage":4,"enemies":"The Mushroom Lair","floor":12,"turns":6},{"damage":3,"enemies":"Lots of Slimes","floor":14,"turns":5},{"damage":19,"enemies":"The Guardian","floor":16,"turns":10},{"damage":5,"enemies":"Shell Parasite","floor":18,"turns":4},{"damage":3,"enemies":"Chosen","floor":21,"turns":3},{"damage":19,"enemies":"Snecko","floor":22,"turns":4},{"damage":4,"enemies":"Slavers","floor":24,"turns":5},{"damage":44,"enemies":"Gremlin Leader","floor":27,"turns":7},{"damage":14,"enemies":"Shelled Parasite and Fungi","floor":30,"turns":4},{"damage":3,"enemies":"Cultist and Chosen","floor":31,"turns":4},{"damage":26,"enemies":"Collector","floor":33,"turns":7},{"damage":28,"enemies":"3 Darklings","floor":35,"turns":5},{"damage":0,"enemies":"3 Shapes","floor":36,"turns":3},{"damage":21,"enemies":"Sphere and 2 Shapes","floor":38,"turns":6},{"damage":24,"enemies":"3 Darklings","floor":39,"turns":3},{"damage":33,"enemies":"Transient","floor":41,"turns":5},{"damage":6,"enemies":"Sphere and 2 Shapes","floor":45,"turns":3}],"seed_played":"5517699313294469535","potions_obtained":[{"floor":6,"key":"DistilledChaos"},{"floor":10,"key":"Energy Potion"},{"floor":14,"key":"GamblersBrew"},{"floor":16,"key":"SneckoOil"},{"floor":24,"key":"LiquidBronze"},{"floor":27,"key":"LiquidBronze"},{"floor":30,"key":"PowerPotion"},{"floor":33,"key":"ColorlessPotion"},{"floor":36,"key":"SteroidPotion"},{"floor":38,"key":"LiquidMemories"}],"is_trial":false,"path_per_floor":["M","$","M","M","M","E","?","R","T","E","R","?","R","M","R","B",null,"M","$","?","M","M","R","E","R","T","E","R","?","M","M","R","B",null,"M","M","$","M","M","R","M","R","T","?","M"],"character_chosen":"DEFECT","items_purchased":["Defragment","Lee\u0027s Waffle","Self Repair"],"campfire_rested":6,"item_purchase_floors":[19,19,37],"current_hp_per_floor":[88,88,88,88,81,59,59,85,85,81,81,77,77,74,74,55,89,84,96,96,93,74,96,92,92,92,48,76,76,62,59,87,61,96,68,68,68,54,30,58,25,53,53,53,47,47],"gold":228,"neow_bonus":"TWENTY_PERCENT_HP_BONUS","is_daily":false,"chose_seed":false,"campfire_upgraded":3,"win_rate":0.0,"timestamp":1611160277,"path_taken":["M","$","M","M","M","E","?","R","T","E","R","?","R","M","R","BOSS","M","$","?","M","M","R","E","R","T","E","R","?","M","M","R","BOSS","M","M","$","M","M","R","M","R","T","?","?"],"items_purchased_type":["Card","Relic","Card"],"build_version":"2020-12-22","purchased_purges":0,"victory":false,"max_hp_per_floor":[89,89,89,89,89,89,89,89,89,89,89,89,89,89,89,89,89,89,96,96,96,96,96,96,96,96,96,96,96,96,96,96,96,96,96,96,96,96,96,96,96,96,96,96,96,96],"card_choices":[{"not_picked":["Hologram","Barrage"],"picked":"Glacier","floor":1},{"not_picked":["Streamline","Double Energy"],"picked":"Lockon","floor":3},{"not_picked":["Leap","Cold Snap"],"picked":"Conserve Battery","floor":4},{"not_picked":["Stack","Go for the Eyes"],"picked":"Thunder Strike","floor":5},{"not_picked":["Hologram","Undo"],"picked":"Conserve Battery","floor":6},{"not_picked":["Streamline","Auto Shields"],"picked":"Beam Cell","floor":10},{"not_picked":["Consume","Force Field"],"picked":"BootSequence","floor":12},{"not_picked":["Force Field","Heatsinks"],"picked":"Doom and Gloom","floor":14},{"not_picked":["Rainbow","Buffer"],"picked":"Electrodynamics","floor":16},{"not_picked":["Sweeping Beam","Gash","Rip and Tear"],"picked":"SKIP","floor":18},{"not_picked":["Consume","Loop"],"picked":"Chill","floor":21},{"not_picked":["Coolheaded","Go for the Eyes","Rebound+1"],"picked":"SKIP","floor":22},{"not_picked":["Lockon","Turbo+1"],"picked":"Redo+1","floor":24},{"not_picked":["Steam Power","Echo Form","Sunder"],"picked":"SKIP","floor":27},{"not_picked":["Hello World","Sweeping Beam+1","Go for the Eyes"],"picked":"SKIP","floor":30},{"not_picked":["Storm+1","Rebound"],"picked":"Conserve Battery","floor":31},{"not_picked":["Hyperbeam","All For One"],"picked":"Thunder Strike","floor":33},{"not_picked":["Streamline+1","Steam+1","Sweeping Beam"],"picked":"SKIP","floor":35},{"not_picked":["Beam Cell+1","Gash+1"],"picked":"Ball Lightning+1","floor":36},{"not_picked":["Rebound+1","Gash+1","Skim"],"picked":"SKIP","floor":38},{"not_picked":["Auto Shields+1","Streamline+1","Gash"],"picked":"SKIP","floor":39},{"not_picked":["Conserve Battery","Turbo+1","Steam+1"],"picked":"SKIP","floor":41}],"player_experience":5831485,"relics_obtained":[{"floor":6,"key":"Kunai"},{"floor":9,"key":"Symbiotic Virus"},{"floor":10,"key":"Matryoshka"},{"floor":12,"key":"Odd Mushroom"},{"floor":24,"key":"Shovel"},{"floor":25,"key":"Cables"},{"floor":26,"key":"Omamori"},{"floor":26,"key":"Bottled Flame"},{"floor":27,"key":"White Beast Statue"},{"floor":43,"key":"Dream Catcher"}],"event_choices":[{"damage_healed":0,"gold_gain":0,"player_choice":"Ignored","damage_taken":0,"max_hp_gain":0,"max_hp_loss":0,"event_name":"Golden Wing","floor":7,"gold_loss":0},{"damage_healed":0,"gold_gain":0,"player_choice":"Fought Mushrooms","damage_taken":0,"max_hp_gain":0,"max_hp_loss":0,"event_name":"Mushrooms","floor":12,"gold_loss":0},{"damage_healed":0,"gold_gain":0,"player_choice":"Read","damage_taken":0,"max_hp_gain":0,"max_hp_loss":0,"event_name":"The Library","floor":20,"gold_loss":0,"cards_obtained":["Ball Lightning"]},{"damage_healed":0,"gold_gain":0,"player_choice":"Inject Mutagens","damage_taken":0,"relics_obtained":["MutagenicStrength"],"max_hp_gain":0,"max_hp_loss":0,"event_name":"Drug Dealer","floor":29,"gold_loss":0},{"damage_healed":0,"gold_gain":0,"player_choice":"Upgraded Two","damage_taken":0,"max_hp_gain":0,"max_hp_loss":0,"event_name":"Designer","floor":44,"gold_loss":40,"cards_upgraded":["Chill","Conserve Battery"]}],"is_beta":false,"boss_relics":[{"not_picked":["Astrolabe","Philosopher\u0027s Stone"],"picked":"Inserter"},{"not_picked":["Runic Pyramid","SlaversCollar"],"picked":"Cursed Key"}],"items_purged_floors":[],"is_endless":false,"potions_floor_spawned":[6,10,14,16,24,27,30,31,33,35,36,38,39,41],"killed_by":"Sphere and 2 Shapes","ascension_level":0}}