{"host":"oz0i1fpezyhy8r2h","time":1611159763,"event":{"mods":["ATMod(∞¢Ë™Mod)","Act Like it!","Arknights The Spire","BaseMod","CapriCore","GifTheSpireLib","Hallownest","Luminous","Minty Spire (QoL Compilation)","Reimu£®≤©¿ˆ¡È√Œ£©","Remilia£®¿Ÿ√◊¿Ú—«£©","StSLib","The Construct","The Cursed","The Gatherer","The Immortal","The Marked","°æ“≈ŒÔø®≈∆°øREMEMod"],"gold_per_floor":[13,26,26,38,54,79,97,127,127,159,159,159,175,175,175,276,276,294,294,294,308,116,441,138,138,218,218,246,246,279,294,294,396,396,410,410,420,270,270,303,303,335,335,345,169,169,169,194,194,194,194,194,78,103,103],"floor_reached":56,"language":"ZHS","playtime":3218,"items_purged":["Defend_RM","Strike_RM","Strike_RM+1","Strike_RM+1"],"score":2181,"play_id":"a15fa81a-06da-4583-b299-4a28d1b17720","local_time":"20210121002243","is_ascension_mode":true,"campfire_choices":[{"data":"BloodyMagicSquare","floor":15.0,"key":"SMITH"},{"floor":25.0,"key":"DIG"},{"floor":27.0,"key":"DIG"},{"floor":32.0,"key":"DIG"},{"floor":41,"key":"RECALL"},{"floor":47,"key":"DIG"},{"data":"BloodyCatastrophe","floor":49,"key":"SMITH"},{"floor":52,"key":"DIG"}],"circlet_count":0,"master_deck":["AscendersBane","Defend_RM+1","Defend_RM+1","RedMoon+1","ScarletShoot+1","ScarletCoffin+1","NightDance+1","HeartBreak+1","BloodyMagicSquare+1","ScarletMeister+1","HeartBreak+1","BloodyCatastrophe+1","BloodyMagicSquare+1","AT_PowerWithin+1"],"relics":["ScarletHat","AT_ATBox","REME_ComplimentaryCards","RuthlessExorcism:ReiMu","Hallownest:DreamNailRelic","Blood Vial","AT_GoldPhoenixTree","Bottled Flame","Ancient Tea Set","Calipers","Hallownest:SheosBrushRelic","Orichalcum","SlaversCollar","StrikeDummy","Shovel","AT_BladeRuinedKing","Centennial Puzzle","Lantern","AT_TimeSand","Membership Card","Old Coin","Centennial Puzzle","AT_ImmortalShieldbow","AT_DeathDance","AT_Kusabimaru","Ornamental Fan","War Paint","AT_RedTearstoneRing","CaptainsWheel","CrazyTorch:ReiMu","Bottled Tornado","Shuriken","Mastiff:ReiMu","Whetstone","Strawberry","Omamori","AT_TrinityForce","White Beast Statue","AT_ArchangelStaff","Oddly Smooth Stone","Bag of Marbles","PreservedInsect","AT_SunfireAegis","Hallownest:SoulVesselRelic","Thread and Needle","AT_SilvercatRing","AT_RedNoBalance","Pear","Juzu Bracelet","Mummified Hand","ClockworkSouvenir","Hallownest:BeastSealRelic","Gremlin Horn","Bag of Preparation","Eternal Feather","Sundial","AT_ForceNature","Kunai"],"acts_visited":["Exordium","Hallownest:Greenpath","Hallownest:CityofTears","TheEnding"],"potions_floor_usage":[55],"damage_taken":[{"damage":2.0,"enemies":"Hallownest:2_MossCreeps","floor":1.0,"turns":7.0},{"damage":0.0,"enemies":"Hallownest:monsterHuskGuard","floor":2.0,"turns":6.0},{"damage":0.0,"enemies":"Hallownest:monsterHuskWarrior","floor":4.0,"turns":2.0},{"damage":25.0,"enemies":"Hallownest:MossCreep_and_Mosskin","floor":5.0,"turns":8.0},{"damage":3.0,"enemies":"Hallownest:eliteVengeflyKing","floor":6.0,"turns":8.0},{"damage":0.0,"enemies":"Hallownest:Wandering_and_Horned","floor":7.0,"turns":5.0},{"damage":5.0,"enemies":"Hallownest:eliteCrystalGuardian","floor":8.0,"turns":8.0},{"damage":0.0,"enemies":"Hallownest:eliteVengeflyKing","floor":10.0,"turns":6.0},{"damage":29.0,"enemies":"Hallownest:1_Ooma_and_2_Uuma","floor":13.0,"turns":8.0},{"damage":23.0,"enemies":"Hallownest:BossHornet","floor":16.0,"turns":10.0},{"damage":32.0,"enemies":"Hallownest:Flukemon_and_Top","floor":18.0,"turns":7.0},{"damage":19.0,"enemies":"Hallownest:Guard_and_Sentry","floor":21.0,"turns":8.0},{"damage":13.0,"enemies":"Hallownest:eliteSoulWarrior","floor":23.0,"turns":5.0},{"damage":33.0,"enemies":"Hallownest:Nosk","floor":28.0,"turns":3.0},{"damage":46.0,"enemies":"Hallownest:eliteWatcherKnight","floor":30.0,"turns":12.0},{"damage":33.0,"enemies":"Hallownest:Master_and_Novice","floor":31.0,"turns":4.0},{"damage":53.0,"enemies":"Hallownest:BossMantisLord","floor":33.0,"turns":5.0},{"damage":56.0,"enemies":"Hallownest:3_Siblings","floor":35.0,"turns":7.0},{"damage":44.0,"enemies":"Hallownest:2_Littles","floor":37.0,"turns":8.0},{"damage":37,"enemies":"Hallownest:2_Littles","floor":39,"turns":2},{"damage":20,"enemies":"Hallownest:2_Littles","floor":39,"turns":3},{"damage":37,"enemies":"Hallownest:2_Littles","floor":39,"turns":2},{"damage":21,"enemies":"Hallownest:2_Littles","floor":39,"turns":2},{"damage":37,"enemies":"Hallownest:eliteCollector","floor":40,"turns":2},{"damage":22,"enemies":"Hallownest:StalkingDevout","floor":42,"turns":1},{"damage":58,"enemies":"Hallownest:Shield_Sturdy","floor":44,"turns":3},{"damage":36,"enemies":"Hallownest:BossGreyPrinceZote","floor":50,"turns":1},{"damage":105,"enemies":"Shield and Spear","floor":54,"turns":2},{"damage":28,"enemies":"The Heart","floor":55,"turns":1}],"seed_played":"-7078994905120209449","potions_obtained":[{"floor":5.0,"key":"ZuzhouPotion:ReiMu"},{"floor":5.0,"key":"BlessingOfTheForge"},{"floor":6.0,"key":"construct:ShiftPotion"},{"floor":7.0,"key":"ZuzhouPotion:ReiMu"},{"floor":7.0,"key":"PowerPotion"},{"floor":8.0,"key":"SpeedPotion"},{"floor":8.0,"key":"LiquidMemories"},{"floor":10.0,"key":"SmokeBomb"},{"floor":18.0,"key":"BlessingOfTheForge"},{"floor":18.0,"key":"Block Potion"},{"floor":18.0,"key":"LiquidBronze"},{"floor":23.0,"key":"Regen Potion"},{"floor":44,"key":"Block Potion"},{"floor":54,"key":"Weak Potion"}],"is_trial":false,"path_per_floor":["M","M","?","M","M","E","M","E","T","E","?","?","M","?","R","B",null,"M","?","?","M","$","E","$","R","T","R","E","?","E","M","R","B",null,"M","?","M","?","?","E","R","E","T","M","$","?","R","T","R","B",null,"R","$","E","B",null],"character_chosen":"REMILIA","items_purchased":["Membership Card","AT_ImmortalShieldbow","AT_DeathDance","ClockworkSouvenir","BloodyMagicSquare","AT_PowerWithin"],"campfire_rested":0,"item_purchase_floors":[22,24,24,45,45,53],"current_hp_per_floor":[66,66,66,67,44,46,48,48,48,51,51,51,28,28,28,25,57,31,31,31,20,20,19,19,19,19,19,50,50,60,33,33,37,66,52,52,70,70,70,37,37,70,80,76,76,76,76,76,76,80,80,80,80,55,41],"gold":103,"neow_bonus":"THREE_RARE_CARDS","is_daily":false,"chose_seed":false,"campfire_upgraded":2,"win_rate":0.0,"timestamp":1611159763,"path_taken":["M","M","?","M","M","E","?","E","T","E","?","?","?","?","R","BOSS","M","?","?","M","?","E","$","R","T","R","E","?","E","M","R","BOSS","M","?","M","?","?","E","R","E","T","M","$","?","R","?","R","BOSS","R","$","E","BOSS"],"items_purchased_type":["Relic","Relic","Relic","Relic","Card","Card"],"build_version":"2020-12-22","purchased_purges":4,"victory":true,"max_hp_per_floor":[75,75,75,75,75,75,75,75,75,75,68,68,68,68,68,68,68,68,68,68,68,68,68,68,68,68,68,68,68,68,68,68,75,75,75,70,70,70,70,70,70,70,80,80,80,80,80,80,80,80,80,80,80,80,80],"card_choices":[{"not_picked":["CurseOfVladTepes","ForecastOfChange"],"picked":"ScarletCoffin","floor":0.0},{"not_picked":["Stigmanizer","EndlessAdversity"],"picked":"NightDance","floor":1.0},{"not_picked":["Ultimatum","BadLadyScramble","DiffusionOfMisfortune"],"picked":"SKIP","floor":2.0},{"not_picked":["BombardNight","BloodHunter","HunterOfTheNight"],"picked":"SKIP","floor":4.0},{"not_picked":["EmergencyRegeneration","BloodRain","NightDance"],"picked":"SKIP","floor":5.0},{"not_picked":["ScarletGensokyo","ScarletImprint","ScarletDevil"],"picked":"SKIP","floor":6.0},{"not_picked":["EndlessAdversity","UnderTheZenith","UnstableMagic"],"picked":"SKIP","floor":7.0},{"not_picked":["VampireSweep","MastersStateliness"],"picked":"HeartBreak","floor":8.0},{"not_picked":["VampireKiss","BlasphemousPunishment"],"picked":"BloodyMagicSquare","floor":10.0},{"not_picked":["Stigmanizer","NightDance","GlobalNightmare"],"picked":"SKIP","floor":13.0},{"not_picked":["ChaoticDestiny","ScarletCoffin"],"picked":"ScarletMeister","floor":16.0},{"not_picked":["RedRainbow+1","ScarletSymphony","BombardNight"],"picked":"SKIP","floor":18.0},{"not_picked":["StarOfDavid","ScarletDream","BadLadyScramble"],"picked":"SKIP","floor":21.0},{"not_picked":["BlasphemousPunishment","NightDance+1","HellCatastrophe"],"picked":"SKIP","floor":23.0},{"not_picked":["ScarletDevilSign","EndlessAdversity+1","UnderTheZenith"],"picked":"SKIP","floor":28.0},{"not_picked":["BombardNight+1","MastersStateliness","ScarletImprint+1"],"picked":"SKIP","floor":30.0},{"not_picked":["EndlessAdversity","MastersStateliness","UnderTheZenith+1"],"picked":"SKIP","floor":31.0},{"not_picked":["KillingBlow","TricksterDevil"],"picked":"HeartBreak","floor":33.0},{"not_picked":["RedRainbow","FavorOfDestiny","BloodHunter"],"picked":"SKIP","floor":35.0},{"not_picked":["ScarletDevil","MastersStateliness+1","CharismaGuard"],"picked":"SKIP","floor":37.0},{"not_picked":["VampireFantasy","NightDance+1","GlobalNightmare"],"picked":"SKIP","floor":40},{"not_picked":["UnstableMagic","BombardNight+1","GlobalNightmare"],"picked":"SKIP","floor":42},{"not_picked":["HunterOfTheNight","MastersStateliness"],"picked":"BloodyCatastrophe","floor":44},{"not_picked":["LeisurelyOfLord+1","BloodHunter","FavorOfDestiny+1"],"picked":"SKIP","floor":54}],"player_experience":166305,"relics_obtained":[{"floor":1.0,"key":"RuthlessExorcism:ReiMu"},{"floor":4.0,"key":"Blood Vial"},{"floor":6.0,"key":"AT_GoldPhoenixTree"},{"floor":6.0,"key":"Bottled Flame"},{"floor":8.0,"key":"Ancient Tea Set"},{"floor":10.0,"key":"Calipers"},{"floor":13.0,"key":"Orichalcum"},{"floor":18.0,"key":"StrikeDummy"},{"floor":18.0,"key":"Shovel"},{"floor":18.0,"key":"AT_BladeRuinedKing"},{"floor":21.0,"key":"Lantern"},{"floor":21.0,"key":"AT_TimeSand"},{"floor":23.0,"key":"Old Coin"},{"floor":23.0,"key":"Centennial Puzzle"},{"floor":25.0,"key":"AT_Kusabimaru"},{"floor":26.0,"key":"Ornamental Fan"},{"floor":27.0,"key":"War Paint"},{"floor":28.0,"key":"AT_RedTearstoneRing"},{"floor":30.0,"key":"CaptainsWheel"},{"floor":30.0,"key":"CrazyTorch:ReiMu"},{"floor":30.0,"key":"Bottled Tornado"},{"floor":31.0,"key":"Shuriken"},{"floor":31.0,"key":"Mastiff:ReiMu"},{"floor":32.0,"key":"Whetstone"},{"floor":33.0,"key":"Strawberry"},{"floor":33.0,"key":"Omamori"},{"floor":35.0,"key":"White Beast Statue"},{"floor":35.0,"key":"AT_ArchangelStaff"},{"floor":35.0,"key":"Oddly Smooth Stone"},{"floor":37.0,"key":"Bag of Marbles"},{"floor":37.0,"key":"PreservedInsect"},{"floor":37.0,"key":"AT_SunfireAegis"},{"floor":40,"key":"Thread and Needle"},{"floor":40,"key":"AT_SilvercatRing"},{"floor":42,"key":"AT_SilverBalance"},{"floor":43,"key":"Pear"},{"floor":44,"key":"Juzu Bracelet"},{"floor":44,"key":"Mummified Hand"},{"floor":47,"key":"Gremlin Horn"},{"floor":48,"key":"Bag of Preparation"},{"floor":52,"key":"Eternal Feather"},{"floor":54,"key":"Sundial"},{"floor":54,"key":"AT_ForceNature"},{"floor":54,"key":"Kunai"}],"event_choices":[],"is_beta":false,"boss_relics":[{"not_picked":["Astrolabe","Busted Crown"],"picked":"SlaversCollar"},{"not_picked":["Velvet Choker","REME_DemonsWealth"],"picked":"AT_TrinityForce"}],"items_purged_floors":[22,24,45,53],"is_endless":false,"potions_floor_spawned":[5,6,8,13,21,23,30,35,37,39,39,39,39,40,42,44,54],"ascension_level":10}}