{"host":"0v07cr0k93jhgkpm","time":1611119450,"event":{"mods":["BaseMod","Colored Map","DeckTracker","Minty Spire (QoL Compilation)","Quick Restart","SuperFastMode"],"gold_per_floor":[110,16,16,30,105,139,157,183,183,203,203,221,237,272,272,351,351,364,364,364,364,381,413,413,413,413,413,413],"floor_reached":27,"language":"KOR","playtime":916,"items_purged":[],"score":552,"play_id":"4ce18146-b3a4-4782-b6bd-8eace7178b4f","local_time":"20210120141050","is_ascension_mode":true,"campfire_choices":[{"data":"Machine Learning","floor":11.0,"key":"SMITH"},{"data":"Redo","floor":15.0,"key":"SMITH"},{"floor":25,"key":"REST"}],"circlet_count":0,"master_deck":["AscendersBane","Strike_B","Strike_B","Defend_B","Defend_B","Zap","Dualcast","Cold Snap","Static Discharge","FTL","Machine Learning+1","Self Repair","Undo","Chaos","Redo+1","Sweeping Beam","Redo+1","Reboot+1","Tempest+1","Force Field+1","Chill+1","Coolheaded+1","Glacier+1","Loop","Meteor Strike"],"relics":["Cracked Core","NeowsBlessing","Oddly Smooth Stone","Symbiotic Virus","Bottled Lightning","Toxic Egg 2","Astrolabe","HornCleat"],"acts_visited":["Exordium","TheCity"],"potions_floor_usage":[],"damage_taken":[{"damage":0.0,"enemies":"Cultist","floor":1.0,"turns":1.0},{"damage":0.0,"enemies":"2 Louse","floor":4.0,"turns":1.0},{"damage":0.0,"enemies":"Lagavulin","floor":6.0,"turns":1.0},{"damage":0.0,"enemies":"Jaw Worm","floor":7.0,"turns":3.0},{"damage":20.0,"enemies":"3 Sentries","floor":8.0,"turns":8.0},{"damage":0.0,"enemies":"2 Fungi Beasts","floor":10.0,"turns":4.0},{"damage":3.0,"enemies":"Looter","floor":12.0,"turns":3.0},{"damage":12.0,"enemies":"Lots of Slimes","floor":13.0,"turns":3.0},{"damage":11.0,"enemies":"Gremlin Nob","floor":14.0,"turns":3.0},{"damage":30.0,"enemies":"Hexaghost","floor":16.0,"turns":11.0},{"damage":1.0,"enemies":"3 Byrds","floor":18.0,"turns":6.0},{"damage":10,"enemies":"Spheric Guardian","floor":22,"turns":4},{"damage":48,"enemies":"Book of Stabbing","floor":23,"turns":5},{"damage":43,"enemies":"Slavers","floor":27,"turns":3}],"seed_played":"-4505990517024843525","potions_obtained":[{"floor":7.0,"key":"Dexterity Potion"},{"floor":8.0,"key":"Ancient Potion"},{"floor":10.0,"key":"Strength Potion"},{"floor":13.0,"key":"Regen Potion"}],"is_trial":false,"path_per_floor":["M","$","?","M","?","E","M","E","T","M","R","M","M","E","R","B",null,"M","?","?","?","M","E","?","R","T","E"],"character_chosen":"DEFECT","items_purchased":["Static Discharge","Barrage"],"campfire_rested":1,"item_purchase_floors":[2,2],"current_hp_per_floor":[64,64,69,69,58,58,58,45,45,45,45,42,30,35,35,12,60,66,66,66,66,56,8,8,30,30,0,0],"gold":413,"neow_bonus":"THREE_ENEMY_KILL","is_daily":false,"chose_seed":false,"campfire_upgraded":2,"win_rate":0.0,"timestamp":1611119450,"path_taken":["M","$","?","M","?","E","M","E","T","M","R","M","M","E","R","BOSS","M","?","?","?","?","E","?","R","T","E"],"items_purchased_type":["Card","Card"],"build_version":"2020-12-22","purchased_purges":0,"victory":false,"max_hp_per_floor":[71,71,76,76,76,76,76,76,76,76,76,76,76,76,76,76,76,76,76,76,76,76,76,76,76,76,76,76],"card_choices":[{"not_picked":["Redo","Reinforced Body"],"picked":"Cold Snap","floor":1.0},{"not_picked":["Compile Driver","Barrage"],"picked":"FTL","floor":4.0},{"not_picked":["Barrage","Rip and Tear"],"picked":"Machine Learning","floor":6.0},{"not_picked":["Turbo","Stack"],"picked":"Self Repair","floor":7.0},{"not_picked":["Self Repair","Rip and Tear"],"picked":"Undo","floor":8.0},{"not_picked":["White Noise","Cold Snap"],"picked":"Chaos","floor":10.0},{"not_picked":["Ball Lightning","Leap"],"picked":"Redo","floor":12.0},{"not_picked":["Loop","Barrage"],"picked":"Sweeping Beam","floor":13.0},{"not_picked":["Barrage","Melter"],"picked":"Redo+1","floor":14.0},{"not_picked":["Meteor Strike","Buffer"],"picked":"Reboot+1","floor":16.0},{"not_picked":["Compile Driver","Cold Snap"],"picked":"Coolheaded+1","floor":18.0},{"not_picked":["Loop","Streamline","Rebound+1"],"picked":"SKIP","floor":22},{"not_picked":["Storm","FTL"],"picked":"Loop","floor":23}],"player_experience":2503834,"relics_obtained":[{"floor":6.0,"key":"Oddly Smooth Stone"},{"floor":8.0,"key":"Symbiotic Virus"},{"floor":9.0,"key":"Bottled Lightning"},{"floor":14.0,"key":"Toxic Egg 2"},{"floor":23,"key":"HornCleat"}],"event_choices":[{"damage_healed":0.0,"max_hp_gain":5.0,"max_hp_loss":0.0,"gold_gain":0.0,"event_name":"Big Fish","player_choice":"Donut","floor":3.0,"gold_loss":0.0,"damage_taken":0.0},{"damage_healed":0.0,"max_hp_gain":0.0,"max_hp_loss":0.0,"gold_gain":75.0,"event_name":"World of Goop","player_choice":"Gather Gold","floor":5.0,"gold_loss":0.0,"damage_taken":11.0},{"damage_healed":0,"gold_gain":0,"player_choice":"Ignored","damage_taken":0,"max_hp_gain":0,"max_hp_loss":0,"event_name":"Cursed Tome","floor":19,"gold_loss":0},{"damage_healed":0,"gold_gain":0,"player_choice":"Read","damage_taken":0,"max_hp_gain":0,"max_hp_loss":0,"event_name":"The Library","floor":20,"gold_loss":0,"cards_obtained":["Glacier"]},{"cards_removed":["Defend_B"],"damage_healed":0,"gold_gain":0,"player_choice":"Purged","damage_taken":0,"max_hp_gain":0,"max_hp_loss":0,"event_name":"Purifier","floor":21,"gold_loss":0},{"damage_healed":0,"gold_gain":0,"cards_transformed":["Barrage"],"player_choice":"Transformed","damage_taken":0,"max_hp_gain":0,"max_hp_loss":0,"event_name":"Transmorgrifier","floor":24,"gold_loss":0,"cards_obtained":["Meteor Strike"]}],"is_beta":false,"boss_relics":[{"not_picked":["SacredBark","Calling Bell"],"picked":"Astrolabe"}],"items_purged_floors":[],"is_endless":false,"potions_floor_spawned":[7,8,10,13],"killed_by":"Slavers","ascension_level":20}}