{"host":"xj2wyr3bqqv4irjd","time":1611126189,"event":{"mods":["Act Like it!","Aspiration","BaseMod","Jorbs\u0027s Wanderer Trilogy","Koishi","Marisa£®ÏF”Í°°ƒß¿Ì…≥£©","Minty Spire (QoL Compilation)","Quick Restart","Rare Cards Sparkle","Reimu£®≤©¿ˆ¡È√Œ£©","Remilia£®¿Ÿ√◊¿Ú—«£©","Replay The Spire","SIMod","StSLib","Td1madao Mod","The Animator","WarShipGirlsR/’ΩΩ¢…Ÿ≈ÆR mod","Yakumo Yukari mod"],"gold_per_floor":[389,469,469,483,495,521,521,554,554,554,571,571,584,534,534,639,639,657,677,677,677,677],"floor_reached":21,"language":"ZHS","playtime":1237,"items_purged":[],"score":217,"play_id":"cc4ea037-3647-427d-804f-550b069100c8","local_time":"20210120150309","is_ascension_mode":true,"campfire_choices":[{"data":"Bait_Toxicbait_purple","floor":7.0,"key":"SMITH"},{"data":"OmniscientAndOmnipotent_Monster_purple","floor":12.0,"key":"SMITH"},{"data":"Observe_purple_2","floor":15.0,"key":"SMITH"}],"circlet_count":0,"master_deck":["AT_purpleEX","AT_purpleEX","AT_purpleEX","Defend_purpleEX","Defend_purpleEX","Defend_purpleEX","Defend_purpleEX","Observe_purple_1","Observe_purple_2+1","Fantasy_PerpetualMotionMachine_purple","Bait_Toxicbait_purple+1","CommonSense_AntiCommonSense_purple","Boundary_DreamRealityDamnation_purple","OmniscientAndOmnipotent_Monster_purple+1","Injury","Mirror_FormAndEmptin_purple","Know_ledgeAbilityRealm_purple","RuleDissolution_purple"],"relics":["Boundary_crack","Memoryfragments_purpleEX","Divine Protection","HornCleat","Juzu Bracelet","Frozen Egg 2","aspiration:PoetsPen"],"acts_visited":["Exordium","TheCity"],"potions_floor_usage":[21],"damage_taken":[{"damage":7.0,"enemies":"Small Slimes","floor":1.0,"turns":5.0},{"damage":5.0,"enemies":"Jaw Worm","floor":4.0,"turns":4.0},{"damage":1.0,"enemies":"Cultist","floor":5.0,"turns":5.0},{"damage":36.0,"enemies":"Lagavulin","floor":6.0,"turns":9.0},{"damage":7.0,"enemies":"3 Sentries","floor":8.0,"turns":9.0},{"damage":0.0,"enemies":"Blue Slaver","floor":11.0,"turns":3.0},{"damage":2.0,"enemies":"3 Louse","floor":13.0,"turns":2.0},{"damage":20.0,"enemies":"The Guardian","floor":16.0,"turns":9.0},{"damage":18.0,"enemies":"Shell Parasite","floor":18.0,"turns":3.0},{"damage":0.0,"enemies":"Spheric Guardian","floor":19.0,"turns":1.0},{"damage":27,"enemies":"Snake Plant","floor":21,"turns":2}],"seed_played":"269016960339080871","potions_obtained":[{"floor":1.0,"key":"GrandPatriotsElixir:ReiMu"},{"floor":6.0,"key":"DistilledChaos"},{"floor":13.0,"key":"GamblersBrew"},{"floor":16.0,"key":"LiquidMemories"}],"is_trial":false,"path_per_floor":["M","?","?","M","M","E","R","E","T","?","M","R","M","?","R","B",null,"M","M","?","M"],"character_chosen":"Youkari","items_purchased":[],"campfire_rested":0,"item_purchase_floors":[],"current_hp_per_floor":[44,44,51,48,49,18,18,16,16,16,21,21,24,24,24,9,70,57,60,60,33,33],"gold":677,"neow_bonus":"TWO_FIFTY_GOLD","is_daily":false,"chose_seed":false,"campfire_upgraded":3,"win_rate":0.0,"timestamp":1611126189,"path_taken":["M","?","?","?","M","E","R","E","T","?","M","R","M","?","R","BOSS","M","M","?","M"],"items_purchased_type":[],"build_version":"2020-12-22","purchased_purges":0,"victory":false,"max_hp_per_floor":[70,70,70,70,70,70,70,70,70,70,70,70,70,70,70,70,70,70,70,70,70,70],"card_choices":[{"not_picked":["Shallow_ocean_purpleEX","Charmbait_purple"],"picked":"Fantasy_PerpetualMotionMachine_purple","floor":1.0},{"not_picked":["ExistenceContinue_purple","ButterflyHabitatTemple_purple"],"picked":"Bait_Toxicbait_purple","floor":4.0},{"not_picked":["StateDuplicate_purple","Line_surface_state_purple"],"picked":"CommonSense_AntiCommonSense_purple","floor":5.0},{"not_picked":["Realm_recovery_purpleEX","SfantasyHide_purple"],"picked":"Boundary_DreamRealityDamnation_purple","floor":6.0},{"not_picked":["Worldmountain_purple","RuleDissolution_purple"],"picked":"OmniscientAndOmnipotent_Monster_purple","floor":8.0},{"not_picked":["SfantasyHide_purple","Boundary_ObjectiveBoundary_purple"],"picked":"Mirror_FormAndEmptin_purple","floor":11.0},{"not_picked":["Boundary_DynamicStaticEquilibrium_purple","Boundary_LightAndDark_purple","Boundary_of_Extermination_purpleEX+1"],"picked":"SKIP","floor":13.0},{"not_picked":["WangLiang_LineAndCurveDreams_purple+1","Price_of_realm_purpleEX"],"picked":"Know_ledgeAbilityRealm_purple","floor":16.0},{"not_picked":["Anti_communist_purple","Line_surface_state_purple+1","Shallow_ocean_purpleEX"],"picked":"SKIP","floor":18.0},{"not_picked":["Shallow_ocean_purpleEX","DimensionStaggered_purple"],"picked":"RuleDissolution_purple","floor":19.0}],"player_experience":546938,"relics_obtained":[{"floor":6.0,"key":"Divine Protection"},{"floor":8.0,"key":"HornCleat"},{"floor":9.0,"key":"Juzu Bracelet"}],"event_choices":[{"cards_removed":["AT_purpleEX"],"damage_healed":0.0,"max_hp_gain":0.0,"max_hp_loss":0.0,"gold_gain":0.0,"event_name":"The Cleric","player_choice":"Card Removal","floor":14.0,"gold_loss":50.0,"damage_taken":0.0},{"damage_healed":0.0,"max_hp_gain":0.0,"max_hp_loss":0.0,"gold_gain":0.0,"event_name":"Vampires","player_choice":"Ignored","floor":20.0,"gold_loss":0.0,"damage_taken":0.0}],"is_beta":false,"boss_relics":[{"not_picked":["Black Star","SlaversCollar"],"picked":"aspiration:PoetsPen"}],"items_purged_floors":[],"is_endless":false,"potions_floor_spawned":[1,6,13,16,18],"killed_by":"Snake Plant","ascension_level":3}}