{"host":"eejrqhjknvwl59ep","time":1611155184,"event":{"mods":["AchievementEnabler","BaseMod","Defuse TimeMaze Blight","Hubris","Infinite Spire","Minty Spire (QoL Compilation)","StSLib"],"gold_per_floor":[117,117,42,117,117,160,160,160,160,160,180,220,220,23,23,153,153,178,213,213,68,68,68,68],"floor_reached":23,"language":"ENG","playtime":904,"items_purged":[],"score":266,"play_id":"34d8d778-26b5-40e5-b4bb-d609d53591dd","local_time":"20210120160624","daily_mods":["SealedDeck","Heirloom","Flight"],"is_ascension_mode":false,"campfire_choices":[{"data":"Accuracy","floor":7,"key":"SMITH"},{"data":"Cloak And Dagger","floor":8,"key":"SMITH"},{"data":"Catalyst","floor":10,"key":"SMITH"},{"data":"Envenom","floor":15,"key":"SMITH"}],"circlet_count":0,"master_deck":["Cloak And Dagger+1","Accuracy+1","Calculated Gamble","Deflect","Backflip","Catalyst+1","Poisoned Stab+1","Escape Plan","Prepared","Escape Plan","Escape Plan","Envenom+1","Dodge and Roll","Blur","Acrobatics","Noxious Fumes","Deadly Poison","Calculated Gamble+1","infinitespire:Neurotoxin","Accuracy"],"relics":["Ring of the Snake","infinitespire:Joker Card","Golden Idol","hubris:SlimyHat","Ancient Tea Set","Bottled Tornado","Whetstone","hubris:TenFootPole","WristBlade","Red Mask"],"acts_visited":["Exordium","TheCity"],"potions_floor_usage":[12,19,23],"damage_taken":[{"damage":0,"enemies":"Jaw Worm","floor":1,"turns":2},{"damage":11,"enemies":"Lagavulin","floor":6,"turns":4},{"damage":0,"enemies":"Small Slimes","floor":11,"turns":1},{"damage":0,"enemies":"Gremlin Nob","floor":12,"turns":2},{"damage":0,"enemies":"Hexaghost","floor":16,"turns":6},{"damage":0,"enemies":"Shell Parasite","floor":18,"turns":4},{"damage":28,"enemies":"Masked Bandits","floor":19,"turns":4},{"damage":49,"enemies":"Gremlin Leader","floor":23,"turns":6}],"seed_played":"-7298021295406396757","potions_obtained":[{"floor":1,"key":"ColorlessPotion"},{"floor":11,"key":"Energy Potion"},{"floor":18,"key":"CunningPotion"}],"is_trial":true,"path_per_floor":["M","?","$","?","?","E","R","R","T","R","M","E","T","$","R","B",null,"M","?","?","$","?","E"],"character_chosen":"THE_SILENT","items_purchased":["Escape Plan","Blur","Acrobatics","Noxious Fumes","infinitespire:Neurotoxin","Accuracy"],"campfire_rested":0,"item_purchase_floors":[3,14,14,14,21,21],"current_hp_per_floor":[70,53,53,42,42,31,31,31,31,31,31,31,31,31,31,31,70,70,42,42,42,47,0,0],"gold":68,"neow_bonus":"","is_daily":false,"chose_seed":false,"campfire_upgraded":4,"win_rate":0.0,"timestamp":1611155184,"path_taken":["M","?","$","?","?","E","R","R","T","R","?","E","?","$","R","BOSS","M","?","?","$","?","E"],"items_purchased_type":["Card","Card","Card","Card","Card","Card"],"build_version":"2020-12-22","purchased_purges":0,"victory":false,"max_hp_per_floor":[70,70,70,70,70,70,70,70,70,70,70,70,70,70,70,70,70,70,70,70,70,70,70,70],"card_choices":[{"not_picked":["Heel Hook","Underhanded Strike"],"picked":"Prepared","floor":1},{"not_picked":["Terror","Caltrops"],"picked":"Escape Plan","floor":6},{"not_picked":["Poisoned Stab","Deadly Poison"],"picked":"Envenom","floor":11},{"not_picked":["PiercingWail","Setup"],"picked":"Dodge and Roll","floor":12},{"not_picked":["Well Laid Plans","Crippling Poison+1"],"picked":"Deadly Poison","floor":18},{"not_picked":["Riddle With Holes","Dagger Throw"],"picked":"Calculated Gamble+1","floor":19}],"player_experience":246842,"relics_obtained":[{"floor":6,"key":"Ancient Tea Set"},{"floor":9,"key":"Bottled Tornado"},{"floor":12,"key":"Whetstone"},{"floor":13,"key":"hubris:TenFootPole"},{"floor":19,"key":"Red Mask"}],"event_choices":[{"damage_healed":0,"gold_gain":0,"player_choice":"Take Damage","damage_taken":17,"relics_obtained":["Golden Idol"],"max_hp_gain":0,"max_hp_loss":0,"event_name":"Golden Idol","floor":2,"gold_loss":0},{"damage_healed":0,"gold_gain":75,"player_choice":"Gather Gold","damage_taken":11,"max_hp_gain":0,"max_hp_loss":0,"event_name":"World of Goop","floor":4,"gold_loss":0},{"cards_removed":["Prepared"],"damage_healed":0,"gold_gain":0,"player_choice":"Gave Card","damage_taken":0,"relics_obtained":["hubris:SlimyHat"],"max_hp_gain":0,"max_hp_loss":0,"event_name":"WeMeetAgain","floor":5,"gold_loss":0},{"damage_healed":0,"gold_gain":0,"player_choice":"Fought Bandits","damage_taken":0,"max_hp_gain":0,"max_hp_loss":0,"event_name":"Masked Bandits","floor":19,"gold_loss":0},{"cards_removed":["Poisoned Stab"],"damage_healed":5,"gold_gain":0,"player_choice":"Offered Common","damage_taken":0,"max_hp_gain":0,"max_hp_loss":0,"event_name":"Bonfire Elementals","floor":22,"gold_loss":0},{"cards_removed":["Poisoned Stab"],"damage_healed":5,"gold_gain":0,"player_choice":"Offered Special","damage_taken":0,"max_hp_gain":0,"max_hp_loss":0,"event_name":"Bonfire Elementals","floor":22,"gold_loss":0}],"is_beta":false,"boss_relics":[{"not_picked":["hubris:CrackedHourglass","SacredBark"],"picked":"WristBlade"}],"items_purged_floors":[],"is_endless":false,"potions_floor_spawned":[1,11,18],"killed_by":"Gremlin Leader","ascension_level":0}}