{"host":"lxihx0b6awoz2w1j","time":1611157454,"event":{"mods":["Act Like it!","BaseMod","Better Third Choice","CapriCore","Colored Powertips","Conspire","Fox Events","Gensokyo","Hermit","Hubris","Infinite Spire","JesterMod","Luminous","Marisa????????","Melee Mod","Minty Spire (QoL Compilation)","Prisma Mod","Quick Restart","Relic Stats","Replay The Spire","Shade Mod","Spicy Shops","StSLib","The Alterego","The Blue Laboratory","The Cursed","The Disciple","The Forsaken","The Gatherer","The Immortal","The Jungle","The Marked","The Runesmith","The Senshi","The Servant 0.9.4","The Spell Scribe","Waifu the Spire"],"gold_per_floor":[114,128,146,146,21,21,21,39,39,78,78,100,100,127,127,262,262,287,316,276,304,339,380,380,407,478,40,70,70,95,122,122,257,257,291,332,375,412,442,442,442],"floor_reached":40,"language":"ENG","playtime":2502,"items_purged":[],"score":518,"play_id":"b3d9be8e-9597-42cf-a94e-0a4e82a84e17","local_time":"20210120164414","is_ascension_mode":false,"campfire_choices":[{"floor":6.0,"key":"REST"},{"floor":11.0,"key":"REST"},{"data":"theSenshi:MoonPrismPowerMakeUp","floor":13.0,"key":"SMITH"},{"data":"theSenshi:SailorMercuryAssists","floor":15.0,"key":"SMITH"},{"data":"theSenshi:GlimpseOfThePast","floor":24.0,"key":"SMITH"},{"data":"infinitespire:SevenWalls","floor":32.0,"key":"SMITH"}],"circlet_count":0,"master_deck":["theSenshi:SailorKick","theSenshi:SailorKick","theSenshi:SailorKick","theSenshi:SailorKick","theSenshi:SailorBlock","theSenshi:SailorBlock","theSenshi:SailorBlock+1","theSenshi:SailorBlock+1","theSenshi:RoseThrow","theSenshi:MoonPrismPowerMakeUp+1","theSenshi:InTheNameOfTheMoon","theSenshi:SailorVenusAssists","theSenshi:TuxedoMaskAssists","theSenshi:SailorChibiMoonAssists","theSenshi:RainbowMoonHeartAche","theSenshi:SailorJupiterAssists","theSenshi:TallSilhouette","theSenshi:SailorJupiterAssists","theSenshi:SailorMercuryAssists+1","theSenshi:GlimpseOfThePast+1","theSenshi:SaturnsMystery+1","theSenshi:SailorPlanetAttack+1","theSenshi:KlutzyLuck+1","theSenshi:MoonPunch+1","theSenshi:SailorV","theSenshi:SailorNeptuneAssists","theSenshi:InTheNickOfTime","theSenshi:SailorPlanetAttack+1","theSenshi:MoonCrystalPowerMakeUp","infinitespire:SevenWalls+1","theSenshi:MoonPrincessHalation","theSenshi:StarlightHoneymoonTherapyKiss","theSenshi:SailorMarsAssists+1","theSenshi:MoonCosmicPowerMakeUp","theSenshi:SailorStarFighterAssists","theSenshi:MoonCrystalPowerMakeUp","theSenshi:StudyParty"],"relics":["theSenshi:TransformationBroochRelic","Golden Idol","StrikeDummy","Replay:Bandana","Sozu","Darkstone Periapt","hubris:TinFlute","Vajra","infinitespire:Golems Mask","BargainBundle","Replay:Grab Bag","ChewingGum","Painkiller Herb","theSenshi:MoonKaleidoScopeRelic"],"acts_visited":["Exordium","TheCity","TheBeyond"],"potions_floor_usage":[],"damage_taken":[{"damage":0.0,"enemies":"Small Slimes","floor":1.0,"turns":3.0},{"damage":5.0,"enemies":"2 Louse","floor":2.0,"turns":3.0},{"damage":0.0,"enemies":"Cultist","floor":3.0,"turns":4.0},{"damage":10.0,"enemies":"Lots of Slimes","floor":8.0,"turns":5.0},{"damage":24.0,"enemies":"3 Sentries","floor":10.0,"turns":8.0},{"damage":1.0,"enemies":"Looter","floor":12.0,"turns":3.0},{"damage":7.0,"enemies":"Red Slaver","floor":14.0,"turns":2.0},{"damage":0.0,"enemies":"Fading Forest","floor":16.0,"turns":11.0},{"damage":6.0,"enemies":"conspire:FuzzyDice","floor":18.0,"turns":6.0},{"damage":7.0,"enemies":"Spheric Guardian","floor":19.0,"turns":5.0},{"damage":4.0,"enemies":"Cultist and Chosen","floor":21.0,"turns":5.0},{"damage":0.0,"enemies":"Snecko","floor":22.0,"turns":5.0},{"damage":20.0,"enemies":"Nightmare","floor":23.0,"turns":8.0},{"damage":24.0,"enemies":"Snake Plant","floor":25.0,"turns":5.0},{"damage":4.0,"enemies":"Chosen and Byrds","floor":28.0,"turns":6.0},{"damage":0.0,"enemies":"Cultist and Chosen","floor":30.0,"turns":4.0},{"damage":6.0,"enemies":"Sentry and Sphere","floor":31.0,"turns":5.0},{"damage":17.0,"enemies":"conspire:MysteriousRune","floor":33.0,"turns":9.0},{"damage":0.0,"enemies":"3 Shapes","floor":35.0,"turns":4.0},{"damage":11.0,"enemies":"3 Darklings","floor":36.0,"turns":7.0},{"damage":8.0,"enemies":"Jaw Worm Horde","floor":37.0,"turns":4.0},{"damage":14.0,"enemies":"Sphere and 2 Shapes","floor":38.0,"turns":4.0},{"damage":6.0,"enemies":"Maw","floor":39.0,"turns":7.0},{"damage":0,"enemies":"Giant Head","floor":40,"turns":1}],"seed_played":"-3891186470357672993","potions_obtained":[{"floor":2.0,"key":"blueLaboratory:PhilterOfMotion"},{"floor":12.0,"key":"blueLaboratory:BottledHope"}],"is_trial":false,"path_per_floor":["M","M","M","?","$","R","?","M","T","E","R","M","R","M","R","B",null,"M","M","?","M","M","NM","R","M","T","$","M","AVR","M","M","R","B",null,"?","?","?","?","?","E"],"character_chosen":"THE_SENSHI","items_purchased":["theSenshi:RainbowMoonHeartAche","theSenshi:InTheNickOfTime","Vajra","theSenshi:SailorPlanetAttack+1","infinitespire:Golems Mask"],"campfire_rested":2,"item_purchase_floors":[5,27,27,27,27],"current_hp_per_floor":[75,70,70,52,52,74,74,64,64,40,62,61,61,54,54,54,75,69,72,72,68,75,55,55,44,44,44,67,67,75,69,69,58,75,75,75,67,53,75,75,75],"gold":442,"neow_bonus":"ONE_RANDOM_RARE_CARD","is_daily":false,"chose_seed":false,"campfire_upgraded":4,"win_rate":0.0,"timestamp":1611157454,"path_taken":["M","M","M","?","$","R","?","M","T","E","R","M","R","M","R","BOSS","M","M","?","M","M","NM","R","M","T","$","?","AVR","M","M","R","BOSS","?","?","?","?","?","E"],"items_purchased_type":["Card","Card","Relic","Card","Relic"],"build_version":"2020-12-22","purchased_purges":0,"victory":false,"max_hp_per_floor":[75,75,75,75,75,75,75,75,75,75,75,75,75,75,75,75,75,75,75,75,75,75,75,75,75,75,75,75,75,75,75,75,75,75,75,75,75,75,75,75,75],"relic_stats":{"Sozu":8,"Darkstone Periapt":0,"counters":[24,124],"Golden Idol":120,"obtain_stats":[{"Darkstone Periapt":23,"BargainBundle":29,"Golden Idol":4,"Replay:Grab Bag":34,"theSenshi:MoonKaleidoScopeRelic":34,"Vajra":27,"Painkiller Herb":34,"Sozu":17,"Replay:Bandana":10,"theSenshi:TransformationBroochRelic":0,"infinitespire:Golems Mask":27,"ChewingGum":34,"StrikeDummy":9,"hubris:TinFlute":26},{"Darkstone Periapt":13,"BargainBundle":15,"Golden Idol":3,"Replay:Grab Bag":18,"theSenshi:MoonKaleidoScopeRelic":18,"Vajra":14,"Painkiller Herb":18,"Sozu":8,"Replay:Bandana":5,"theSenshi:TransformationBroochRelic":0,"infinitespire:Golems Mask":14,"ChewingGum":18,"StrikeDummy":4,"hubris:TinFlute":14},{"Darkstone Periapt":68,"BargainBundle":79,"Golden Idol":10,"Replay:Grab Bag":97,"theSenshi:MoonKaleidoScopeRelic":97,"Vajra":73,"Painkiller Herb":97,"Sozu":39,"Replay:Bandana":23,"theSenshi:TransformationBroochRelic":0,"infinitespire:Golems Mask":73,"ChewingGum":97,"StrikeDummy":15,"hubris:TinFlute":73}]},"card_choices":[{"not_picked":["theSenshi:MoonsReflection","theSenshi:UranusStrength"],"picked":"theSenshi:SailorVenusAssists","floor":1.0},{"not_picked":["theSenshi:GatheringStrength","theSenshi:SailorPlanetAttack"],"picked":"theSenshi:TuxedoMaskAssists","floor":2.0},{"not_picked":["theSenshi:LateForSchool","theSenshi:SailorV"],"picked":"theSenshi:SailorChibiMoonAssists","floor":3.0},{"not_picked":["theSenshi:SailorStarFighterAssists","theSenshi:LunaWiseMentor"],"picked":"theSenshi:SailorJupiterAssists","floor":8.0},{"not_picked":["theSenshi:StudyParty","theSenshi:SailorNeptuneAssists"],"picked":"theSenshi:TallSilhouette","floor":10.0},{"not_picked":["theSenshi:SailorChibiMoonAssists","theSenshi:SailorVenusAssists"],"picked":"theSenshi:SailorJupiterAssists","floor":12.0},{"not_picked":["theSenshi:SailorVenusAssists","theSenshi:SailorJupiterAssists"],"picked":"theSenshi:SailorMercuryAssists","floor":14.0},{"not_picked":["theSenshi:FatedKiss","theSenshi:SailorCosmosAssists"],"picked":"theSenshi:GlimpseOfThePast","floor":16.0},{"not_picked":["theSenshi:SailorStarFighterAssists","theSenshi:TuxedoSmokingBomber+1"],"picked":"theSenshi:SaturnsMystery+1","floor":18.0},{"not_picked":["theSenshi:MoonKick","theSenshi:EncouragingSpeech+1"],"picked":"theSenshi:SailorPlanetAttack+1","floor":19.0},{"not_picked":["theSenshi:SailorV+1","theSenshi:SailorMercuryAssists"],"picked":"theSenshi:KlutzyLuck+1","floor":21.0},{"not_picked":["theSenshi:DramaticEntrance","theSenshi:YouCanTalk"],"picked":"theSenshi:MoonPunch+1","floor":22.0},{"not_picked":["theSenshi:MoonsReflection+1","theSenshi:PlutosSolemnity"],"picked":"theSenshi:SailorV","floor":23.0},{"not_picked":["theSenshi:OdangoHead+1","theSenshi:DramaticEntrance+1"],"picked":"theSenshi:SailorNeptuneAssists","floor":25.0},{"not_picked":["theSenshi:SailorMarsAssists","theSenshi:MoonPrincessHalation+1"],"picked":"theSenshi:MoonCrystalPowerMakeUp","floor":28.0},{"not_picked":["theSenshi:OdangoHead","theSenshi:NeptunesGrace"],"picked":"theSenshi:MoonPrincessHalation","floor":30.0},{"not_picked":["theSenshi:MoonTiaraMagic","theSenshi:OdangoHead","theSenshi:SailorChibiMoonAssists"],"picked":"SKIP","floor":31.0},{"not_picked":["theSenshi:SilverMoonCrystalPowerKiss","theSenshi:ChibiMoonsLove"],"picked":"theSenshi:StarlightHoneymoonTherapyKiss","floor":33.0},{"not_picked":["theSenshi:MarsPride","theSenshi:MoonPrincessHalation"],"picked":"theSenshi:SailorMarsAssists+1","floor":35.0},{"not_picked":["theSenshi:SailorPlanetAttack+1","theSenshi:SailorStarFighterAssists"],"picked":"theSenshi:MoonCosmicPowerMakeUp","floor":36.0},{"not_picked":["theSenshi:SupersonicWaves","theSenshi:DramaticEntrance+1"],"picked":"theSenshi:SailorStarFighterAssists","floor":37.0},{"not_picked":["theSenshi:SailorVenusAssists","theSenshi:LunaWiseMentor"],"picked":"theSenshi:MoonCrystalPowerMakeUp","floor":38.0},{"not_picked":["theSenshi:MoonPower","theSenshi:SteeledNerves"],"picked":"theSenshi:StudyParty","floor":39.0}],"player_experience":643876,"relics_obtained":[{"floor":9.0,"key":"StrikeDummy"},{"floor":10.0,"key":"Replay:Bandana"},{"floor":23.0,"key":"Darkstone Periapt"},{"floor":26.0,"key":"hubris:TinFlute"}],"event_choices":[{"damage_healed":0.0,"max_hp_gain":0.0,"max_hp_loss":0.0,"gold_gain":0.0,"event_name":"Golden Idol","player_choice":"Take Damage","floor":4.0,"gold_loss":0.0,"damage_taken":18.0,"relics_obtained":["Golden Idol"]},{"damage_healed":0.0,"max_hp_gain":0.0,"max_hp_loss":0.0,"gold_gain":0.0,"event_name":"Designer","player_choice":"Upgraded Two","floor":20.0,"gold_loss":40.0,"damage_taken":0.0,"cards_upgraded":["theSenshi:SailorBlock","theSenshi:SailorBlock"]}],"is_beta":false,"boss_relics":[{"not_picked":["ReplayTheSpireMod:DimensionalGlitch","Busted Crown"],"picked":"Sozu"},{"not_picked":["Runic Pyramid","Calling Bell"],"picked":"Replay:Grab Bag"},{"not_picked":["hubris:TerracottaHorce","Replay:Bronze Core"],"picked":"ChewingGum"},{"not_picked":["hubris:VirtuousBlindfold","hubris:RunicObelisk"],"picked":"Painkiller Herb"},{"not_picked":["Kintsugi","conspire:RunicOctahedron"],"picked":"theSenshi:MoonKaleidoScopeRelic"}],"items_purged_floors":[],"is_endless":true,"potions_floor_spawned":[2,12,19,21,22,30,31,33,38,39],"killed_by":"Giant Head","ascension_level":0}}