{"host":"lnt5dzsuhru0aonl","time":1611136082,"event":{"mods":["2.2 Compatiblity","BaseMod","Colored Map","Colored Powertips","DeckTracker","Keyboard Shortcuts","Minty Spire (QoL Compilation)","Permanent Neow","Rare Cards Sparkle","StSLib","SuperFastMode","everything is the same but u backflip on backflip"],"gold_per_floor":[216,233,42,42,7,7,27,55,55,89,101,114,114,134,134,211,211,231,231,69,69,85,85,85,85],"floor_reached":24,"language":"KOR","playtime":509,"items_purged":[],"score":462,"play_id":"6c4aefe9-2f97-4500-ad82-f5d885e7c2ad","local_time":"20210120184802","is_ascension_mode":true,"campfire_choices":[{"data":"Apotheosis","floor":6.0,"key":"SMITH"},{"data":"Inflame","floor":13,"key":"SMITH"},{"data":"Shockwave","floor":15,"key":"SMITH"},{"data":"Limit Break","floor":23,"key":"SMITH"}],"circlet_count":0,"master_deck":["AscendersBane","Strike_R+1","Strike_R+1","Strike_R","Strike_R+1","Strike_R+1","Defend_R","Defend_R","Defend_R","Defend_R","Bash","Carnage","Feel No Pain","Apotheosis+1","True Grit","Corruption","Inflame+1","Shockwave+1","Limit Break+1","Pommel Strike","Offering","Rage+1"],"relics":["Black Blood","Thread and Needle","Mercury Hourglass","Whetstone"],"acts_visited":["Exordium","TheCity"],"potions_floor_usage":[10,18],"damage_taken":[{"damage":7.0,"enemies":"Cultist","floor":1.0,"turns":4.0},{"damage":7.0,"enemies":"Small Slimes","floor":2.0,"turns":3.0},{"damage":7.0,"enemies":"2 Louse","floor":7.0,"turns":2.0},{"damage":7.0,"enemies":"Lagavulin","floor":8.0,"turns":6.0},{"damage":0,"enemies":"Gremlin Nob","floor":10,"turns":3},{"damage":7,"enemies":"Looter","floor":11,"turns":2},{"damage":0,"enemies":"Exordium Wildlife","floor":12,"turns":2},{"damage":14,"enemies":"Large Slime","floor":14,"turns":2},{"damage":39,"enemies":"Hexaghost","floor":16,"turns":8},{"damage":9,"enemies":"Shell Parasite","floor":18,"turns":5},{"damage":37,"enemies":"2 Thieves","floor":22,"turns":4},{"damage":44,"enemies":"Slavers","floor":24,"turns":3}],"seed_played":"6430787564189467136","potions_obtained":[{"floor":7.0,"key":"ColorlessPotion"},{"floor":8.0,"key":"LiquidBronze"},{"floor":14,"key":"FearPotion"},{"floor":16,"key":"Weak Potion"}],"is_trial":false,"path_per_floor":["M","M","$","?","?","R","M","E","T","E","M","M","R","M","R","B",null,"M","?","$","?","M","R","E"],"character_chosen":"IRONCLAD","items_purchased":["Apotheosis","Offering"],"campfire_rested":0,"item_purchase_floors":[3,20],"current_hp_per_floor":[67,66,66,43,61,61,60,59,59,65,64,70,70,62,62,29,64,67,67,67,67,42,42,0,0],"gold":85,"neow_bonus":"HUNDRED_GOLD","is_daily":false,"chose_seed":false,"campfire_upgraded":4,"win_rate":0.0,"timestamp":1611136082,"path_taken":["M","?","$","?","?","R","M","E","T","E","M","M","R","M","R","BOSS","M","?","$","?","?","R","E"],"items_purchased_type":["Card","Card"],"build_version":"2020-12-22","purchased_purges":0,"victory":false,"max_hp_per_floor":[75,75,75,75,75,75,75,75,75,75,75,75,75,75,75,75,75,75,75,75,75,75,75,75,75],"card_choices":[{"not_picked":["Iron Wave","Combust"],"picked":"Carnage","floor":1.0},{"not_picked":["True Grit","Wild Strike"],"picked":"Feel No Pain","floor":2.0},{"not_picked":["Flex","Hemokinesis"],"picked":"True Grit","floor":7.0},{"not_picked":["Twin Strike","Headbutt","Armaments"],"picked":"SKIP","floor":8.0},{"not_picked":["Feel No Pain","Sword Boomerang"],"picked":"Corruption","floor":10},{"not_picked":["Anger","Flex","Sword Boomerang"],"picked":"SKIP","floor":11},{"not_picked":["Thunderclap","Blood for Blood"],"picked":"Inflame","floor":12},{"not_picked":["Clash","Inflame"],"picked":"Shockwave","floor":14},{"not_picked":["Brutality","Impervious"],"picked":"Limit Break","floor":16},{"not_picked":["Iron Wave+1","Headbutt"],"picked":"Pommel Strike","floor":18},{"not_picked":["Burning Pact+1","Thunderclap"],"picked":"Rage+1","floor":22}],"player_experience":707369,"relics_obtained":[{"floor":8.0,"key":"Thread and Needle"},{"floor":9.0,"key":"Mercury Hourglass"},{"floor":10,"key":"Whetstone"}],"event_choices":[{"damage_healed":0.0,"max_hp_gain":0.0,"max_hp_loss":0.0,"gold_gain":0.0,"event_name":"Shining Light","player_choice":"Entered Light","floor":4.0,"gold_loss":0.0,"damage_taken":23.0,"cards_upgraded":["Strike_R","Strike_R"]},{"damage_healed":18.0,"max_hp_gain":0.0,"max_hp_loss":0.0,"gold_gain":0.0,"event_name":"The Cleric","player_choice":"Healed","floor":5.0,"gold_loss":35.0,"damage_taken":0.0},{"damage_healed":0,"gold_gain":0,"player_choice":"Ignored","damage_taken":0,"max_hp_gain":0,"max_hp_loss":0,"event_name":"Ghosts","floor":19,"gold_loss":0},{"damage_healed":0,"gold_gain":0,"player_choice":"Ignored","damage_taken":0,"max_hp_gain":0,"max_hp_loss":0,"event_name":"Vampires","floor":21,"gold_loss":0}],"is_beta":false,"boss_relics":[{"not_picked":["Calling Bell","Philosopher\u0027s Stone"],"picked":"Black Blood"}],"items_purged_floors":[],"is_endless":false,"potions_floor_spawned":[7,8,14,16],"killed_by":"Slavers","ascension_level":20}}