{"host":"nea7n2z8ef69uk76","time":1611114724,"event":{"mods":["BaseMod","Better Altar","Colored Powertips","Curses Come First","Emptier Cage","Lobotomy","LobotomyExtend","Minty Spire (QoL Compilation)","Permanent Neow","Quick Restart","SacredBarkPlus","Spicy Shops","StSLib"],"gold_per_floor":[115,115,80,98,117,143,143,168,195,195,195,215,233,248,248,350,350,367,378,578,598,633,633,644,644,644,644,673,673,673,620,620,723,723,739,757,774,794,807,807,760,760,786,786,819,78,78,98,98,98],"floor_reached":51,"language":"ENG","playtime":2303,"items_purged":["ParadiseLost"],"score":873,"play_id":"f99689a4-6cef-4dab-ac50-388829655094","local_time":"20210119225204","is_ascension_mode":false,"campfire_choices":[{"floor":15,"key":"REST"}],"circlet_count":0,"master_deck":["SpecialBullet","SpecialBullet","SpecialBullet","SpecialBullet","SpecialBullet","SpecialBullet","SpecialBullet","SpecialBullet","ExtractionCode","SecurityCode","TrainingCode","Penitence","Scorched","Diffraction","Parasite","Tough","WallGazer","Bloodbath","BearPaw","ScreamingWedge","OSAHOGD","WristCuter","Reverberation","QueenOfHatred","Tough","Mimicry+1","CENSORED_ego+1","MHz","GoldRush+1","Horn+1","SnowQueen","Beak+1","Murderer","Diffraction+1","CENSORED_ego+1","Freischutz","WristCuter+1","GreedKing","Beak+1","Twilight+1","CentralCode","HappyTeddy","CherryBlossom+1","RitualDagger+1","CENSORED","CUTE+1","Twilight+1","Pinks+1","InformationCode","SilentOrchestra","CherryBlossom+1","LongBird","WristCuter+1","UniverseFragment","Moonlight+1","Diffraction+1","Ecstasy+1","SolemnVow+1","Twilight+1","BodiesMountain","GrinderMk4+1","WelfareCode","Scarecrow","Reverberation+1","Horn+1","Swift Strike+1","GrinderMk4+1"],"relics":["CogitoBucket","Lantern","LetterFromLob","ShedSkin_r","Toy Ornithopter","Dream Catcher","Omamori","SkinProphecy","Philosopher\u0027s Stone","ChangeAnything","AtMidnight","Cursed Key","Shuriken","Centennial Puzzle","Oddly Smooth Stone","HandDrill","Gremlin Horn","Boot"],"acts_visited":["Exordium","TheCity","TheBeyond"],"potions_floor_usage":[12,14,31,36,45,50],"damage_taken":[{"damage":11,"enemies":"Jaw Worm","floor":1,"turns":3},{"damage":0,"enemies":"Small Slimes","floor":4,"turns":3},{"damage":8,"enemies":"Cultist","floor":5,"turns":3},{"damage":27,"enemies":"3 Sentries","floor":6,"turns":4},{"damage":7,"enemies":"Gremlin Nob","floor":8,"turns":4},{"damage":52,"enemies":"2 Fungi Beasts","floor":12,"turns":5},{"damage":11,"enemies":"Exordium Wildlife","floor":13,"turns":2},{"damage":10,"enemies":"Looter","floor":14,"turns":2},{"damage":27,"enemies":"Slime Boss","floor":16,"turns":8},{"damage":10,"enemies":"3 Byrds","floor":18,"turns":5},{"damage":30,"enemies":"Chosen","floor":19,"turns":5},{"damage":2,"enemies":"Sentry and Sphere","floor":21,"turns":3},{"damage":16,"enemies":"Snecko","floor":22,"turns":3},{"damage":0,"enemies":"Snake Plant","floor":24,"turns":1},{"damage":0,"enemies":"Centurion and Healer","floor":28,"turns":2},{"damage":27,"enemies":"Sentry and Sphere","floor":31,"turns":4},{"damage":47,"enemies":"Collector","floor":33,"turns":8},{"damage":2,"enemies":"Orb Walker","floor":35,"turns":3},{"damage":0,"enemies":"3 Darklings","floor":36,"turns":2},{"damage":24,"enemies":"Maw","floor":37,"turns":5},{"damage":17,"enemies":"Spire Growth","floor":38,"turns":3},{"damage":20,"enemies":"4 Shapes","floor":39,"turns":2},{"damage":14,"enemies":"Reptomancer","floor":41,"turns":4},{"damage":11,"enemies":"Giant Head","floor":45,"turns":3},{"damage":10,"enemies":"3 Darklings","floor":48,"turns":2},{"damage":69,"enemies":"Time Eater","floor":50,"turns":5},{"damage":10,"enemies":"Malkuth","floor":51,"turns":5},{"damage":49,"enemies":"Hod","floor":51,"turns":5},{"damage":237,"enemies":"Tiphereth","floor":51,"turns":11},{"damage":206,"enemies":"Binah","floor":51,"turns":10},{"damage":2,"enemies":"Angela","floor":51,"turns":4}],"seed_played":"-2027920142635170055","potions_obtained":[{"floor":5,"key":"FairyPotion"},{"floor":6,"key":"Regen Potion"},{"floor":13,"key":"ColorlessPotion"},{"floor":14,"key":"GamblersBrew"},{"floor":16,"key":"Dexterity Potion"},{"floor":18,"key":"SkillPotion"},{"floor":31,"key":"CultistPotion"},{"floor":36,"key":"Fruit Juice"},{"floor":39,"key":"ColorlessPotion"},{"floor":45,"key":"Block Potion"}],"is_trial":false,"path_per_floor":["M","?","?","M","M","E","R","E","T","R","?","M","M","M","R","B",null,"M","M","?","M","M","R","M","R","T","R","M","R","?","M","R","B",null,"M","M","M","M","M","R","E","R","T","R","E","$","R","M","R","B",null],"character_chosen":"Angela","items_purchased":["HandDrill","Horn+1","Swift Strike+1","Gremlin Horn","Boot"],"campfire_rested":1,"item_purchase_floors":[46,46,46,46,46],"current_hp_per_floor":[67,37,54,62,62,43,43,44,44,44,49,25,18,23,46,30,81,82,51,51,59,55,55,59,59,59,59,70,70,64,48,48,42,101,103,110,112,105,97,97,103,103,103,103,117,117,117,126,126,121],"gold":98,"neow_bonus":"RANDOM_COMMON_RELIC","is_daily":false,"chose_seed":false,"campfire_upgraded":0,"win_rate":0.0,"timestamp":1611114724,"path_taken":["M","?","?","M","M","E","R","E","T","R","?","M","M","M","R","BOSS","M","M","?","?","M","R","M","R","T","R","M","R","?","M","R","BOSS","M","M","M","M","M","R","E","R","T","R","E","$","R","M","R","BOSS"],"items_purchased_type":["Relic","Card","Card","Relic","Relic"],"build_version":"2020-12-22","purchased_purges":1,"victory":true,"max_hp_per_floor":[70,70,70,70,70,70,70,70,70,70,75,75,77,79,79,81,81,83,87,87,89,91,91,93,93,93,93,95,95,95,99,99,101,101,103,110,112,114,116,116,122,122,122,122,128,128,128,130,130,134],"card_choices":[{"not_picked":["RapturousDream"],"picked":"Penitence","floor":1},{"not_picked":["Wellcheers","WallGazer"],"picked":"Scorched","floor":1},{"not_picked":["Lantern"],"picked":"Diffraction","floor":1},{"not_picked":["Pleasure"],"picked":"Tough","floor":4},{"not_picked":["Wellcheers","MHz"],"picked":"WallGazer","floor":4},{"not_picked":["RedEyes","Horn"],"picked":"SKIP","floor":4},{"not_picked":["InTheNameOfLoveAndHate","Soda"],"picked":"SKIP","floor":5},{"not_picked":["Justitia","Penitence"],"picked":"SKIP","floor":5},{"not_picked":["Laetitia_ego","CUTE"],"picked":"ParadiseLost","floor":6},{"not_picked":["Rudolta","Mercenary"],"picked":"Bloodbath","floor":6},{"not_picked":["RedEyes","Soda"],"picked":"BearPaw","floor":6},{"not_picked":["Pinks","Harmony"],"picked":"ScreamingWedge","floor":8},{"not_picked":["LaLuna","ShyLook"],"picked":"OSAHOGD","floor":8},{"not_picked":["SoundOfStar","Tough"],"picked":"WristCuter","floor":8},{"not_picked":["Lantern","Tough"],"picked":"Reverberation","floor":12},{"not_picked":["PunishingBird","Alriune","SingingMachine"],"picked":"Singing Bowl","floor":12},{"not_picked":["FrostShard","MagicBullet","Christmas"],"picked":"SKIP","floor":12},{"not_picked":["VoidDream","Rudolta"],"picked":"QueenOfHatred","floor":13},{"not_picked":["Laetitia_ego","RedEyes"],"picked":"Tough","floor":13},{"not_picked":["CherryBlossoms","GalaxyChild","CrumblingArmor"],"picked":"Singing Bowl","floor":14},{"not_picked":["CUTE","RedEyes","LifeForTheDareDevil"],"picked":"SKIP","floor":14},{"not_picked":["Tough+1","WristCuter+1"],"picked":"Mimicry+1","floor":15},{"not_picked":["Pinks+1","DaCapo+1"],"picked":"CENSORED_ego+1","floor":16},{"not_picked":["WhitesApple","HappyTeddy"],"picked":"MHz","floor":16},{"not_picked":["DaCapo+1","Justitia+1"],"picked":"GoldRush+1","floor":16},{"not_picked":["WristCuter+1","SomewhereSpear+1"],"picked":"Horn+1","floor":18},{"not_picked":["UniverseFragment","Yin"],"picked":"SnowQueen","floor":18},{"not_picked":["Loneliness+1","Heaven+1"],"picked":"Beak+1","floor":18},{"not_picked":["BodiesMountain","Variant"],"picked":"Murderer","floor":19},{"not_picked":["CUTE+1","CherryBlossom+1"],"picked":"Diffraction+1","floor":19},{"not_picked":["FeatherOfHonor+1","Mimicry+1","Noise+1"],"picked":"SKIP","floor":19},{"not_picked":["ShedSkin+1","RedEyes+1"],"picked":"CENSORED_ego+1","floor":21},{"not_picked":["Yin","WhiteNight","PunishingBird"],"picked":"Singing Bowl","floor":21},{"not_picked":["Porccubus","Mercenary"],"picked":"Freischutz","floor":21},{"not_picked":["Wingbeat+1","SwordSharpenedByTears+1"],"picked":"WristCuter+1","floor":21},{"not_picked":["LaLuna","UniverseFragment"],"picked":"GreedKing","floor":22},{"not_picked":["Penitence+1","Loneliness+1"],"picked":"Beak+1","floor":22},{"not_picked":["BeautyBeast","CherryBlossoms","Wellcheers"],"picked":"Singing Bowl","floor":24},{"not_picked":["RapturousDream+1","Regret_ego+1"],"picked":"Twilight+1","floor":24},{"not_picked":["NakedNest","MeltingLove"],"picked":"HappyTeddy","floor":28},{"not_picked":["SomewhereSpear+1","Penitence+1"],"picked":"CherryBlossom+1","floor":28},{"not_picked":["Wellcheers","Rudolta"],"picked":"CENSORED","floor":31},{"not_picked":["Wingbeat+1","Horn+1"],"picked":"CUTE+1","floor":31},{"not_picked":["Justitia+1","DaCapo+1"],"picked":"Twilight+1","floor":33},{"not_picked":["DaCapo+1","Mimicry+1"],"picked":"Pinks+1","floor":33},{"not_picked":["SilentOrchestra","FairyFestival","MeatLantern"],"picked":"Singing Bowl","floor":33},{"not_picked":["Porccubus","CherryBlossoms","VoidDream"],"picked":"Singing Bowl","floor":35},{"not_picked":["FairyFestival","SpiderBud"],"picked":"SilentOrchestra","floor":35},{"not_picked":["Noise+1","FourthMatchFlame+1"],"picked":"CherryBlossom+1","floor":35},{"not_picked":["SingingMachine","LittlePrince","RedShoes"],"picked":"Singing Bowl","floor":36},{"not_picked":["DespairKnight","Yin"],"picked":"LongBird","floor":36},{"not_picked":["RapturousDream+1","Soda+1"],"picked":"WristCuter+1","floor":36},{"not_picked":["DreamingCurrent","LittlePrince"],"picked":"UniverseFragment","floor":37},{"not_picked":["Noise+1","ParadiseLost+1"],"picked":"Moonlight+1","floor":37},{"not_picked":["FourthMatchFlame+1","RedEyes+1"],"picked":"Diffraction+1","floor":38},{"not_picked":["BeautyBeast","LittleHelper","ShyLook"],"picked":"Singing Bowl","floor":38},{"not_picked":["SolemnVow+1","Loneliness+1"],"picked":"Ecstasy+1","floor":38},{"not_picked":["SpiderBud","BigBird","BlackSwan"],"picked":"Singing Bowl","floor":39},{"not_picked":["Galaxy+1","RedEyes+1"],"picked":"SolemnVow+1","floor":39},{"not_picked":["TodaysExpression+1","ShedSkin+1"],"picked":"Twilight+1","floor":41},{"not_picked":["BigBadWolf","VoidDream","Yin"],"picked":"Singing Bowl","floor":41},{"not_picked":["ShyLook","DreamingCurrent"],"picked":"BodiesMountain","floor":41},{"not_picked":["Lamp+1","Amita+1"],"picked":"GrinderMk4+1","floor":41},{"not_picked":["MeatLantern","DreamingCurrent"],"picked":"Scarecrow","floor":45},{"not_picked":["RedEyes+1","Moonlight+1"],"picked":"Reverberation+1","floor":45},{"not_picked":["Laetitia","BlueStar","Alriune"],"picked":"Singing Bowl","floor":48},{"not_picked":["Lantern+1","TodaysExpression+1"],"picked":"GrinderMk4+1","floor":48}],"player_experience":426452,"relics_obtained":[{"floor":1,"key":"LetterFromLob"},{"floor":6,"key":"Toy Ornithopter"},{"floor":8,"key":"Dream Catcher"},{"floor":9,"key":"Omamori"},{"floor":31,"key":"AtMidnight"},{"floor":41,"key":"Shuriken"},{"floor":43,"key":"Centennial Puzzle"},{"floor":45,"key":"Oddly Smooth Stone"}],"event_choices":[{"damage_healed":17,"gold_gain":0,"player_choice":"Healed","damage_taken":0,"max_hp_gain":0,"max_hp_loss":0,"event_name":"The Cleric","floor":3,"gold_loss":35},{"damage_healed":0,"gold_gain":0,"player_choice":"Donut","damage_taken":0,"max_hp_gain":5,"max_hp_loss":0,"event_name":"Big Fish","floor":11,"gold_loss":0},{"damage_healed":0,"gold_gain":250,"player_choice":"Bet on Owner","damage_taken":0,"max_hp_gain":0,"max_hp_loss":0,"event_name":"The Joust","floor":20,"gold_loss":50},{"damage_healed":0,"gold_gain":0,"player_choice":"Joined the Cult","damage_taken":6,"max_hp_gain":0,"max_hp_loss":0,"event_name":"Nest","floor":30,"gold_loss":0,"cards_obtained":["RitualDagger"]}],"is_beta":false,"boss_relics":[{"not_picked":["Calling Bell","Runic Dome"],"picked":"Philosopher\u0027s Stone"},{"not_picked":["Busted Crown","Black Star"],"picked":"Cursed Key"}],"items_purged_floors":[46],"is_endless":false,"potions_floor_spawned":[5,6,13,14,16,18,21,31,36,39,45,48],"ascension_level":0}}