{"host":"qxeepl7ydvsgmfdb","time":1611149934,"event":{"mods":["AchievementEnabler","BaseMod","Colored Powertips","Minty Spire (QoL Compilation)","Quick Restart","slay the spire mod where everything is the same but ironclad has a cowboy hat"],"gold_per_floor":[112,62,76,76,76,109,109,143,143,143,143,158,169,183,183,283,283,293,9,9,22,41,41,41],"floor_reached":23,"language":"ENG","playtime":947,"items_purged":[],"score":260,"play_id":"2965dafe-871f-4e1d-96d7-c40907ebdd8b","local_time":"20210120083854","is_ascension_mode":true,"campfire_choices":[{"floor":7,"key":"DIG"},{"floor":15,"key":"REST"}],"circlet_count":0,"master_deck":["Strike_B","Strike_B","Strike_B","Defend_B","Defend_B","Defend_B","Defend_B","Zap+1","Dualcast","Ball Lightning","Cold Snap","Leap","Sweeping Beam","Coolheaded","Leap","Ball Lightning","Redo","Redo+1","Chill","Ball Lightning","Leap"],"relics":["Cracked Core","NeowsBlessing","Oddly Smooth Stone","Omamori","Shovel","Blue Candle","The Courier","Prayer Wheel","Nuclear Battery","Meat on the Bone"],"acts_visited":["Exordium","TheCity"],"potions_floor_usage":[22,23],"damage_taken":[{"damage":0,"enemies":"Small Slimes","floor":1,"turns":1},{"damage":0,"enemies":"Jaw Worm","floor":3,"turns":1},{"damage":0,"enemies":"Lagavulin","floor":6,"turns":1},{"damage":48,"enemies":"Gremlin Nob","floor":8,"turns":5},{"damage":1,"enemies":"2 Louse","floor":12,"turns":2},{"damage":6,"enemies":"2 Fungi Beasts","floor":13,"turns":2},{"damage":2,"enemies":"Exordium Wildlife","floor":14,"turns":3},{"damage":31,"enemies":"Slime Boss","floor":16,"turns":11},{"damage":7,"enemies":"Chosen","floor":18,"turns":5},{"damage":21,"enemies":"Shell Parasite","floor":21,"turns":6},{"damage":64,"enemies":"Centurion and Healer","floor":22,"turns":13},{"damage":58,"enemies":"Gremlin Leader","floor":23,"turns":3}],"seed_played":"-7055255232975196576","potions_obtained":[{"floor":6,"key":"Regen Potion"},{"floor":8,"key":"FairyPotion"},{"floor":16,"key":"Swift Potion"},{"floor":18,"key":"PowerPotion"}],"is_trial":false,"path_per_floor":["M","?","M","T","?","E","R","E","T","?","?","M","M","M","R","B",null,"M","$","?","M","M","E"],"character_chosen":"DEFECT","items_purchased":["Meat on the Bone","Ball Lightning","Redo"],"campfire_rested":1,"item_purchase_floors":[19,19,19],"current_hp_per_floor":[75,75,75,75,75,75,75,27,27,20,20,19,13,11,33,2,75,68,68,75,54,34,0,0],"gold":41,"neow_bonus":"THREE_ENEMY_KILL","is_daily":false,"chose_seed":false,"campfire_upgraded":0,"win_rate":0.0,"timestamp":1611149934,"path_taken":["M","?","M","?","?","E","R","E","T","?","?","M","M","M","R","BOSS","M","$","?","M","M","E"],"items_purchased_type":["Relic","Card","Card"],"build_version":"2020-12-22","purchased_purges":0,"victory":false,"max_hp_per_floor":[75,75,75,75,75,75,75,75,75,75,75,75,75,75,75,75,75,75,75,75,75,75,75,75],"card_choices":[{"not_picked":["Go for the Eyes","Rip and Tear","Streamline"],"picked":"SKIP","floor":1},{"not_picked":["Rebound","Conserve Battery","Double Energy"],"picked":"SKIP","floor":3},{"not_picked":["Genetic Algorithm","Rebound"],"picked":"Ball Lightning","floor":6},{"not_picked":["BootSequence","Steam"],"picked":"Cold Snap","floor":8},{"not_picked":["Rip and Tear","Sunder"],"picked":"Leap","floor":12},{"not_picked":["Go for the Eyes","Steam"],"picked":"Sweeping Beam","floor":12},{"not_picked":["Gash","Leap","Tempest"],"picked":"SKIP","floor":13},{"not_picked":["Hologram","Stack","Fission"],"picked":"SKIP","floor":13},{"not_picked":["Beam Cell","FTL"],"picked":"Coolheaded","floor":14},{"not_picked":["Rebound","Hologram","Coolheaded"],"picked":"SKIP","floor":14},{"not_picked":["Aggregate","Storm+1"],"picked":"Leap","floor":18},{"not_picked":["Rebound","BootSequence","Go for the Eyes"],"picked":"SKIP","floor":18},{"not_picked":["Coolheaded","Recycle+1"],"picked":"Redo+1","floor":21},{"not_picked":["Reinforced Body","Go for the Eyes"],"picked":"Chill","floor":21},{"not_picked":["Steam+1","Beam Cell+1"],"picked":"Ball Lightning","floor":22},{"not_picked":["Conserve Battery","Multi-Cast"],"picked":"Leap","floor":22}],"player_experience":188191,"relics_obtained":[{"floor":4,"key":"Oddly Smooth Stone"},{"floor":6,"key":"Shovel"},{"floor":7,"key":"Blue Candle"},{"floor":8,"key":"The Courier"},{"floor":9,"key":"Prayer Wheel"}],"event_choices":[{"cards_removed":["Strike_B"],"damage_healed":0,"gold_gain":0,"player_choice":"Card Removal","damage_taken":0,"max_hp_gain":0,"max_hp_loss":0,"event_name":"The Cleric","floor":2,"gold_loss":50},{"damage_healed":0,"gold_gain":0,"player_choice":"Box","damage_taken":0,"relics_obtained":["Omamori"],"max_hp_gain":0,"max_hp_loss":0,"event_name":"Big Fish","floor":5,"gold_loss":0,"cards_obtained":["Regret"]},{"cards_removed":["Regret"],"damage_healed":0,"gold_gain":0,"player_choice":"Card Removal","damage_taken":7,"max_hp_gain":0,"max_hp_loss":0,"event_name":"Golden Wing","floor":10,"gold_loss":0},{"damage_healed":0,"gold_gain":0,"player_choice":"Grow","damage_taken":0,"max_hp_gain":0,"max_hp_loss":0,"event_name":"Living Wall","floor":11,"gold_loss":0,"cards_upgraded":["Zap"]},{"damage_healed":25,"gold_gain":0,"player_choice":"Heal","damage_taken":0,"max_hp_gain":0,"max_hp_loss":0,"event_name":"The Library","floor":20,"gold_loss":0}],"is_beta":false,"boss_relics":[{"not_picked":["Pandora\u0027s Box","Ectoplasm"],"picked":"Nuclear Battery"}],"items_purged_floors":[],"is_endless":false,"potions_floor_spawned":[6,8,16,18],"killed_by":"Gremlin Leader","ascension_level":3}}