{"host":"vfh4a5lsno7fg1vy","time":1611166381,"event":{"mods":["BaseMod","Minty Spire (QoL Compilation)","StSLib","Synergy Search"],"gold_per_floor":[116,9,184,184,200,200,232,251,251,251,251,270,282,300,300,398,398,409,384,474,474,474],"floor_reached":21,"language":"KOR","playtime":909,"items_purged":[],"score":199,"play_id":"71df597d-b0bb-46b9-a6f5-735e9b667001","local_time":"20210121031301","is_ascension_mode":true,"campfire_choices":[{"data":"Infernal Blade","floor":6.0,"key":"SMITH"},{"data":"Trip","floor":10.0,"key":"SMITH"},{"floor":15.0,"key":"REST"}],"circlet_count":0,"master_deck":["Strike_R","Strike_R","Strike_R","Strike_R","Strike_R","Defend_R","Defend_R","Defend_R","Defend_R","Bash","Trip+1","Heavy Blade","Infernal Blade+1","Rupture","Doubt","Heavy Blade","Metallicize","Thunderclap","Sever Soul","Thunderclap","Intimidate","Reaper","Thunderclap+1","Burning Pact+1"],"relics":["Black Blood","CultistMask","Self Forming Clay","InkBottle","Frozen Egg 2"],"acts_visited":["Exordium","TheCity"],"potions_floor_usage":[],"damage_taken":[{"damage":12.0,"enemies":"Jaw Worm","floor":1.0,"turns":2.0},{"damage":0.0,"enemies":"Small Slimes","floor":5.0,"turns":3.0},{"damage":35.0,"enemies":"Gremlin Nob","floor":7.0,"turns":4.0},{"damage":7.0,"enemies":"Cultist","floor":8.0,"turns":4.0},{"damage":18.0,"enemies":"Blue Slaver","floor":12.0,"turns":4.0},{"damage":10.0,"enemies":"Lots of Slimes","floor":13.0,"turns":2.0},{"damage":11.0,"enemies":"Looter","floor":14.0,"turns":2.0},{"damage":45.0,"enemies":"Hexaghost","floor":16.0,"turns":10.0},{"damage":35.0,"enemies":"Chosen","floor":18.0,"turns":7.0},{"damage":33.0,"enemies":"2 Thieves","floor":19.0,"turns":5.0},{"damage":32,"enemies":"Snake Plant","floor":21,"turns":3}],"seed_played":"1480226162293549033","potions_obtained":[{"floor":1.0,"key":"BlessingOfTheForge"},{"floor":8.0,"key":"AttackPotion"},{"floor":13.0,"key":"Block Potion"},{"floor":14.0,"key":"EssenceOfSteel"},{"floor":19.0,"key":"AttackPotion"}],"is_trial":false,"path_per_floor":["M","$","?","?","M","R","E","M","T","R","T","M","M","M","R","B",null,"M","M","?","M"],"character_chosen":"IRONCLAD","items_purchased":["Infernal Blade","Rupture"],"campfire_rested":1,"item_purchase_floors":[2,2],"current_hp_per_floor":[74,74,74,74,80,80,51,50,50,50,50,38,34,29,53,14,80,57,42,30,0,0],"gold":474,"neow_bonus":"RANDOM_COLORLESS","is_daily":false,"chose_seed":false,"campfire_upgraded":2,"win_rate":0.0,"timestamp":1611166381,"path_taken":["M","$","?","?","?","R","E","M","T","R","?","M","?","M","R","BOSS","M","M","?","M"],"items_purchased_type":["Card","Card"],"build_version":"2020-12-22","purchased_purges":0,"victory":false,"max_hp_per_floor":[80,80,80,80,80,80,80,80,80,80,80,80,80,80,80,80,80,80,80,80,80,80],"card_choices":[{"not_picked":["Finesse","Bandage Up"],"picked":"Trip","floor":0.0},{"not_picked":["Iron Wave","Wild Strike"],"picked":"Heavy Blade","floor":1.0},{"not_picked":["Power Through","Body Slam"],"picked":"Heavy Blade","floor":5.0},{"not_picked":["Burning Pact","Clash"],"picked":"Metallicize","floor":7.0},{"not_picked":["Ghostly Armor","Iron Wave"],"picked":"Thunderclap","floor":8.0},{"not_picked":["Twin Strike","Havoc"],"picked":"Sever Soul","floor":12.0},{"not_picked":["Rampage","Power Through"],"picked":"Thunderclap","floor":13.0},{"not_picked":["Rampage","Ghostly Armor"],"picked":"Intimidate","floor":14.0},{"not_picked":["Limit Break","Immolate"],"picked":"Reaper","floor":16.0},{"not_picked":["Headbutt+1","Clash+1"],"picked":"Thunderclap+1","floor":18.0},{"not_picked":["Sword Boomerang+1","Havoc"],"picked":"Burning Pact+1","floor":19.0}],"player_experience":222302,"relics_obtained":[{"floor":7.0,"key":"Self Forming Clay"},{"floor":9.0,"key":"InkBottle"},{"floor":11.0,"key":"Frozen Egg 2"}],"event_choices":[{"damage_healed":0.0,"max_hp_gain":0.0,"max_hp_loss":0.0,"gold_gain":175.0,"event_name":"Liars Game","player_choice":"AGREE","floor":3.0,"gold_loss":0.0,"damage_taken":0.0,"cards_obtained":["Doubt"]},{"damage_healed":0.0,"max_hp_gain":0.0,"max_hp_loss":0.0,"gold_gain":0.0,"event_name":"FaceTrader","player_choice":"Trade","floor":4.0,"gold_loss":0.0,"damage_taken":0.0,"relics_obtained":["CultistMask"]},{"damage_healed":0.0,"max_hp_gain":0.0,"max_hp_loss":0.0,"gold_gain":90.0,"event_name":"Knowing Skull","player_choice":"GOLD ","floor":20.0,"potions_obtained":[],"gold_loss":0.0,"damage_taken":12.0,"cards_obtained":[]}],"is_beta":false,"boss_relics":[{"not_picked":["Snecko Eye","Cursed Key"],"picked":"Black Blood"}],"items_purged_floors":[],"is_endless":false,"potions_floor_spawned":[1,8,13,14,19],"killed_by":"Snake Plant","ascension_level":2}}