{"host":"7sni158j623xchr2","time":1611125564,"event":{"mods":["BaseMod","Colored Map","Highlight Path","Minty Spire (QoL Compilation)","Permanent Neow","Potion Indicator Mod","Rare Cards Sparkle","Relic Sorter","Relic Stats","StSLib","everything is the same but u backflip on backflip"],"gold_per_floor":[118,134,37,37,37,37,70,70,95,114,131,206,221,254,254,355,405,420,345,345,211,228,228,246,277,289,400,440,452,119,134,134,134,134],"floor_reached":33,"language":"ENG","playtime":747,"items_purged":["Strike_B","Defend_B","Defend_B"],"score":322,"play_id":"3f628271-48fd-4e6a-be3a-5df4cbe6da92","local_time":"20210120005244","is_ascension_mode":true,"campfire_choices":[{"data":"Ball Lightning","floor":6,"key":"SMITH"},{"data":"Zap","floor":8,"key":"SMITH"},{"data":"Doom and Gloom","floor":15,"key":"SMITH"},{"data":"Electrodynamics","floor":23,"key":"SMITH"},{"data":"Creative AI","floor":32,"key":"SMITH"}],"circlet_count":0,"master_deck":["Strike_B+1","Strike_B+1","Defend_B","Defend_B+1","Zap+1","Dualcast","Ball Lightning+1","Cold Snap","Sweeping Beam","Genetic Algorithm","Conserve Battery+1","Fusion","Doom and Gloom+1","Electrodynamics+1","Glacier+1","Loop","Creative AI+1","Hologram","Storm","Loop","Chaos+1"],"relics":["Sozu","Eternal Feather","Whetstone","Strawberry","Tiny House","MawBank","War Paint","Happy Flower"],"acts_visited":["Exordium","TheCity"],"potions_floor_usage":[],"damage_taken":[{"damage":1,"enemies":"Cultist","floor":1,"turns":4},{"damage":0,"enemies":"Small Slimes","floor":2,"turns":2},{"damage":11,"enemies":"3 Sentries","floor":7,"turns":5},{"damage":10,"enemies":"Jaw Worm","floor":10,"turns":2},{"damage":0,"enemies":"Exordium Thugs","floor":11,"turns":3},{"damage":2,"enemies":"Looter","floor":13,"turns":4},{"damage":17,"enemies":"Gremlin Nob","floor":14,"turns":4},{"damage":13,"enemies":"Slime Boss","floor":16,"turns":7},{"damage":2,"enemies":"Chosen","floor":18,"turns":4},{"damage":0,"enemies":"3 Byrds","floor":22,"turns":2},{"damage":1,"enemies":"3 Cultists","floor":24,"turns":3},{"damage":19,"enemies":"Slavers","floor":25,"turns":3},{"damage":17,"enemies":"Gremlin Leader","floor":28,"turns":5},{"damage":17,"enemies":"Snake Plant","floor":31,"turns":4},{"damage":64,"enemies":"Champ","floor":33,"turns":8}],"seed_played":"8053877534104815269","potions_obtained":[],"is_trial":false,"path_per_floor":["M","M","$","?","?","R","E","R","T","M","M","?","M","E","R","B",null,"M","?","?","$","M","R","M","E","T","?","E","?","$","M","R","B"],"character_chosen":"DEFECT","items_purchased":["Sweeping Beam","Loop","Happy Flower","Loop"],"campfire_rested":0,"item_purchase_floors":[3,21,30,30],"current_hp_per_floor":[74,74,74,74,74,74,63,69,69,59,59,48,46,36,45,32,87,85,85,85,85,85,87,86,67,67,67,50,50,50,33,45,0,0],"gold":134,"neow_bonus":"BOSS_RELIC","is_daily":false,"chose_seed":false,"campfire_upgraded":5,"win_rate":0.0,"timestamp":1611125564,"path_taken":["M","?","$","?","?","R","E","R","T","M","?","?","M","E","R","BOSS","M","?","?","?","?","R","M","E","T","?","E","?","$","M","R","BOSS"],"items_purchased_type":["Card","Card","Relic","Card"],"build_version":"2020-12-22","purchased_purges":3,"victory":false,"max_hp_per_floor":[75,75,75,75,75,75,75,75,75,75,75,75,75,82,82,82,87,87,87,87,87,87,87,87,87,87,87,87,87,87,87,87,87,87],"relic_stats":{"Sozu":7,"Happy Flower":[4],"counters":[15,60],"Eternal Feather":29,"Whetstone":["Strike_B","Strike_B"],"War Paint":["Conserve Battery","Glacier"],"MawBank":60,"obtain_stats":[{"Sozu":0,"Tiny House":17,"Happy Flower":30,"Strawberry":14,"Eternal Feather":7,"Whetstone":9,"War Paint":28,"Cracked Core":0,"MawBank":25},{"Sozu":0,"Tiny House":8,"Happy Flower":13,"Strawberry":7,"Eternal Feather":3,"Whetstone":3,"War Paint":13,"Cracked Core":0,"MawBank":12},{"Sozu":0,"Tiny House":31,"Happy Flower":48,"Strawberry":24,"Eternal Feather":11,"Whetstone":11,"War Paint":48,"Cracked Core":0,"MawBank":43}]},"card_choices":[{"not_picked":["Hologram","Steam Power"],"picked":"Ball Lightning","floor":1},{"not_picked":["Leap","Redo"],"picked":"Cold Snap","floor":2},{"not_picked":["Conserve Battery","Rip and Tear"],"picked":"Genetic Algorithm","floor":7},{"not_picked":["Hello World","Hologram"],"picked":"Conserve Battery","floor":10},{"not_picked":["Steam","Conserve Battery"],"picked":"Fusion","floor":11},{"not_picked":["Conserve Battery","Blizzard","Rebound"],"picked":"SKIP","floor":13},{"not_picked":["Steam","Skim"],"picked":"Doom and Gloom","floor":14},{"not_picked":["Hyperbeam","Buffer"],"picked":"Electrodynamics","floor":16},{"not_picked":["Cold Snap","Hologram"],"picked":"Glacier","floor":17},{"not_picked":["Leap+1","Steam Power","Turbo"],"picked":"SKIP","floor":18},{"not_picked":["Rebound+1","Gash","Go for the Eyes"],"picked":"SKIP","floor":22},{"not_picked":["Steam","Doom and Gloom","BootSequence"],"picked":"SKIP","floor":24},{"not_picked":["Static Discharge","Sweeping Beam"],"picked":"Creative AI","floor":25},{"not_picked":["Rebound+1","FTL"],"picked":"Hologram","floor":28},{"not_picked":["Barrage","Ball Lightning"],"picked":"Chaos+1","floor":31}],"player_experience":1651637,"relics_obtained":[{"floor":7,"key":"Eternal Feather"},{"floor":9,"key":"Whetstone"},{"floor":14,"key":"Strawberry"},{"floor":25,"key":"MawBank"},{"floor":28,"key":"War Paint"}],"event_choices":[{"damage_healed":0,"gold_gain":0,"player_choice":"Leave","damage_taken":0,"max_hp_gain":0,"max_hp_loss":0,"event_name":"The Cleric","floor":4,"gold_loss":0},{"damage_healed":0,"gold_gain":0,"player_choice":"Ignored","damage_taken":0,"max_hp_gain":0,"max_hp_loss":0,"event_name":"WeMeetAgain","floor":5,"gold_loss":0},{"damage_healed":0,"gold_gain":75,"player_choice":"Gather Gold","damage_taken":11,"max_hp_gain":0,"max_hp_loss":0,"event_name":"World of Goop","floor":12,"gold_loss":0},{"cards_removed":["Strike_B"],"damage_healed":0,"gold_gain":0,"player_choice":"Gave Gold","damage_taken":0,"max_hp_gain":0,"max_hp_loss":0,"event_name":"Beggar","floor":19,"gold_loss":75},{"damage_healed":0,"gold_gain":0,"player_choice":"Ignored","damage_taken":0,"max_hp_gain":0,"max_hp_loss":0,"event_name":"Ghosts","floor":20,"gold_loss":0},{"damage_healed":0,"gold_gain":99,"player_choice":"Stole From Cult","damage_taken":0,"max_hp_gain":0,"max_hp_loss":0,"event_name":"Nest","floor":27,"gold_loss":0},{"damage_healed":0,"gold_gain":0,"player_choice":"Read","damage_taken":0,"max_hp_gain":0,"max_hp_loss":0,"event_name":"The Library","floor":29,"gold_loss":0,"cards_obtained":["Storm"]}],"is_beta":false,"boss_relics":[{"not_picked":["Runic Pyramid","Nuclear Battery"],"picked":"Tiny House"}],"items_purged_floors":[3,21,30],"is_endless":false,"potions_floor_spawned":[2,13,16,18,28,31],"killed_by":"Champ","ascension_level":2}}