{"host":"4lxzgdqpvzyot39g","time":1611168732,"event":{"mods":["100% Spire Juice","Abigail Mod","Act Like it!","Aspiration","BaseMod","Beaked The Cultist","Better Altar","Better Match","Better Note","Better Sensory Stone","Better Skull","Better Third Choice","CCEM","Colored Map","Colored Powertips","Conspire","Dark Map","Displayed Cursed Tome","Dota2Spire","Energized Spire","Fox Events","Friendly Minions","Gensokyo","GifTheSpireLib","Halation","Hallownest","Hermit","Highlight Path","HololiveMod","Hubris","Infinite Spire","Jedi Mod","JesterMod","Mari Mod (Legacy)","Mari\u0027s V1 Patch","MarisaÅiñ∂âJÅ@ñÇóùçπÅj","Minty Spire (QoL Compilation)","Prisma Mod","Quarter Circle Forward PUNCH!","Relic Filter","Replay The Spire","Robot Space Explorer","SCP261 Mod","Small Relic Pack","Spicy Shops","Spikes Relics","Spire Arcade","StS++","StSLib","Stuff the Spire","The Alterego","The Blue Laboratory","The Bug Knight","The Cursed","The Fake Hero","The Marked","The Servant 0.9.4","The Wild Card","Trackpad","Waifu the Spire","WarShipGirlsR/??è≠èóR mod","vexMod","Åy?ï®?îvÅzREMEMod"],"gold_per_floor":[519,359,359,374,299,327,327,327,327],"floor_reached":8,"language":"ENG","playtime":261,"items_purged":["luka_mod:Wait"],"score":131,"play_id":"ca12db42-4175-484c-84fa-3f42a847ac58","local_time":"20210120135212","is_ascension_mode":true,"campfire_choices":[],"circlet_count":0,"master_deck":["AscendersBane","luka_mod:StrikeLukaOne","luka_mod:StrikeLukaTwo","luka_mod:StrikeLukaThree","luka_mod:StrikeLukaFour","luka_mod:StrikeLukaFive","luka_mod:StrikeLukaSix","luka_mod:Salt","luka_mod:Guard","luka_mod:Edging","luka_mod:FlailWildly","luka_mod:Meditation","luka_mod:Surrender","luka_mod:Wait","luka_mod:Salamander","Injury"],"relics":["luka_mod:KeepsakeRing","REME_ComplimentaryCards","NeowsBlessing","Enchiridion","CCEMRelics:JestersCrown","Question Card"],"acts_visited":["Gensokyo:Gensokyo"],"potions_floor_usage":[],"damage_taken":[{"damage":0,"enemies":"Gensokyo:Python","floor":1,"turns":1},{"damage":0,"enemies":"Gensokyo:Gryphon","floor":4,"turns":1},{"damage":0,"enemies":"Gensokyo:Mamizou","floor":6,"turns":2},{"damage":39,"enemies":"Gensokyo:Cirno","floor":8,"turns":4}],"seed_played":"-6752297426770581560","potions_obtained":[{"floor":4,"key":"blueLaboratory:BottleOfRum"},{"floor":6,"key":"blueLaboratory:AbyssPotion"}],"is_trial":false,"path_per_floor":["M","?","?","M","$","E","?","E"],"character_chosen":"LUKA_CLASS","items_purchased":[],"campfire_rested":0,"item_purchase_floors":[],"current_hp_per_floor":[34,34,34,34,34,34,34,0,0],"gold":327,"neow_bonus":"THREE_ENEMY_KILL","is_daily":false,"chose_seed":false,"campfire_upgraded":0,"win_rate":0.0,"timestamp":1611168732,"path_taken":["M","?","?","?","$","E","?","E"],"items_purchased_type":[],"build_version":"2020-12-22","purchased_purges":1,"victory":false,"max_hp_per_floor":[38,38,38,38,38,38,38,38,38],"card_choices":[{"not_picked":["luka_mod:ThunderThrust","luka_mod:Request","luka_mod:Determination"],"picked":"SKIP","floor":1},{"not_picked":["luka_mod:Request","luka_mod:NeverSurrender","luka_mod:HeroicStrike"],"picked":"SKIP","floor":4},{"not_picked":["luka_mod:SereneDemonSword","luka_mod:EarthRumblingDecapitation"],"picked":"luka_mod:Salamander","floor":6}],"player_experience":1101128,"relics_obtained":[{"floor":6,"key":"CCEMRelics:JestersCrown"}],"event_choices":[],"is_beta":false,"boss_relics":[],"items_purged_floors":[5],"is_endless":false,"potions_floor_spawned":[4,6],"killed_by":"Gensokyo:Cirno","ascension_level":15}}