{"host":"65a95dzim48ko8ke","time":1611141572,"event":{"mods":["Astrologer","BaseMod","Colored Powertips","Minty Spire (QoL Compilation)","Permanent Neow","Quick Restart","Rare Cards Sparkle","Replay The Spire","StSLib"],"gold_per_floor":[117,130,130,142,161,161,161],"floor_reached":6,"language":"ENG","playtime":215,"items_purged":[],"score":46,"play_id":"630d0f45-6891-444e-9fc0-7d9eb1800efe","local_time":"20210120201932","is_ascension_mode":true,"campfire_choices":[],"circlet_count":0,"master_deck":["astrologer:Strike","astrologer:Strike","astrologer:Strike","astrologer:Strike","astrologer:Defend","astrologer:Defend","astrologer:Defend","astrologer:Defend","astrologer:NorthStar","astrologer:TheFool","Mayhem","astrologer:MeteorShower","astrologer:ShiningStar","Pain","astrologer:Still","astrologer:Stardust"],"relics":["astrologer:SkyMirror","WarpedTongs"],"acts_visited":["Exordium"],"potions_floor_usage":[],"damage_taken":[{"damage":1,"enemies":"Small Slimes","floor":1,"turns":4},{"damage":0,"enemies":"Cultist","floor":2,"turns":3},{"damage":2,"enemies":"2 Louse","floor":4,"turns":2},{"damage":11,"enemies":"Exordium Thugs","floor":5,"turns":4},{"damage":71,"enemies":"Gremlin Nob","floor":6,"turns":5}],"seed_played":"8378595184944992224","potions_obtained":[{"floor":1,"key":"SpeedPotion"}],"is_trial":false,"path_per_floor":["M","M","?","M","M","E"],"character_chosen":"ASTROLOGER","items_purchased":[],"campfire_rested":0,"item_purchase_floors":[],"current_hp_per_floor":[48,48,48,46,35,0,0],"gold":161,"neow_bonus":"RANDOM_COLORLESS_2","is_daily":false,"chose_seed":false,"campfire_upgraded":0,"win_rate":0.0,"timestamp":1611141572,"path_taken":["M","M","?","?","M","E"],"items_purchased_type":[],"build_version":"2020-12-22","purchased_purges":0,"victory":false,"max_hp_per_floor":[70,70,70,70,70,70,70],"card_choices":[{"not_picked":["The Bomb","Secret Technique"],"picked":"Mayhem","floor":0},{"not_picked":["astrologer:Sunrise","astrologer:SolarFlare"],"picked":"astrologer:MeteorShower","floor":1},{"not_picked":["astrologer:Opposition","astrologer:Conjunction"],"picked":"astrologer:ShiningStar","floor":2},{"not_picked":["astrologer:FrozenStar","astrologer:Moonlight"],"picked":"astrologer:Still","floor":4},{"not_picked":["astrologer:Still","astrologer:FrozenStar"],"picked":"astrologer:Stardust","floor":5}],"player_experience":325110,"relics_obtained":[],"event_choices":[{"damage_healed":0,"gold_gain":0,"player_choice":"Rummage","damage_taken":0,"relics_obtained":["WarpedTongs"],"max_hp_gain":0,"max_hp_loss":0,"event_name":"Accursed Blacksmith","floor":3,"gold_loss":0,"cards_obtained":["Pain"]}],"is_beta":false,"boss_relics":[],"items_purged_floors":[],"is_endless":false,"potions_floor_spawned":[1],"killed_by":"Gremlin Nob","ascension_level":4}}