{"host":"p9jk0mlyvhgdzcz4","time":1611111925,"event":{"mods":["BaseMod","Colored Map","Minty Spire (QoL Compilation)","Quick Restart","Slay the Streamer","SuperFastMode"],"gold_per_floor":[359,324,336,411,431,456,381,381,381,381,381,17,35,47,62,62,159,159,170,188,223,223,47,47,78,78,78,78,78,97,111,126,136,136,136,136],"floor_reached":35,"language":"ENG","playtime":1857,"items_purged":[],"score":269,"play_id":"9df95d9a-7257-4b6d-98a2-ecb125d70bbf","local_time":"20210119210525","is_ascension_mode":false,"campfire_choices":[{"data":"Bouncing Flask","floor":11,"key":"SMITH"},{"floor":16,"key":"REST"},{"floor":24,"key":"REST"},{"floor":26,"key":"REST"},{"floor":29,"key":"REST"},{"floor":34,"key":"REST"}],"circlet_count":0,"master_deck":["Sucker Punch","Bane","Bane","Deadly Poison","Deadly Poison","Backflip","Blur","Flying Knee","Corpse Explosion","Bouncing Flask+1","Backflip","Flying Knee","Caltrops","Noxious Fumes","Poisoned Stab","Outmaneuver","Prepared","Envenom","Cloak And Dagger","Caltrops","Deadly Poison+1","The Bomb","After Image","Poisoned Stab","Envenom","Cloak And Dagger"],"relics":["Ring of the Snake","Smiling Mask","Gambling Chip","Omamori","Lee\u0027s Waffle","Velvet Choker","Nloth\u0027s Gift","Pocketwatch","Boot"],"acts_visited":["Exordium","TheCity"],"potions_floor_usage":[25,25,25,32,35,35,35,35],"damage_taken":[{"damage":0,"enemies":"Jaw Worm","floor":1,"turns":3},{"damage":2,"enemies":"Small Slimes","floor":3,"turns":3},{"damage":11,"enemies":"2 Louse","floor":5,"turns":3},{"damage":6,"enemies":"Blue Slaver","floor":13,"turns":3},{"damage":5,"enemies":"Exordium Thugs","floor":14,"turns":4},{"damage":21,"enemies":"3 Louse","floor":15,"turns":3},{"damage":51,"enemies":"Slime Boss","floor":17,"turns":6},{"damage":2,"enemies":"Spheric Guardian","floor":19,"turns":3},{"damage":15,"enemies":"3 Byrds","floor":20,"turns":2},{"damage":38,"enemies":"Masked Bandits","floor":21,"turns":4},{"damage":32,"enemies":"Slavers","floor":25,"turns":3},{"damage":14,"enemies":"Centurion and Healer","floor":30,"turns":3},{"damage":27,"enemies":"Shelled Parasite and Fungi","floor":31,"turns":4},{"damage":0,"enemies":"Cultist and Chosen","floor":32,"turns":3},{"damage":6,"enemies":"Snecko","floor":33,"turns":4},{"damage":43,"enemies":"Champ","floor":35,"turns":8}],"seed_played":"3449568882168259418","potions_obtained":[{"floor":3,"key":"Fire Potion"},{"floor":14,"key":"Block Potion"},{"floor":15,"key":"DuplicationPotion"},{"floor":25,"key":"Energy Potion"},{"floor":30,"key":"EntropicBrew"},{"floor":31,"key":"AttackPotion"}],"is_trial":false,"path_per_floor":["M","?","M","?","M","T","$","?","T","T","R","$","M","M","M","R","B",null,"M","M","?","?","$","R","E","R","T","T","R","M","M","M","M","R","B"],"character_chosen":"THE_SILENT","items_purchased":["Caltrops","Noxious Fumes","Omamori","Lee\u0027s Waffle","The Bomb"],"campfire_rested":5,"item_purchase_floors":[7,12,12,12,23],"current_hp_per_floor":[49,66,64,53,42,42,42,42,42,42,42,77,71,66,45,68,17,77,75,60,22,22,22,45,13,36,36,36,59,45,18,18,12,35,0,0],"gold":136,"neow_bonus":"TWO_FIFTY_GOLD","is_daily":false,"chose_seed":false,"campfire_upgraded":1,"win_rate":0.0,"timestamp":1611111925,"path_taken":["M","?","M","?","M","?","$","?","T","R","?","M","M","?","R","BOSS","M","M","?","?","$","R","E","R","T","R","M","?","M","M","R","BOSS"],"items_purchased_type":["Card","Card","Relic","Relic","Card"],"build_version":"2020-12-22","purchased_purges":0,"victory":false,"max_hp_per_floor":[70,70,70,70,70,70,70,70,70,70,70,77,77,77,77,77,77,77,77,77,77,77,77,77,77,77,77,77,77,77,77,77,77,77,77,77],"card_choices":[{"not_picked":["Prepared","Reflex"],"picked":"Backflip","floor":1},{"not_picked":["Underhanded Strike","Prepared"],"picked":"Flying Knee","floor":3},{"not_picked":["Deadly Poison","Acrobatics"],"picked":"Poisoned Stab","floor":13},{"not_picked":["Backflip","PiercingWail"],"picked":"Outmaneuver","floor":14},{"not_picked":["PiercingWail","Blade Dance"],"picked":"Prepared","floor":15},{"not_picked":["Venomology","Grand Finale"],"picked":"Envenom","floor":17},{"not_picked":["Quick Slash+1","Dagger Spray"],"picked":"Cloak And Dagger","floor":19},{"not_picked":["Underhanded Strike","Endless Agony"],"picked":"Caltrops","floor":20},{"not_picked":["Heel Hook+1","Slice"],"picked":"Deadly Poison+1","floor":21},{"not_picked":["Skewer","Phantasmal Killer"],"picked":"After Image","floor":25},{"not_picked":["Prepared","Concentrate"],"picked":"Poisoned Stab","floor":30},{"not_picked":["Outmaneuver","Expertise"],"picked":"Envenom","floor":31},{"not_picked":["Calculated Gamble","Outmaneuver+1"],"picked":"Cloak And Dagger","floor":33}],"player_experience":19365,"relics_obtained":[{"floor":6,"key":"Smiling Mask"},{"floor":9,"key":"Gambling Chip"},{"floor":21,"key":"Red Mask"},{"floor":25,"key":"Pocketwatch"},{"floor":27,"key":"Boot"}],"event_choices":[{"damage_healed":17,"gold_gain":0,"player_choice":"Healed","damage_taken":0,"max_hp_gain":0,"max_hp_loss":0,"event_name":"The Cleric","floor":2,"gold_loss":35},{"damage_healed":0,"gold_gain":75,"player_choice":"Gather Gold","damage_taken":11,"max_hp_gain":0,"max_hp_loss":0,"event_name":"World of Goop","floor":4,"gold_loss":0},{"damage_healed":0,"gold_gain":0,"player_choice":"Ignored","damage_taken":0,"max_hp_gain":0,"max_hp_loss":0,"event_name":"Liars Game","floor":8,"gold_loss":0},{"damage_healed":0,"gold_gain":0,"player_choice":"Fought Bandits","damage_taken":0,"max_hp_gain":0,"max_hp_loss":0,"event_name":"Masked Bandits","floor":21,"gold_loss":0},{"damage_healed":0,"gold_gain":0,"player_choice":"Traded Relic","damage_taken":0,"relics_obtained":["Nloth\u0027s Gift"],"max_hp_gain":0,"max_hp_loss":0,"event_name":"N\u0027loth","floor":22,"relics_lost":["Red Mask"],"gold_loss":0}],"is_beta":false,"boss_relics":[{"not_picked":["Black Star","Philosopher\u0027s Stone"],"picked":"Velvet Choker"}],"items_purged_floors":[],"is_endless":false,"potions_floor_spawned":[3,14,15,25,30,31],"killed_by":"Champ","ascension_level":0}}