{"host":"94qggqh0xz0sp6ai","time":1611118897,"event":{"mods":["100% Spire Juice","Abigail Mod","Act Like it!","BaseMod","CapriCore","Downfall","Friendly Minions","Gensokyo","Hermit","Jorbs\u0027s Wanderer Trilogy","Koishi","Marisa（霧雨　魔理沙）","Minty Spire (QoL Compilation)","Permanent Neow","Reimu（博??梦）","StSLib","The Alterego","The Construct","The Cursed","The Hierophant","The Immortal","The Marked","The Servant 0.9.4","TheBandit","Waifu the Spire"],"gold_per_floor":[117,81,101,51,126,126,152,152,152,327,327,356,356,386,386,483,483,501,520,520,162,182,182,214,214,214,229,229,241,241,241,241],"floor_reached":31,"language":"ENG","playtime":1019,"items_purged":["construct:Strike_Gold"],"score":324,"play_id":"9f8588d9-b79f-419e-900e-ad9e63f287a4","local_time":"20210119230137","is_ascension_mode":true,"campfire_choices":[{"data":"construct:QuickAttack","floor":6,"key":"SMITH"},{"data":"construct:QuickAttack+1","floor":8,"key":"SMITH"},{"data":"Doubt","floor":11,"key":"PURGE"},{"data":"construct:PointDefense","floor":13,"key":"SMITH"},{"data":"construct:Synchronize","floor":15,"key":"SMITH"},{"floor":23,"key":"REST"},{"floor":30,"key":"REST"}],"circlet_count":0,"master_deck":["construct:Strike_Gold","construct:Strike_Gold","construct:Strike_Gold","construct:Defend_Gold+1","construct:Defend_Gold","construct:Defend_Gold","construct:Defend_Gold","construct:Defend_Gold","construct:AttackMode","construct:DefenseMode","construct:PointDefense+1","construct:Synchronize+1","construct:QuickAttack+2","construct:LaserCore","construct:Reserves","construct:Forcefield","construct:Reserves","construct:Enhance","construct:Versatility+1","construct:Autoturret","construct:OmegaCannon","Good Instincts","construct:SiegeForm","construct:Forcefield","construct:HammerDown","construct:Isolate+1"],"relics":["construct:ClockworkPhoenix","Bag of Preparation","Peace Pipe","Odd Mushroom","Kunai","construct:WeddingRing","Letter Opener","Membership Card","construct:MasterCore","Mastiff:ReiMu","Sundial"],"acts_visited":["Exordium","TheCity"],"potions_floor_usage":[24,24,31],"damage_taken":[{"damage":7,"enemies":"Jaw Worm","floor":1,"turns":4},{"damage":10,"enemies":"Small Slimes","floor":3,"turns":3},{"damage":18,"enemies":"Gremlin Nob","floor":7,"turns":3},{"damage":2,"enemies":"The Mushroom Lair","floor":12,"turns":2},{"damage":14,"enemies":"3 Sentries","floor":14,"turns":7},{"damage":3,"enemies":"Hexaghost","floor":16,"turns":10},{"damage":20,"enemies":"2 Thieves","floor":18,"turns":4},{"damage":21,"enemies":"Spheric Guardian","floor":19,"turns":5},{"damage":20,"enemies":"Cultist and Chosen","floor":22,"turns":7},{"damage":25,"enemies":"Book of Stabbing","floor":24,"turns":5},{"damage":21,"enemies":"Centurion and Healer","floor":27,"turns":6},{"damage":2,"enemies":"3 Cultists","floor":29,"turns":5},{"damage":42,"enemies":"Gremlin Leader","floor":31,"turns":8}],"seed_played":"-8667747063490120144","potions_obtained":[{"floor":1,"key":"Fire Potion"},{"floor":7,"key":"hexamod:SoulburnPotion"},{"floor":12,"key":"DuplicationPotion"},{"floor":19,"key":"SkillPotion"}],"is_trial":false,"path_per_floor":["M","$","M","?","?","R","E","R","T","?","R","?","R","E","R","B",null,"M","M","?","$","M","R","E","?","T","M","?","M","R","E"],"character_chosen":"THE_CONSTRUCT_MOD","items_purchased":["construct:Synchronize","Membership Card","construct:MasterCore","construct:Autoturret","construct:OmegaCannon","Good Instincts"],"campfire_rested":2,"item_purchase_floors":[2,21,21,21,21,21],"current_hp_per_floor":[78,78,68,68,57,57,39,39,39,39,39,37,37,23,23,20,69,49,28,28,28,8,33,8,36,36,15,15,13,38,0,0],"gold":241,"neow_bonus":"UPGRADE_CARD","is_daily":false,"chose_seed":false,"campfire_upgraded":4,"win_rate":0.0,"timestamp":1611118897,"path_taken":["M","$","M","?","?","R","E","R","T","?","R","?","R","E","R","BOSS","M","M","?","$","M","R","E","?","T","M","?","M","R","E"],"items_purchased_type":["Card","Relic","Relic","Card","Card","Card"],"build_version":"2020-12-22","purchased_purges":1,"victory":false,"max_hp_per_floor":[85,85,85,85,85,85,85,85,85,85,85,85,85,85,85,85,85,85,85,85,85,85,85,85,85,85,85,85,85,85,85,85],"card_choices":[{"not_picked":["construct:Anticipate","construct:Backfire"],"picked":"construct:PointDefense","floor":1},{"not_picked":["construct:OneWayMirror","construct:VentSteam"],"picked":"construct:QuickAttack","floor":3},{"not_picked":["construct:Failsafe","construct:ScrapCannon"],"picked":"construct:LaserCore","floor":7},{"not_picked":["construct:ClusterMines","construct:Synchronize"],"picked":"construct:Reserves","floor":12},{"not_picked":["construct:SuppressiveFire","construct:UnbalancingBlast"],"picked":"construct:Forcefield","floor":14},{"not_picked":["construct:GoldenBullet","construct:ShieldGenerator"],"picked":"construct:Reserves","floor":16},{"not_picked":["construct:ScopeCore","construct:Boost"],"picked":"construct:Enhance","floor":18},{"not_picked":["construct:Boost","construct:Synchronize"],"picked":"construct:Versatility+1","floor":19},{"not_picked":["construct:ScrapCannon","construct:Accumulate","construct:Anticipate+1"],"picked":"SKIP","floor":22},{"not_picked":["construct:Boost","construct:ClusterMines"],"picked":"construct:SiegeForm","floor":24},{"not_picked":["construct:Chainstrike","construct:Anticipate+1"],"picked":"construct:Forcefield","floor":27},{"not_picked":["construct:ScrapCannon","construct:ElectricArmor+1"],"picked":"construct:Isolate+1","floor":29}],"player_experience":1404816,"relics_obtained":[{"floor":7,"key":"Bag of Preparation"},{"floor":9,"key":"Peace Pipe"},{"floor":12,"key":"Odd Mushroom"},{"floor":14,"key":"Kunai"},{"floor":24,"key":"Mastiff:ReiMu"},{"floor":26,"key":"Sundial"}],"event_choices":[{"cards_removed":["construct:Strike_Gold"],"damage_healed":0,"gold_gain":0,"player_choice":"Card Removal","damage_taken":0,"max_hp_gain":0,"max_hp_loss":0,"event_name":"The Cleric","floor":4,"gold_loss":50},{"damage_healed":0,"gold_gain":75,"player_choice":"Gather Gold","damage_taken":11,"max_hp_gain":0,"max_hp_loss":0,"event_name":"World of Goop","floor":5,"gold_loss":0},{"damage_healed":0,"gold_gain":175,"player_choice":"AGREE","damage_taken":0,"max_hp_gain":0,"max_hp_loss":0,"event_name":"Liars Game","floor":10,"gold_loss":0,"cards_obtained":["Doubt"]},{"damage_healed":0,"gold_gain":0,"player_choice":"Fought Mushrooms","damage_taken":0,"max_hp_gain":0,"max_hp_loss":0,"event_name":"Mushrooms","floor":12,"gold_loss":0},{"damage_healed":0,"gold_gain":0,"player_choice":"Opened","damage_taken":0,"relics_obtained":["Letter Opener"],"max_hp_gain":0,"max_hp_loss":0,"event_name":"The Mausoleum","floor":20,"gold_loss":0},{"damage_healed":28,"gold_gain":0,"player_choice":"Heal","damage_taken":0,"max_hp_gain":0,"max_hp_loss":0,"event_name":"The Library","floor":25,"gold_loss":0},{"damage_healed":0,"gold_gain":0,"player_choice":"1 cards matched","damage_taken":0,"max_hp_gain":0,"max_hp_loss":0,"event_name":"Match and Keep!","floor":28,"gold_loss":0,"cards_obtained":["construct:HammerDown"]}],"is_beta":false,"boss_relics":[{"not_picked":["Snecko Eye","Philosopher\u0027s Stone"],"picked":"construct:WeddingRing"}],"items_purged_floors":[21],"is_endless":false,"potions_floor_spawned":[1,7,12,19,22],"killed_by":"Gremlin Leader","ascension_level":5}}