{"host":"0azimyi6n3ugndj4","time":1611101426,"event":{"mods":["2.2 Compatiblity","BaseMod","Bestiary","Conspire","Curses Come First","Defuse TimeMaze Blight","Hermit","Hubris","Hyrulean Relics","Infinite Spire","Keyboard Shortcuts","Minty Spire (QoL Compilation)","Relic Stats","Replay The Spire","StSLib","SuperFastMode","The Cursed","The Hierophant","Uncapped","¡¼?Úª?ø«¡½REMEMod"],"gold_per_floor":[147,170,170,221,60,150,192,204,216,327,339,429,486,600,672,765,777,1018,1030,1078,1090,1144,442,535,661,817,817,863,962,962,962,1013,1103,1103,1474,1474,1653,1653,1797,2087,2322,2322,2579,2822,2847,2847,3153,3482,3482,3508,3508,3529,3529],"floor_reached":52,"language":"KOR","playtime":869,"items_purged":["Eruption","Crescendo"],"score":2778,"play_id":"a8fc5829-1436-43af-ac73-88e780981c78","local_time":"20210120091026","daily_mods":["Draft","Hoarder","Insanity","Chimera","Specialized","Vintage","ControlledChaos","Allstar","Diverse","Colorless Cards","Heirloom","Time Dilation","Flight","DeadlyEvents","Elite Swarm","Lethality","Midas","Binary"],"is_ascension_mode":true,"campfire_choices":[{"floor":17.0,"key":"REST"},{"floor":27.0,"key":"REST"},{"floor":34.0,"key":"REST"},{"floor":42,"key":"REST"},{"floor":51,"key":"REST"}],"circlet_count":0,"master_deck":["Demon Form","Wraith Form v2","Echo Form","DevaForm","AscendersBane","Bash","Survivor","Zap","Strike_R","Strike_G","Strike_B","Defend_R","Defend_G","Defend_P","Dagger Throw","hierophant:CursedGold","TheCursedMod:CircleOfFlame","TheCursedMod:CircleOfAmplification","hermit:HighCaliber","hermit:Desperado","TheCursedMod:CircleOfAmplification","hierophant:PristineSoul","hierophant:DisplayOfPower","hermit:LowProfile","hermit:BodyArmor","Trip","PiercingWail","Heavy Blade","Gash","TheCursedMod:SmokeScreen","TheCursedMod:CursedBoomerang","hierophant:Shelter","TheCursedMod:ReleasedKnowledge","Iron Wave","Rampage","TheCursedMod:CursedBlade","EmptyFist","SandsOfTime","Havoc","TheCursedMod:SpitefulStrike","Twin Strike","hermit:SprayPray","Gash","FlurryOfBlows","hierophant:OrnateBuckler","hierophant:HolyVerse","hierophant:Community","TheCursedMod:SpitefulStrike","Sweeping Beam","REME_MagicPocketWatch","Study","Barrage","hierophant:Doomsaying","Anger","Prepared","TheCursedMod:SurpriseAttack","TheCursedMod:CursedStaff","hermit:Snipe","Sword Boomerang","TheCursedMod:CursedAmulet","hermit:LowProfile","hermit:TrackingShot","hierophant:Sermon","Demonic Infusion","Demonic Infusion","Demonic Infusion","Demonic Infusion","Demonic Infusion","Demonic Infusion","Demonic Infusion","Demonic Infusion","Demonic Infusion","Demonic Infusion","Demonic Infusion","Demonic Infusion","Demonic Infusion","Demonic Infusion","Demonic Infusion","hermit:Misfire","hermit:Misfire","hermit:Misfire","Prostrate","Prostrate","Prostrate","hermit:Virtue","hermit:Virtue","hermit:Virtue","Hologram","Hologram","Hologram","Flying Knee","Flying Knee","Flying Knee","TheCursedMod:VitalStrike","TheCursedMod:VitalStrike","TheCursedMod:VitalStrike","Forethought","Forethought","Forethought","ReplayTheSpireMod:Calculation Training","ReplayTheSpireMod:Calculation Training","ReplayTheSpireMod:Calculation Training","Shrug It Off","Shrug It Off","Shrug It Off","TheCursedMod:CursedBlade","TheCursedMod:CursedBlade","TheCursedMod:CursedBlade","Anger","Anger","Anger","Poisoned Stab","Poisoned Stab","Poisoned Stab","Hidden Blade","Hidden Blade","Hidden Blade","Backstab","Backstab","Backstab","TheCursedMod:Obscuration","TheCursedMod:Obscuration","TheCursedMod:Obscuration","REME_WorshipGod","REME_WorshipGod","REME_WorshipGod","Deflect","Deflect","Deflect","Madness","Madness","Madness","Madness","Madness","Madness"],"relics":["FrozenCore","Frozen Eye","Busted Crown","REME_ComplimentaryCards","FossilizedHelix","Regal Pillow","zeldaRelics:CourageTriforce","hubris:Towel","conspire:DecoderRing","Toolbox","MawBank","zeldaRelics:WisdomTriforce","hubris:Reverence","infinitespire:CursedDice","zeldaRelics:PowerTriforce","Fusion Hammer","Toy Ornithopter","MutagenicStrength","hubris:Potato","Mummified Hand","hubris:EmptyBottle","REME_ArchaeologicalTools","StoneCalendar","Replay:Rubber Ducky","Ginger","Nuclear Battery","Lizard Tail","hubris:PeanutButter","zeldaRelics:Navi","infinitespire:EvilPickle","REME_PuzzleBoxRelic","The Courier","Bag of Preparation","Replay:Mystery Machine","Art of War","infinitespire:Lucky Rock","Replay:Baseball","infinitespire:WardingShard","Lizard Tail","SlaversCollar","Strawberry","infinitespire:Freezer"],"acts_visited":["Exordium","TheCity","TheBeyond"],"potions_floor_usage":[52],"damage_taken":[{"damage":0.0,"enemies":"Cultist","floor":1.0,"turns":1.0},{"damage":0.0,"enemies":"2 Louse","floor":4.0,"turns":1.0},{"damage":0.0,"enemies":"Gremlin Nob","floor":6.0,"turns":1.0},{"damage":0.0,"enemies":"Jaw Worm","floor":7.0,"turns":1.0},{"damage":0.0,"enemies":"Lagavulin","floor":10.0,"turns":2.0},{"damage":6.0,"enemies":"3 Sentries","floor":12.0,"turns":4.0},{"damage":0.0,"enemies":"Red Slaver","floor":13.0,"turns":1.0},{"damage":0.0,"enemies":"Lagavulin","floor":14.0,"turns":2.0},{"damage":0.0,"enemies":"2 Fungi Beasts","floor":15.0,"turns":1.0},{"damage":39.0,"enemies":"3 Sentries","floor":16.0,"turns":5.0},{"damage":0.0,"enemies":"Slime Boss","floor":18.0,"turns":3.0},{"damage":0.0,"enemies":"Shell Parasite","floor":20.0,"turns":1.0},{"damage":0.0,"enemies":"Spheric Guardian","floor":22.0,"turns":1.0},{"damage":52.0,"enemies":"Snake Plant","floor":24.0,"turns":3.0},{"damage":10.0,"enemies":"Book of Stabbing","floor":25.0,"turns":2.0},{"damage":0.0,"enemies":"Gremlin Leader","floor":26.0,"turns":4.0},{"damage":0.0,"enemies":"Slavers","floor":29.0,"turns":3.0},{"damage":0.0,"enemies":"Centurion and Healer","floor":32.0,"turns":1.0},{"damage":0.0,"enemies":"REME_1_Revenger","floor":33.0,"turns":1.0},{"damage":47.0,"enemies":"Pondfish","floor":35.0,"turns":7.0},{"damage":0,"enemies":"3 Darklings","floor":37,"turns":5},{"damage":0,"enemies":"3 Shapes","floor":39,"turns":1},{"damage":0,"enemies":"Giant Head","floor":40,"turns":6},{"damage":0,"enemies":"Nemesis","floor":41,"turns":1},{"damage":0,"enemies":"Giant Head","floor":43,"turns":1},{"damage":12,"enemies":"Writhing Mass","floor":44,"turns":2},{"damage":0,"enemies":"Reptomancer","floor":47,"turns":3},{"damage":0,"enemies":"Giant Head","floor":48,"turns":2},{"damage":0,"enemies":"Time Eater","floor":52,"turns":3}],"seed_played":"-8580532851247444639","potions_obtained":[{"floor":4.0,"key":"FearPotion"},{"floor":10.0,"key":"GamblersBrew"},{"floor":13.0,"key":"AttackPotion"},{"floor":35.0,"key":"Block Potion"}],"is_trial":true,"path_per_floor":["M","T","?","M","$","E","M","PTL","PTL","E","T","E","M","E","M","E","R","B",null,"M","?","M","$","M","E","E","R","T","E","AVR","?","M","E","R","B",null,"M","?","M","E","E","R","E","M","T","?","E","E","AVR","T","R","B"],"character_chosen":"DEFECT","items_purchased":["Toolbox","Mummified Hand","hubris:EmptyBottle","REME_ArchaeologicalTools"],"campfire_rested":5,"item_purchase_floors":[5,23,23,23],"current_hp_per_floor":[64,64,64,64,64,64,64,64,64,64,64,58,58,58,58,19,55,55,67,67,67,67,67,15,5,5,41,41,41,41,41,41,41,71,24,59,59,59,71,71,71,71,71,59,59,46,46,46,53,53,78,78,78],"gold":3529,"neow_bonus":"","is_daily":false,"chose_seed":false,"campfire_upgraded":0,"win_rate":0.0,"timestamp":1611101426,"path_taken":["M","?","?","?","?","E","M","PTL","PTL","E","T","E","?","?","?","?","R","BOSS","M","?","?","?","?","E","?","R","T","E","AVR","?","?","?","R","BOSS","M","?","?","?","?","R","?","?","T","?","?","E","AVR","?","R","BOSS"],"items_purchased_type":["Relic","Relic","Relic","Relic"],"build_version":"2020-12-22","purchased_purges":2,"victory":false,"max_hp_per_floor":[71,71,71,71,71,71,71,71,71,71,71,71,71,71,71,71,71,71,71,71,71,71,71,71,71,71,71,71,71,71,71,71,71,71,71,71,71,71,71,71,71,71,71,71,71,71,71,71,78,78,78,78,78],"relic_stats":{"Regal Pillow":41,"counters":[29,69],"StoneCalendar":[7],"Bag of Preparation":[12],"Ginger":[5],"MawBank":192,"FrozenCore":[7],"Lizard Tail":0,"Busted Crown":210,"Mummified Hand":[13],"Art of War":[0],"obtain_stats":[{"Regal Pillow":1,"StoneCalendar":24,"Bag of Preparation":40,"Ginger":29,"hubris:EmptyBottle":23,"Replay:Mystery Machine":41,"zeldaRelics:WisdomTriforce":14,"Replay:Rubber Ducky":28,"FrozenCore":36,"Frozen Eye":0,"Lizard Tail":30,"Mummified Hand":23,"conspire:DecoderRing":4,"Strawberry":49,"Toolbox":5,"zeldaRelics:Navi":33,"Fusion Hammer":19,"zeldaRelics:CouragePiece":2,"REME_ArchaeologicalTools":23,"Cracked Core":0,"zeldaRelics:PowerPiece":16,"zeldaRelics:WisdomPiece":11,"infinitespire:CursedDice":15,"The Courier":39,"zeldaRelics:PowerTriforce":26,"infinitespire:Lucky Rock":44,"hubris:Towel":3,"MawBank":7,"zeldaRelics:CourageTriforce":10,"Nuclear Battery":30,"infinitespire:EvilPickle":35,"SlaversCollar":49,"Replay:Baseball":45,"Busted Crown":0,"infinitespire:WardingShard":47,"MutagenicStrength":21,"hubris:PeanutButter":32,"Art of War":43,"REME_PuzzleBoxRelic":37,"FossilizedHelix":0,"Toy Ornithopter":20,"hubris:Potato":22,"REME_ComplimentaryCards":0,"hubris:Reverence":13,"infinitespire:Freezer":50},{"Regal Pillow":1,"StoneCalendar":14,"Bag of Preparation":23,"Ginger":17,"hubris:EmptyBottle":13,"Replay:Mystery Machine":24,"zeldaRelics:WisdomTriforce":8,"Replay:Rubber Ducky":16,"FrozenCore":20,"Frozen Eye":0,"Lizard Tail":17,"Mummified Hand":13,"conspire:DecoderRing":2,"Strawberry":28,"Toolbox":2,"zeldaRelics:Navi":19,"Fusion Hammer":11,"zeldaRelics:CouragePiece":1,"REME_ArchaeologicalTools":13,"Cracked Core":0,"zeldaRelics:PowerPiece":10,"zeldaRelics:WisdomPiece":5,"infinitespire:CursedDice":9,"The Courier":22,"zeldaRelics:PowerTriforce":16,"infinitespire:Lucky Rock":26,"hubris:Towel":1,"MawBank":4,"zeldaRelics:CourageTriforce":5,"Nuclear Battery":17,"infinitespire:EvilPickle":20,"SlaversCollar":28,"Replay:Baseball":26,"Busted Crown":0,"infinitespire:WardingShard":27,"MutagenicStrength":12,"hubris:PeanutButter":18,"Art of War":25,"REME_PuzzleBoxRelic":21,"FossilizedHelix":0,"Toy Ornithopter":12,"hubris:Potato":13,"REME_ComplimentaryCards":0,"hubris:Reverence":7,"infinitespire:Freezer":28},{"Regal Pillow":1,"StoneCalendar":27,"Bag of Preparation":57,"Ginger":36,"hubris:EmptyBottle":24,"Replay:Mystery Machine":58,"zeldaRelics:WisdomTriforce":13,"Replay:Rubber Ducky":33,"FrozenCore":45,"Frozen Eye":0,"Lizard Tail":36,"Mummified Hand":24,"conspire:DecoderRing":2,"Strawberry":66,"Toolbox":2,"zeldaRelics:Navi":38,"Fusion Hammer":22,"zeldaRelics:CouragePiece":1,"REME_ArchaeologicalTools":24,"Cracked Core":0,"zeldaRelics:PowerPiece":19,"zeldaRelics:WisdomPiece":6,"infinitespire:CursedDice":14,"The Courier":51,"zeldaRelics:PowerTriforce":33,"infinitespire:Lucky Rock":61,"hubris:Towel":1,"MawBank":4,"zeldaRelics:CourageTriforce":6,"Nuclear Battery":36,"infinitespire:EvilPickle":45,"SlaversCollar":66,"Replay:Baseball":61,"Busted Crown":0,"infinitespire:WardingShard":64,"MutagenicStrength":23,"hubris:PeanutButter":37,"Art of War":59,"REME_PuzzleBoxRelic":50,"FossilizedHelix":0,"Toy Ornithopter":23,"hubris:Potato":24,"REME_ComplimentaryCards":0,"hubris:Reverence":11,"infinitespire:Freezer":66}],"Toy Ornithopter":0},"card_choices":[{"not_picked":["Headbutt","hierophant:DisplayOfPower"],"picked":"hermit:Misfire","floor":0.0},{"not_picked":["Flying Knee","Fusion"],"picked":"Prostrate","floor":0.0},{"not_picked":["Ball Lightning","TheCursedMod:ReleasedKnowledge"],"picked":"hermit:Virtue","floor":0.0},{"not_picked":["hierophant:Flagellation","Dark Embrace"],"picked":"Hologram","floor":0.0},{"not_picked":["hierophant:Alms","Doom and Gloom"],"picked":"Flying Knee","floor":0.0},{"not_picked":["hubris:PowerSurge","hermit:Grudge"],"picked":"TheCursedMod:VitalStrike","floor":0.0},{"not_picked":["Flying Knee","Gash"],"picked":"Forethought","floor":0.0},{"not_picked":["Riddle With Holes","CrushJoints"],"picked":"ReplayTheSpireMod:Calculation Training","floor":0.0},{"not_picked":["TheCursedMod:CursedSpellbook","Body Slam"],"picked":"Shrug It Off","floor":0.0},{"not_picked":["Shrug It Off","Specialist"],"picked":"TheCursedMod:CursedBlade","floor":0.0},{"not_picked":["Body Slam","Shrug It Off"],"picked":"Anger","floor":0.0},{"not_picked":["JustLucky","hierophant:AuricShield"],"picked":"Poisoned Stab","floor":0.0},{"not_picked":["hermit:Ricochet","Conserve Battery"],"picked":"Hidden Blade","floor":0.0},{"not_picked":["Deadly Poison","Heavy Blade"],"picked":"Backstab","floor":0.0},{"not_picked":["hermit:Quickdraw","hermit:Roulette"],"picked":"TheCursedMod:Obscuration","floor":0.0}],"player_experience":1571817,"relics_obtained":[{"floor":1.0,"key":"Regal Pillow"},{"floor":2.0,"key":"zeldaRelics:CouragePiece"},{"floor":4.0,"key":"conspire:DecoderRing"},{"floor":6.0,"key":"zeldaRelics:CouragePiece"},{"floor":7.0,"key":"MawBank"},{"floor":10.0,"key":"zeldaRelics:CouragePiece"},{"floor":11.0,"key":"zeldaRelics:WisdomPiece"},{"floor":12.0,"key":"zeldaRelics:WisdomPiece"},{"floor":13.0,"key":"hubris:Reverence"},{"floor":14.0,"key":"zeldaRelics:WisdomPiece"},{"floor":15.0,"key":"infinitespire:CursedDice"},{"floor":16.0,"key":"zeldaRelics:PowerPiece"},{"floor":20.0,"key":"Toy Ornithopter"},{"floor":22.0,"key":"hubris:Potato"},{"floor":24.0,"key":"StoneCalendar"},{"floor":25.0,"key":"zeldaRelics:PowerPiece"},{"floor":26.0,"key":"zeldaRelics:PowerPiece"},{"floor":28.0,"key":"Replay:Rubber Ducky"},{"floor":29.0,"key":"Ginger"},{"floor":32.0,"key":"hubris:PeanutButter"},{"floor":33.0,"key":"zeldaRelics:Navi"},{"floor":37,"key":"REME_PuzzleBoxRelic"},{"floor":39,"key":"The Courier"},{"floor":40,"key":"Bag of Preparation"},{"floor":41,"key":"Replay:Mystery Machine"},{"floor":43,"key":"Art of War"},{"floor":44,"key":"infinitespire:Lucky Rock"},{"floor":45,"key":"Replay:Baseball"},{"floor":47,"key":"infinitespire:WardingShard"},{"floor":48,"key":"Lizard Tail"},{"floor":50,"key":"infinitespire:Freezer"}],"event_choices":[{"damage_healed":0.0,"max_hp_gain":0.0,"max_hp_loss":0.0,"gold_gain":0.0,"event_name":"Drug Dealer","player_choice":"Inject Mutagens","floor":21.0,"gold_loss":0.0,"damage_taken":0.0,"relics_obtained":["MutagenicStrength"]},{"damage_healed":0,"gold_gain":0,"player_choice":"1 cards matched","damage_taken":0,"max_hp_gain":0,"max_hp_loss":0,"event_name":"Match and Keep!","floor":38,"gold_loss":0,"cards_obtained":["Deflect"]},{"damage_healed":0,"gold_gain":0,"player_choice":"Embrace Madness","damage_taken":13,"max_hp_gain":0,"max_hp_loss":0,"event_name":"Winding Halls","floor":46,"gold_loss":0,"cards_obtained":["Madness","Madness"]}],"is_beta":false,"boss_relics":[{"not_picked":["ReplayTheSpireMod:SealedPack","Snecko Heart"],"picked":"Fusion Hammer"},{"not_picked":["infinitespire:Cupcake","Snecko Eye"],"picked":"FrozenCore"}],"items_purged_floors":[30,49],"is_endless":false,"potions_floor_spawned":[4,10,13,18,24,25,32,35,39,40,43,44],"killed_by":"Time Eater","ascension_level":20}}