{"host":"88sw61cmk1203zgj","time":1611108020,"event":{"mods":["BaseMod","Minty Spire (QoL Compilation)"],"gold_per_floor":[117,117,132,148,148,148,159,159,185,29,29,49,49,77,77,177,177,188,203,218,237,249,249,280,280,280,205,218,250,270,53,53,53,53],"floor_reached":33,"language":"ENG","playtime":1635,"items_purged":[],"score":417,"play_id":"42572d7b-a175-44fe-b475-90ca013970f2","local_time":"20210119210020","is_ascension_mode":true,"campfire_choices":[{"data":"Consume","floor":6,"key":"SMITH"},{"data":"Static Discharge","floor":11,"key":"SMITH"},{"data":"Lockon","floor":13,"key":"SMITH"},{"data":"Hyperbeam","floor":15,"key":"SMITH"},{"data":"Redo","floor":23,"key":"SMITH"},{"data":"Conserve Battery","floor":25,"key":"SMITH"},{"floor":32,"key":"REST"}],"circlet_count":0,"master_deck":["AscendersBane","Defend_B","Defend_B+1","Defend_B","Zap+1","Dualcast","Barrage","Static Discharge+1","Consume+1","Hyperbeam+1","Leap","Fusion+1","Lockon+1","Ball Lightning","Electrodynamics","Self Repair+1","Rainbow+1","Multi-Cast+1","Compile Driver+1","Conserve Battery+1","Go for the Eyes","Redo+1","Darkness+1","Tempest+1","Hologram+1","Double Energy"],"relics":["Cracked Core","Anchor","War Paint","ClockworkSouvenir","Akabeko","Astrolabe","Gremlin Horn","Letter Opener","Red Mask","Bag of Preparation"],"acts_visited":["Exordium","TheCity"],"potions_floor_usage":[16,24,33],"damage_taken":[{"damage":0,"enemies":"Jaw Worm","floor":1,"turns":3},{"damage":0,"enemies":"Small Slimes","floor":3,"turns":3},{"damage":5,"enemies":"Cultist","floor":4,"turns":4},{"damage":7,"enemies":"Large Slime","floor":7,"turns":6},{"damage":1,"enemies":"Gremlin Gang","floor":12,"turns":2},{"damage":18,"enemies":"Lagavulin","floor":14,"turns":4},{"damage":16,"enemies":"The Guardian","floor":16,"turns":8},{"damage":0,"enemies":"Chosen","floor":18,"turns":4},{"damage":19,"enemies":"2 Thieves","floor":19,"turns":2},{"damage":3,"enemies":"Centurion and Healer","floor":20,"turns":5},{"damage":10,"enemies":"Snecko","floor":21,"turns":4},{"damage":9,"enemies":"Cultist and Chosen","floor":22,"turns":4},{"damage":33,"enemies":"Slavers","floor":24,"turns":4},{"damage":0,"enemies":"3 Cultists","floor":28,"turns":3},{"damage":0,"enemies":"Masked Bandits","floor":29,"turns":1},{"damage":8,"enemies":"Snake Plant","floor":30,"turns":3},{"damage":62,"enemies":"Automaton","floor":33,"turns":6}],"seed_played":"-5450637791624742219","potions_obtained":[{"floor":1,"key":"Explosive Potion"},{"floor":3,"key":"Energy Potion"},{"floor":12,"key":"AttackPotion"},{"floor":14,"key":"Block Potion"},{"floor":18,"key":"Dexterity Potion"},{"floor":19,"key":"Block Potion"},{"floor":30,"key":"SkillPotion"}],"is_trial":false,"path_per_floor":["M","?","M","M","?","R","M","?","T","$","R","M","R","E","R","B",null,"M","M","M","M","M","R","E","R","T","?","M","?","M","$","R","B"],"character_chosen":"DEFECT","items_purchased":["ClockworkSouvenir","Bag of Preparation","Double Energy"],"campfire_rested":1,"item_purchase_floors":[10,31,31],"current_hp_per_floor":[68,61,61,56,56,56,49,49,49,49,49,48,48,30,30,14,60,70,51,58,58,59,59,26,26,26,26,36,36,38,38,60,0,0],"gold":53,"neow_bonus":"RANDOM_COMMON_RELIC","is_daily":false,"chose_seed":false,"campfire_upgraded":6,"win_rate":0.0,"timestamp":1611108020,"path_taken":["M","?","M","M","?","R","?","?","T","$","R","M","R","E","R","BOSS","M","M","M","M","?","R","E","R","T","?","M","?","M","$","R","BOSS"],"items_purchased_type":["Relic","Relic","Card"],"build_version":"2020-12-22","purchased_purges":0,"victory":false,"max_hp_per_floor":[75,75,75,75,75,75,75,75,75,75,75,75,75,75,75,75,75,75,75,75,75,75,75,75,75,75,75,75,75,75,75,75,75,75],"card_choices":[{"not_picked":["Scrape","Blizzard"],"picked":"Barrage","floor":1},{"not_picked":["Conserve Battery","Barrage"],"picked":"Static Discharge","floor":3},{"not_picked":["Skim","Scrape"],"picked":"Consume","floor":4},{"not_picked":["Loop","Leap"],"picked":"Fusion","floor":7},{"not_picked":["Go for the Eyes","Amplify"],"picked":"Lockon","floor":12},{"not_picked":["Streamline","Static Discharge"],"picked":"Ball Lightning","floor":14},{"not_picked":["Buffer","Creative AI"],"picked":"Electrodynamics","floor":16},{"not_picked":["Go for the Eyes+1","Beam Cell"],"picked":"Compile Driver+1","floor":18},{"not_picked":["Stack","Self Repair"],"picked":"Conserve Battery","floor":19},{"not_picked":["Hologram","Go for the Eyes","Steam"],"picked":"SKIP","floor":20},{"not_picked":["Barrage","Beam Cell"],"picked":"Go for the Eyes","floor":21},{"not_picked":["Static Discharge","Barrage"],"picked":"Redo","floor":22},{"not_picked":["Reboot","Gash"],"picked":"Darkness+1","floor":24},{"not_picked":["Beam Cell","Reinforced Body"],"picked":"Tempest+1","floor":28},{"not_picked":["Barrage","Rebound"],"picked":"Hologram+1","floor":30}],"player_experience":1493000,"relics_obtained":[{"floor":9,"key":"War Paint"},{"floor":14,"key":"Akabeko"},{"floor":24,"key":"Gremlin Horn"},{"floor":26,"key":"Letter Opener"},{"floor":29,"key":"Red Mask"}],"event_choices":[{"cards_removed":["Strike_B"],"damage_healed":0,"gold_gain":0,"player_choice":"Card Removal","damage_taken":7,"max_hp_gain":0,"max_hp_loss":0,"event_name":"Golden Wing","floor":2,"gold_loss":0},{"damage_healed":0,"gold_gain":0,"player_choice":"2 cards matched","damage_taken":0,"max_hp_gain":0,"max_hp_loss":0,"event_name":"Match and Keep!","floor":5,"gold_loss":0,"cards_obtained":["Hyperbeam","Leap"]},{"damage_healed":0,"gold_gain":0,"player_choice":"Forge","damage_taken":0,"max_hp_gain":0,"max_hp_loss":0,"event_name":"Accursed Blacksmith","floor":8,"gold_loss":0,"cards_upgraded":["Fusion"]},{"cards_removed":["Strike_B"],"damage_healed":0,"gold_gain":0,"player_choice":"Gave Gold","damage_taken":0,"max_hp_gain":0,"max_hp_loss":0,"event_name":"Beggar","floor":27,"gold_loss":75},{"damage_healed":0,"gold_gain":0,"player_choice":"Fought Bandits","damage_taken":0,"max_hp_gain":0,"max_hp_loss":0,"event_name":"Masked Bandits","floor":29,"gold_loss":0}],"is_beta":false,"boss_relics":[{"not_picked":["Black Star","Coffee Dripper"],"picked":"Astrolabe"}],"items_purged_floors":[],"is_endless":false,"potions_floor_spawned":[1,3,12,14,18,19,21,22,30],"killed_by":"Automaton","ascension_level":11}}