{"host":"8f5cu9y0fpol72qs","time":1611116623,"event":{"mods":["AlwaysNeverKeys","BaseMod","Colored Map","Colored Powertips","Curses Come First","Highlight Path","Key Reminder","Minty Spire (QoL Compilation)","StSLib"],"gold_per_floor":[119,119,136,147,162,187,187,213,213,230,305,315,315,334,334,407,407,417,188,188,55,74,74,74,74],"floor_reached":24,"language":"ENG","playtime":2560,"items_purged":["Strike_B","Strike_B"],"score":354,"play_id":"6d109b8d-cb82-401b-b9a1-1d53b2096cab","local_time":"20210119202343","is_ascension_mode":true,"campfire_choices":[{"data":"Zap","floor":7,"key":"SMITH"},{"data":"Go for the Eyes","floor":13,"key":"SMITH"},{"data":"Streamline","floor":15,"key":"SMITH"},{"data":"Recycle","floor":23,"key":"SMITH"}],"circlet_count":0,"master_deck":["AscendersBane","Defend_B","Defend_B","Defend_B","Defend_B","Zap+1","Dualcast","Lockon","Lockon","Sweeping Beam","Streamline+1","Leap","Go for the Eyes+1","Conserve Battery","Ball Lightning","Echo Form","Rebound","Necronomicurse","Recycle+1","Turbo+1"],"relics":["Cracked Core","Orichalcum","Meat on the Bone","Bottled Flame","Gremlin Horn","Runic Pyramid","Sling","Necronomicon"],"acts_visited":["Exordium","TheCity"],"potions_floor_usage":[8,22],"damage_taken":[{"damage":2,"enemies":"Small Slimes","floor":1,"turns":3},{"damage":0,"enemies":"Cultist","floor":3,"turns":2},{"damage":2,"enemies":"Jaw Worm","floor":4,"turns":3},{"damage":0,"enemies":"3 Louse","floor":5,"turns":3},{"damage":12,"enemies":"Gremlin Nob","floor":6,"turns":4},{"damage":11,"enemies":"Lagavulin","floor":8,"turns":5},{"damage":4,"enemies":"Large Slime","floor":10,"turns":3},{"damage":0,"enemies":"2 Fungi Beasts","floor":12,"turns":3},{"damage":12,"enemies":"3 Louse","floor":14,"turns":3},{"damage":22,"enemies":"The Guardian","floor":16,"turns":9},{"damage":2,"enemies":"Spheric Guardian","floor":18,"turns":3},{"damage":4,"enemies":"Shell Parasite","floor":22,"turns":3},{"damage":36,"enemies":"Book of Stabbing","floor":24,"turns":4}],"seed_played":"-1828438116977541325","potions_obtained":[{"floor":1,"key":"Energy Potion"},{"floor":4,"key":"GamblersBrew"},{"floor":5,"key":"FocusPotion"},{"floor":16,"key":"ColorlessPotion"}],"is_trial":false,"path_per_floor":["M","?","M","M","M","E","R","E","T","M","?","M","R","M","R","B",null,"M","$","?","$","M","R","E"],"character_chosen":"DEFECT","items_purchased":["Sling","Recycle"],"campfire_rested":0,"item_purchase_floors":[19,21],"current_hp_per_floor":[62,44,44,42,42,30,30,31,31,39,28,40,40,40,40,30,56,54,54,38,38,34,34,0,0],"gold":74,"neow_bonus":"TRANSFORM_TWO_CARDS","is_daily":false,"chose_seed":false,"campfire_upgraded":4,"win_rate":0.0,"timestamp":1611116623,"path_taken":["M","?","M","M","M","E","R","E","T","M","?","M","R","M","R","BOSS","M","$","?","$","M","R","E"],"items_purchased_type":["Relic","Card"],"build_version":"2020-12-22","purchased_purges":2,"victory":false,"max_hp_per_floor":[64,64,64,64,64,64,64,64,64,64,64,64,64,64,64,64,64,64,64,64,64,64,64,64,64],"card_choices":[{"not_picked":["Fusion","Rebound"],"picked":"Sweeping Beam","floor":1},{"not_picked":["Compile Driver","Redo"],"picked":"Streamline","floor":3},{"not_picked":["Stack","Compile Driver","Creative AI"],"picked":"SKIP","floor":4},{"not_picked":["Steam Power","Compile Driver"],"picked":"Leap","floor":5},{"not_picked":["Turbo","Auto Shields"],"picked":"Go for the Eyes","floor":6},{"not_picked":["Lockon","Gash"],"picked":"Conserve Battery","floor":8},{"not_picked":["White Noise","Beam Cell","Gash"],"picked":"SKIP","floor":10},{"not_picked":["Consume","Force Field"],"picked":"Ball Lightning","floor":12},{"not_picked":["Beam Cell","Force Field","Skim"],"picked":"SKIP","floor":14},{"not_picked":["Reboot","Machine Learning"],"picked":"Echo Form","floor":16},{"not_picked":["Sweeping Beam","Compile Driver"],"picked":"Rebound","floor":18},{"not_picked":["Rebound","Gash"],"picked":"Turbo+1","floor":22}],"player_experience":838020,"relics_obtained":[{"floor":6,"key":"Meat on the Bone"},{"floor":8,"key":"Bottled Flame"},{"floor":9,"key":"Gremlin Horn"},{"floor":20,"key":"Necronomicon"}],"event_choices":[{"damage_healed":0,"gold_gain":0,"player_choice":"Success","damage_taken":18,"relics_obtained":["Orichalcum"],"max_hp_gain":0,"max_hp_loss":0,"event_name":"Scrap Ooze","floor":2,"gold_loss":0},{"damage_healed":0,"gold_gain":75,"player_choice":"Gather Gold","damage_taken":11,"max_hp_gain":0,"max_hp_loss":0,"event_name":"World of Goop","floor":11,"gold_loss":0},{"damage_healed":0,"gold_gain":0,"player_choice":"Obtained Book","damage_taken":16,"max_hp_gain":0,"max_hp_loss":0,"event_name":"Cursed Tome","floor":20,"gold_loss":0}],"is_beta":false,"boss_relics":[{"not_picked":["Black Star","Fusion Hammer"],"picked":"Runic Pyramid"}],"items_purged_floors":[19,21],"is_endless":false,"potions_floor_spawned":[1,4,5,6,16,18],"killed_by":"Book of Stabbing","ascension_level":14}}