{"host":"d9m9v0h6vo0edadb","time":1611120328,"event":{"mods":["BaseMod","Hermit","Keyboard Shortcuts","Minty Spire (QoL Compilation)","StSLib","SuperFastMode","The Cursed"],"gold_per_floor":[113,188,188,188,202,237,237,249,276,290,97,113,125,140,140,140,140],"floor_reached":16,"language":"KOR","playtime":234,"items_purged":["Strike_B"],"score":258,"play_id":"33ec5749-58b2-44d3-aa37-7cb18b5ada48","local_time":"20210120142528","is_ascension_mode":true,"campfire_choices":[{"floor":7,"key":"REST"},{"data":"Coolheaded","floor":15,"key":"SMITH"}],"circlet_count":0,"master_deck":["AscendersBane","Strike_B","Strike_B","Defend_B","Defend_B","Defend_B","Defend_B","Zap","Dualcast","FTL","Amplify","Gash","Compile Driver","Coolheaded+1","Capacitor","Glacier","Self Repair","Coolheaded"],"relics":["Cracked Core","NeowsBlessing","Bag of Preparation","Blood Vial","Ancient Tea Set"],"acts_visited":["Exordium"],"potions_floor_usage":[12],"damage_taken":[{"damage":0,"enemies":"Jaw Worm","floor":1,"turns":1},{"damage":0,"enemies":"Small Slimes","floor":5,"turns":1},{"damage":0,"enemies":"Gremlin Nob","floor":6,"turns":1},{"damage":0,"enemies":"2 Louse","floor":8,"turns":2},{"damage":9,"enemies":"Exordium Wildlife","floor":10,"turns":3},{"damage":10,"enemies":"Exordium Thugs","floor":12,"turns":7},{"damage":15,"enemies":"Large Slime","floor":13,"turns":9},{"damage":11,"enemies":"2 Fungi Beasts","floor":14,"turns":6},{"damage":27,"enemies":"Slime Boss","floor":16,"turns":6}],"seed_played":"-2784568852819284341","potions_obtained":[{"floor":5,"key":"BlessingOfTheForge"},{"floor":6,"key":"ColorlessPotion"},{"floor":14,"key":"SmokeBomb"}],"is_trial":false,"path_per_floor":["M","?","?","?","M","E","R","M","T","M","$","M","M","M","R","B"],"character_chosen":"DEFECT","items_purchased":["Capacitor","Glacier"],"campfire_rested":1,"item_purchase_floors":[11,11],"current_hp_per_floor":[64,53,53,18,18,18,39,41,41,34,34,26,13,18,18,0,0],"gold":140,"neow_bonus":"THREE_ENEMY_KILL","is_daily":false,"chose_seed":false,"campfire_upgraded":1,"win_rate":0.0,"timestamp":1611120328,"path_taken":["M","?","?","?","?","E","R","M","T","M","$","M","M","M","R","BOSS"],"items_purchased_type":["Card","Card"],"build_version":"2020-12-22","purchased_purges":1,"victory":false,"max_hp_per_floor":[71,71,71,71,71,71,71,71,71,71,71,71,71,71,71,71,71],"card_choices":[{"not_picked":["Steam","Force Field"],"picked":"FTL","floor":1},{"not_picked":["Coolheaded","Lockon"],"picked":"Gash","floor":5},{"not_picked":["Rainbow","Amplify"],"picked":"Compile Driver","floor":6},{"not_picked":["Static Discharge","Redo","Steam"],"picked":"SKIP","floor":8},{"not_picked":["Rip and Tear","Steam"],"picked":"Coolheaded","floor":10},{"not_picked":["Static Discharge","Rip and Tear"],"picked":"Self Repair","floor":12},{"not_picked":["Aggregate","Beam Cell","Hologram"],"picked":"SKIP","floor":13},{"not_picked":["Hologram","Barrage"],"picked":"Coolheaded","floor":14}],"player_experience":981668,"relics_obtained":[{"floor":6,"key":"Blood Vial"},{"floor":9,"key":"Ancient Tea Set"}],"event_choices":[{"damage_healed":0,"gold_gain":75,"player_choice":"Gather Gold","damage_taken":11,"max_hp_gain":0,"max_hp_loss":0,"event_name":"World of Goop","floor":2,"gold_loss":0},{"damage_healed":0,"gold_gain":0,"cards_transformed":["Strike_B"],"player_choice":"Change","damage_taken":0,"max_hp_gain":0,"max_hp_loss":0,"event_name":"Living Wall","floor":3,"gold_loss":0,"cards_obtained":["Amplify"]},{"damage_healed":0,"gold_gain":0,"player_choice":"Success","damage_taken":35,"relics_obtained":["Bag of Preparation"],"max_hp_gain":0,"max_hp_loss":0,"event_name":"Scrap Ooze","floor":4,"gold_loss":0}],"is_beta":false,"boss_relics":[],"items_purged_floors":[11],"is_endless":false,"potions_floor_spawned":[5,6,10,14],"killed_by":"Slime Boss","ascension_level":20}}