{"host":"f0gpob8hq9vgebej","time":1611158636,"event":{"mods":["AchievementEnabler","BaseMod","Minty Spire (QoL Compilation)","Quick Restart","SuperFastMode"],"gold_per_floor":[365,385,399,418,436,361,381,415,492,509,526,536,536,548,548,548,548],"floor_reached":16,"language":"KOR","playtime":249,"items_purged":["Strike_R"],"score":176,"play_id":"d253a8ae-f0bb-4d40-9af6-6cab23f53246","local_time":"20210121010356","is_ascension_mode":true,"campfire_choices":[{"data":"Fire Breathing","floor":13.0,"key":"SMITH"},{"data":"Wild Strike","floor":15.0,"key":"SMITH"}],"circlet_count":0,"master_deck":["AscendersBane","Strike_R","Strike_R","Strike_R","Strike_R","Defend_R","Defend_R","Defend_R","Defend_R","Bash","Fire Breathing+1","Wild Strike+1","Whirlwind","Pommel Strike","Impervious"],"relics":["Burning Blood","Blue Candle","Meat on the Bone"],"acts_visited":["Exordium"],"potions_floor_usage":[],"damage_taken":[{"damage":14.0,"enemies":"Jaw Worm","floor":1.0,"turns":5.0},{"damage":0.0,"enemies":"Small Slimes","floor":2.0,"turns":3.0},{"damage":6.0,"enemies":"Cultist","floor":3.0,"turns":3.0},{"damage":12.0,"enemies":"Looter","floor":4.0,"turns":4.0},{"damage":0.0,"enemies":"3 Louse","floor":5.0,"turns":2.0},{"damage":0.0,"enemies":"Large Slime","floor":7.0,"turns":5.0},{"damage":32.0,"enemies":"Gremlin Nob","floor":8.0,"turns":5.0},{"damage":0.0,"enemies":"Lots of Slimes","floor":10.0,"turns":1.0},{"damage":13.0,"enemies":"Exordium Thugs","floor":11.0,"turns":5.0},{"damage":8.0,"enemies":"Blue Slaver","floor":12.0,"turns":5.0},{"damage":19.0,"enemies":"3 Louse","floor":14.0,"turns":4.0},{"damage":0,"enemies":"The Guardian","floor":16,"turns":1}],"seed_played":"-2150592208812061575","potions_obtained":[{"floor":3.0,"key":"Ancient Potion"},{"floor":5.0,"key":"BlessingOfTheForge"},{"floor":12.0,"key":"BloodPotion"}],"is_trial":false,"path_per_floor":["M","M","M","M","M","$","M","E","T","M","M","M","R","M","R","B"],"character_chosen":"IRONCLAD","items_purchased":[],"campfire_rested":0,"item_purchase_floors":[],"current_hp_per_floor":[43,49,49,43,49,49,55,29,29,47,52,50,50,49,49,49,49],"gold":548,"neow_bonus":"TWO_FIFTY_GOLD","is_daily":false,"chose_seed":false,"campfire_upgraded":2,"win_rate":0.0,"timestamp":1611158636,"path_taken":["M","M","M","M","M","$","M","E","T","M","M","M","R","M","R","BOSS"],"items_purchased_type":[],"build_version":"2020-12-22","purchased_purges":1,"victory":false,"max_hp_per_floor":[80,80,80,80,80,80,80,80,80,80,80,80,80,80,80,80,80],"card_choices":[{"not_picked":["Warcry","Sword Boomerang"],"picked":"Fire Breathing","floor":1.0},{"not_picked":["True Grit","Wild Strike","Dark Embrace"],"picked":"SKIP","floor":2.0},{"not_picked":["True Grit","Dark Embrace"],"picked":"Wild Strike","floor":2.0},{"not_picked":["Headbutt","Combust"],"picked":"Whirlwind","floor":3.0},{"not_picked":["Clothesline","Perfected Strike"],"picked":"Pommel Strike","floor":4.0},{"not_picked":["Thunderclap","Anger","Clothesline"],"picked":"SKIP","floor":5.0},{"not_picked":["Pommel Strike","Flex"],"picked":"Impervious","floor":7.0},{"not_picked":["Hemokinesis","Metallicize","Rage"],"picked":"SKIP","floor":8.0},{"not_picked":["Pommel Strike","Havoc","Thunderclap"],"picked":"SKIP","floor":10.0},{"not_picked":["Intimidate","Uppercut","Thunderclap"],"picked":"SKIP","floor":11.0},{"not_picked":["Pommel Strike","Sever Soul","Second Wind"],"picked":"SKIP","floor":12.0},{"not_picked":["Warcry","Searing Blow","Heavy Blade"],"picked":"SKIP","floor":14.0}],"player_experience":185710,"relics_obtained":[{"floor":8.0,"key":"Blue Candle"},{"floor":9.0,"key":"Meat on the Bone"}],"event_choices":[],"is_beta":false,"boss_relics":[],"items_purged_floors":[6],"is_endless":false,"potions_floor_spawned":[3,5,7,12],"killed_by":"The Guardian","ascension_level":12}}