{"host":"q0qnzbgdx8oqogg9","time":1611186942,"event":{"mods":["BaseMod","Minty Spire (QoL Compilation)","Slay-I","StSLib"],"gold_per_floor":[19,19,29,42,62,62,72,101,147,147,72,88,117,136,136,235,235,255,255,244,94,121,121,121],"floor_reached":23,"language":"ENG","playtime":987,"items_purged":["Strike_R"],"score":294,"play_id":"d00e56dc-61b7-4f3f-8512-f5e9fd96222c","local_time":"20210120185542","is_ascension_mode":true,"campfire_choices":[{"data":"Bludgeon","floor":6.0,"key":"SMITH"},{"data":"True Grit","floor":10.0,"key":"SMITH"},{"data":"Headbutt","floor":15,"key":"SMITH"}],"circlet_count":0,"master_deck":["Strike_R","Defend_R","Defend_R","Defend_R","Bash","Bludgeon+1","Headbutt+1","True Grit+1","Seeing Red","Shrug It Off","Flex","Reckless Charge","Headbutt","Immolate","Armaments+1","Shrug It Off","Thunderclap","Metallicize","Bloodletting"],"relics":["Black Blood","Darkstone Periapt","Tiny Chest","Pear","Orrery","Orichalcum"],"acts_visited":["Exordium","TheCity"],"potions_floor_usage":[13,23],"damage_taken":[{"damage":2.0,"enemies":"Jaw Worm","floor":1.0,"turns":3.0},{"damage":0.0,"enemies":"Cultist","floor":3.0,"turns":2.0},{"damage":6.0,"enemies":"Small Slimes","floor":4.0,"turns":2.0},{"damage":12.0,"enemies":"Exordium Wildlife","floor":5.0,"turns":5.0},{"damage":17.0,"enemies":"Large Slime","floor":7.0,"turns":6.0},{"damage":20.0,"enemies":"3 Sentries","floor":8.0,"turns":7.0},{"damage":15.0,"enemies":"Gremlin Gang","floor":12.0,"turns":6.0},{"damage":10,"enemies":"Lagavulin","floor":13,"turns":7},{"damage":2,"enemies":"3 Louse","floor":14,"turns":4},{"damage":38,"enemies":"The Guardian","floor":16,"turns":13},{"damage":38,"enemies":"3 Byrds","floor":18,"turns":5},{"damage":13,"enemies":"2 Thieves","floor":20,"turns":4},{"damage":49,"enemies":"Book of Stabbing","floor":23,"turns":4}],"seed_played":"1062434293578895379","potions_obtained":[{"floor":3.0,"key":"DuplicationPotion"},{"floor":4.0,"key":"Dexterity Potion"},{"floor":8.0,"key":"Strength Potion"},{"floor":13,"key":"Strength Potion"},{"floor":16,"key":"SpeedPotion"}],"is_trial":false,"path_per_floor":["M","?","M","M","M","R","M","E","T","R","$","M","E","M","R","B",null,"M","?","M","$","T","E"],"character_chosen":"IRONCLAD","items_purchased":["Orrery"],"campfire_rested":0,"item_purchase_floors":[21],"current_hp_per_floor":[76,76,80,80,74,74,63,49,49,49,49,40,46,50,50,18,72,46,46,45,45,45,0,0],"gold":121,"neow_bonus":"TRANSFORM_TWO_CARDS","is_daily":false,"chose_seed":false,"campfire_upgraded":3,"win_rate":0.0,"timestamp":1611186942,"path_taken":["M","?","M","M","M","R","M","E","T","R","?","M","E","?","R","BOSS","M","?","M","$","?","E"],"items_purchased_type":["Relic"],"build_version":"2020-12-22","purchased_purges":1,"victory":false,"max_hp_per_floor":[80,80,80,80,80,80,80,80,80,80,80,80,90,90,90,90,90,90,90,90,90,90,90,90],"card_choices":[{"not_picked":["Heavy Blade","Havoc"],"picked":"True Grit","floor":1.0},{"not_picked":["Havoc","Wild Strike"],"picked":"Seeing Red","floor":3.0},{"not_picked":["Rampage","Fiend Fire"],"picked":"Shrug It Off","floor":4.0},{"not_picked":["Warcry","Feel No Pain"],"picked":"Flex","floor":5.0},{"not_picked":["Sever Soul","Disarm","Twin Strike"],"picked":"SKIP","floor":7.0},{"not_picked":["Intimidate","Iron Wave"],"picked":"Reckless Charge","floor":8.0},{"not_picked":["Cleave","Thunderclap"],"picked":"Headbutt","floor":12.0},{"not_picked":["Rupture","Combust","Havoc"],"picked":"SKIP","floor":13},{"not_picked":["Intimidate","Infernal Blade","Searing Blow"],"picked":"SKIP","floor":14},{"not_picked":["Limit Break","Juggernaut"],"picked":"Immolate","floor":16},{"not_picked":["Clash+1","Pommel Strike+1"],"picked":"Armaments+1","floor":18},{"not_picked":["Perfected Strike","Wild Strike"],"picked":"Shrug It Off","floor":20},{"not_picked":["Headbutt","Cleave+1"],"picked":"Thunderclap","floor":21},{"not_picked":["Intimidate+1","True Grit"],"picked":"Metallicize","floor":21},{"not_picked":["Armaments","Headbutt"],"picked":"Bloodletting","floor":21}],"player_experience":241333,"relics_obtained":[{"floor":8.0,"key":"Darkstone Periapt"},{"floor":9.0,"key":"Tiny Chest"},{"floor":13,"key":"Pear"},{"floor":22,"key":"Orichalcum"}],"event_choices":[{"cards_removed":["Strike_R"],"damage_healed":0.0,"max_hp_gain":0.0,"max_hp_loss":0.0,"gold_gain":0.0,"event_name":"Purifier","player_choice":"Purged","floor":2.0,"gold_loss":0.0,"damage_taken":0.0},{"cards_removed":["Strike_R"],"damage_healed":0,"gold_gain":0,"player_choice":"Offered Basic","damage_taken":0,"max_hp_gain":0,"max_hp_loss":0,"event_name":"Bonfire Elementals","floor":19,"gold_loss":0}],"is_beta":false,"boss_relics":[{"not_picked":["SacredBark","Black Star"],"picked":"Black Blood"}],"items_purged_floors":[11],"is_endless":false,"potions_floor_spawned":[3,4,8,13,16,18],"killed_by":"Book of Stabbing","ascension_level":9}}