{"host":"od5czx9kemjopzpf","time":1611152521,"event":{"mods":["Aspiration","BaseMod","Defuse TimeMaze Blight","Downfall","Minty Spire (QoL Compilation)","Spicy Shops","StSLib"],"gold_per_floor":[99,99,99,99,24,34,109,109,120,20,35,52,70,55,74,169,169,69,69,69,79,64,80,80,107,7,34,34,34,61,61,79,180,180,180,192,212,212,223,250,276,6,6,16,64,79,11,26,43,43,43,43,43,43],"floor_reached":52,"language":"ZHS","playtime":2439,"items_purged":["Normality"],"score":928,"play_id":"1456d79c-59e4-4851-a2f4-3d8958133dd3","local_time":"20210120222201","is_ascension_mode":true,"campfire_choices":[{"floor":1,"key":"RECALL"},{"data":"Guardian:TwinSlam","floor":10,"key":"SMITH"},{"data":"Guardian:VentSteam","floor":18,"key":"SMITH"},{"data":"Guardian:FloatingOrbs","floor":26,"key":"SMITH"},{"data":"Guardian:TemporalStrike","floor":29,"key":"SMITH"},{"data":"Guardian:FloatingOrbs","floor":35,"key":"SMITH"},{"data":"Guardian:Reroute","floor":43,"key":"SMITH"}],"circlet_count":0,"master_deck":["Guardian:Strike_Guardian","Guardian:Strike_Guardian","Guardian:Defend_Guardian","Guardian:Defend_Guardian","Guardian:Defend_Guardian","Guardian:Defend_Guardian","Guardian:CurlUp","Guardian:TwinSlam+1","Guardian:Incinerate","CurseOfTheBell","Guardian:FastForward","Guardian:Suspension","Guardian:VentSteam+1","Guardian:Incinerate","Guardian:PiercingHide","Guardian:ChargeCore","Guardian:Reroute","Guardian:GemFire","Parasite","Guardian:FloatingOrbs+1","Guardian:TemporalStrike+1","Guardian:FloatingOrbs+1","Ghostly","Ghostly","Ghostly","Ghostly","Ghostly","Guardian:PiercingHide+1","Guardian:TwinSlam+1","Injury","Guardian:Recover+1","Guardian:Reroute+1","Guardian:ChargeCore+1","Guardian:WalkerClaw","Guardian:Reroute+1","Guardian:PiercingHide","Guardian:Gem_Lightblue","Guardian:Gem_Yellow","Guardian:Gem_Blue","Guardian:Gem_Synthetic","Guardian:Gem_Orange","Guardian:Reroute+1","Guardian:Gem_Red","Guardian:PrismaticBeam","Guardian:Gem_Fragmented","Guardian:Suspension+1"],"relics":["Guardian:ModeShifterPlus","downfall:HeartsMalice","Calling Bell","Centennial Puzzle","Ornamental Fan","Gambling Chip","downfall:ShatteredFragment","downfall:HeartBlessingRed","downfall:HeartBlessingBlue","Enchiridion","Bottled Lightning","Toy Ornithopter","downfall:HeartBlessingGreen","Bronze Scales","aspiration:Nostalgia","sneckomod:SneckoSoul","MealTicket","Philosopher\u0027s Stone","Letter Opener","Pen Nib","Orrery","Guardian:SackOfGems"],"acts_visited":["Exordium","TheCity","TheBeyond","TheEnding"],"potions_floor_usage":[13,16,16,16,33,33,33,45,50,52],"damage_taken":[{"damage":0,"enemies":"2 Louse","floor":2,"turns":1},{"damage":0,"enemies":"Small Slimes","floor":4,"turns":1},{"damage":0,"enemies":"downfall:FleeingMerchant","floor":5,"turns":1},{"damage":8,"enemies":"Cultist","floor":6,"turns":6},{"damage":16,"enemies":"Exordium Thugs","floor":9,"turns":6},{"damage":6,"enemies":"Large Slime","floor":11,"turns":5},{"damage":0,"enemies":"Blue Slaver","floor":12,"turns":3},{"damage":0,"enemies":"Lots of Slimes","floor":13,"turns":3},{"damage":1,"enemies":"downfall:FleeingMerchant","floor":14,"turns":4},{"damage":2,"enemies":"Large Slime","floor":15,"turns":5},{"damage":11,"enemies":"IC_STATUS_ARCHETYPE","floor":16,"turns":5},{"damage":0,"enemies":"3 Byrds","floor":21,"turns":3},{"damage":0,"enemies":"downfall:FleeingMerchant","floor":22,"turns":4},{"damage":0,"enemies":"Shell Parasite","floor":23,"turns":2},{"damage":0,"enemies":"Gremlin Leader","floor":25,"turns":5},{"damage":0,"enemies":"downfall:FleeingMerchant","floor":27,"turns":4},{"damage":8,"enemies":"Slavers","floor":30,"turns":3},{"damage":0,"enemies":"Snake Plant","floor":32,"turns":3},{"damage":0,"enemies":"WA_ARCHETYPE_CALM","floor":33,"turns":3},{"damage":0,"enemies":"3 Darklings","floor":36,"turns":3},{"damage":0,"enemies":"Orb Walker","floor":37,"turns":2},{"damage":0,"enemies":"Maw","floor":39,"turns":6},{"damage":0,"enemies":"Reptomancer","floor":40,"turns":4},{"damage":0,"enemies":"Writhing Mass","floor":44,"turns":2},{"damage":3,"enemies":"2 Orb Walkers","floor":45,"turns":3},{"damage":0,"enemies":"4 Shapes","floor":46,"turns":4},{"damage":0,"enemies":"Transient","floor":48,"turns":5},{"damage":0,"enemies":"Maw","floor":49,"turns":5},{"damage":0,"enemies":"DF_ARCHETYPE_ORBS","floor":50,"turns":3},{"damage":50,"enemies":"downfall:CharBossMerchant","floor":52,"turns":6}],"seed_played":"8463264945058936322","potions_obtained":[{"floor":6,"key":"BlessingOfTheForge"},{"floor":9,"key":"Block Potion"},{"floor":12,"key":"Fire Potion"},{"floor":13,"key":"PowerPotion"},{"floor":15,"key":"PowerPotion"},{"floor":23,"key":"Ancient Potion"},{"floor":25,"key":"SkillPotion"},{"floor":30,"key":"SkillPotion"},{"floor":32,"key":"BlessingOfTheForge"},{"floor":37,"key":"LiquidMemories"},{"floor":45,"key":"Weak Potion"},{"floor":48,"key":"EssenceOfSteel"},{"floor":49,"key":"FearPotion"}],"is_trial":false,"path_per_floor":["R","M","?","M","$","M","T","?","M","R","M","M","M","$","M","B",null,"R","?","?","M","$","M","T","E","R","$","?","R","E","?","M","B",null,"R","M","M","?","M","E","T","$","R","M","?","M","$","M","M","B",null,"E"],"character_chosen":"GUARDIAN","items_purchased":["Bronze Scales","aspiration:Nostalgia","Guardian:Gem_Fragmented","Guardian:Reroute","Orrery","Guardian:PrismaticBeam"],"campfire_rested":0,"item_purchase_floors":[27,27,42,42,42,47],"current_hp_per_floor":[80,80,80,80,80,72,72,48,32,32,26,26,26,25,23,12,80,90,74,74,74,74,74,74,74,74,74,74,74,66,45,45,45,45,45,45,45,45,45,45,45,45,45,45,42,42,45,45,45,45,45,0,0,0],"gold":43,"neow_bonus":"THREE_ENEMY_KILL","is_daily":false,"chose_seed":false,"campfire_upgraded":6,"win_rate":0.0,"timestamp":1611152521,"path_taken":["R","M","?","M","$","M","T","?","M","R","M","M","M","$","M","BOSS","R","?","?","M","$","?","T","E","R","?","?","R","E","?","M","BOSS","R","M","M","?","?","E","T","$","R","?","?","M","?","M","M","BOSS","E"],"items_purchased_type":["Relic","Relic","Card","Card","Relic","Card"],"build_version":"2020-12-22","purchased_purges":1,"victory":false,"max_hp_per_floor":[80,80,80,80,80,80,80,80,80,80,80,80,80,80,80,80,80,90,90,90,90,90,90,90,90,90,90,90,90,90,45,45,45,45,45,45,45,45,45,45,45,45,45,45,45,45,45,45,45,45,45,45,45,45],"card_choices":[{"not_picked":["Guardian:Gem_Green","Guardian:ShieldSpikes"],"picked":"Guardian:Incinerate","floor":2},{"not_picked":["Guardian:ShieldCharger","Guardian:EvasiveProtocol"],"picked":"Guardian:Suspension","floor":4},{"not_picked":["Guardian:ShieldCharger","Guardian:RollAttack"],"picked":"Guardian:Gem_Cyan","floor":5},{"not_picked":["Guardian:Emergency","Guardian:Orbwalk"],"picked":"Guardian:Gem_Green","floor":6},{"not_picked":["Guardian:TemporalStrike","Guardian:Recover"],"picked":"Guardian:VentSteam","floor":9},{"not_picked":["Guardian:Suspension","Guardian:Planning"],"picked":"Guardian:Incinerate","floor":11},{"not_picked":["Guardian:TemporalStrike","Guardian:ChargeCore"],"picked":"Guardian:Gem_Fragmented","floor":12},{"not_picked":["Guardian:WalkerClaw","Guardian:StasisField"],"picked":"Guardian:PiercingHide","floor":13},{"not_picked":["Guardian:PiercingHide","Guardian:RollAttack"],"picked":"Guardian:ChargeCore","floor":14},{"not_picked":["Guardian:TemporalStrike","Guardian:ConstructionForm"],"picked":"Guardian:Reroute","floor":15},{"not_picked":["Guardian:RevengeProtocol","Guardian:FastForward"],"picked":"Guardian:GemFire","floor":16},{"not_picked":["Guardian:Preprogram","Guardian:Reroute"],"picked":"Guardian:Gem_Cyan","floor":21},{"not_picked":["Guardian:Reroute+1","Guardian:StasisStrike"],"picked":"Guardian:Gem_Cyan","floor":22},{"not_picked":["Guardian:Gem_Lightblue","Guardian:PiercingHide"],"picked":"Guardian:Gem_Fragmented","floor":23},{"not_picked":["Guardian:Gem_Red","Guardian:RollAttack"],"picked":"Guardian:FloatingOrbs","floor":25},{"not_picked":["Guardian:FierceBash","Guardian:WalkerClaw+1"],"picked":"Guardian:Gem_Blue","floor":27},{"not_picked":["Guardian:Suspension","Guardian:Gem_Purple"],"picked":"Guardian:FloatingOrbs","floor":30},{"not_picked":["Guardian:PrismaticBeam","Guardian:ArmoredProtocol"],"picked":"Guardian:Gem_Crimson","floor":32},{"not_picked":["Guardian:StasisEngine","Guardian:CompilePackage"],"picked":"Guardian:Gem_Synthetic","floor":33},{"not_picked":["Guardian:PrimingBeam","Guardian:TemporalShield"],"picked":"Guardian:PiercingHide+1","floor":36},{"not_picked":["Guardian:ShieldCharger","Guardian:Gem_Yellow"],"picked":"Guardian:Gem_White","floor":37},{"not_picked":["Guardian:Emergency+1","Guardian:SentryBeam"],"picked":"Guardian:Gem_Lightblue","floor":39},{"not_picked":["Guardian:AncientConstruct","Guardian:HyperBeam_Guardian"],"picked":"Guardian:Recover+1","floor":40},{"not_picked":["Guardian:ChargeCore","Guardian:DonusPower"],"picked":"Guardian:Gem_Lightblue","floor":42},{"not_picked":["Guardian:Gem_Red","Guardian:RefractedBeam"],"picked":"Guardian:ChargeCore+1","floor":42},{"not_picked":["Guardian:TimeBomb","Guardian:GuardianWhirl+1"],"picked":"Guardian:WalkerClaw","floor":42},{"not_picked":["Guardian:ShieldCharger","Guardian:PrimingBeam+1"],"picked":"Guardian:Reroute+1","floor":42},{"not_picked":["Guardian:CrystalBeam","Guardian:MultiBeam"],"picked":"Guardian:Gem_Orange","floor":42},{"not_picked":["Guardian:BodySlam","Guardian:Gem_Red"],"picked":"Guardian:PiercingHide","floor":44},{"not_picked":["Guardian:StasisEngine","Guardian:CrystalBeam+1"],"picked":"Guardian:Reroute+1","floor":45},{"not_picked":["Guardian:Gem_Cyan","Guardian:BodySlam+1"],"picked":"Guardian:Gem_Red","floor":46},{"not_picked":["Guardian:ShieldSpikes","Guardian:TemporalShield"],"picked":"Guardian:Gem_Fragmented","floor":48},{"not_picked":["Guardian:PrimingBeam+1","Guardian:TimeCapacitor"],"picked":"Guardian:Suspension+1","floor":49}],"player_experience":71226,"relics_obtained":[{"floor":3,"key":"Centennial Puzzle"},{"floor":3,"key":"Ornamental Fan"},{"floor":3,"key":"Gambling Chip"},{"floor":19,"key":"Enchiridion"},{"floor":24,"key":"Bottled Lightning"},{"floor":25,"key":"Toy Ornithopter"},{"floor":30,"key":"MealTicket"},{"floor":40,"key":"Letter Opener"},{"floor":41,"key":"Pen Nib"},{"floor":45,"key":"Guardian:SackOfGems"}],"event_choices":[{"damage_healed":0,"gold_gain":0,"player_choice":"Read","damage_taken":0,"max_hp_gain":0,"max_hp_loss":0,"event_name":"The Library","floor":28,"gold_loss":0,"cards_obtained":["Guardian:TemporalStrike"]},{"damage_healed":0,"gold_gain":0,"player_choice":"Became a Ghost","damage_taken":0,"max_hp_gain":0,"max_hp_loss":45,"event_name":"Ghosts","floor":31,"gold_loss":0,"cards_obtained":["Ghostly","Ghostly","Ghostly","Ghostly","Ghostly"]},{"damage_healed":0,"gold_gain":0,"player_choice":"Fight","damage_taken":0,"max_hp_gain":0,"max_hp_loss":0,"event_name":"Mysterious Sphere","floor":45,"gold_loss":0}],"is_beta":false,"boss_relics":[{"not_picked":["aspiration:PoetsPen_weak","Runic Pyramid"],"picked":"Guardian:ModeShifterPlus"},{"not_picked":["Pandora\u0027s Box","Tiny House"],"picked":"Philosopher\u0027s Stone"}],"items_purged_floors":[5],"is_endless":false,"potions_floor_spawned":[6,9,12,13,15,23,25,30,32,37,45,48,49],"killed_by":"downfall:CharBossMerchant","ascension_level":1}}