{"host":"a0d98l75j0h1o085","time":1611106554,"event":{"mods":["AlwaysNeverKeys","BaseMod","Downfall","Highlight Path","Minty Spire (QoL Compilation)","StSLib"],"gold_per_floor":[168,168,185,14,289,315,326,326,374,401,304,338,338,74,74,175,175,191,191,191,203,214,242,254,282,330,330,330,137,163,176,176,271,271,282,282,335,335,414,414,443,443,443,443,455,455,496,68,68,68],"floor_reached":51,"language":"ENG","playtime":6094,"items_purged":["Regret","Strike_P","Defend_P","Strike_P"],"score":876,"play_id":"b24826ab-37c9-40b3-a555-7f414960ac04","local_time":"20210120013554","is_ascension_mode":true,"campfire_choices":[{"data":"Apotheosis","floor":8.0,"key":"SMITH"},{"data":"DevaForm","floor":13.0,"key":"SMITH"},{"data":"Prostrate","floor":15.0,"key":"SMITH"},{"data":"Omniscience","floor":27,"key":"SMITH"},{"floor":32,"key":"DIG"},{"floor":40,"key":"DIG"},{"floor":42,"key":"DIG"},{"floor":49,"key":"REST"}],"circlet_count":0,"master_deck":["Strike_P","Defend_P","Defend_P","Eruption","Vigilance","Halt","Prostrate","Protect","Apotheosis+1","TalkToTheHand","DevaForm+1","Prostrate+1","Establishment","BattleHymn","Omniscience+1","Protect+1","Crescendo","Prostrate","Devotion+1","MasterReality","Perseverance+1","Wireheading","Wish+1","CutThroughFate+1","Devotion+1","Parasite","CutThroughFate+1","Brilliance","Discovery+1","Nirvana+1"],"relics":["Tiny House","Dream Catcher","Smiling Mask","MealTicket","PreservedInsect","ClockworkSouvenir","SlaversCollar","Shovel","Toxic Egg 2","Centennial Puzzle","Lantern","Juzu Bracelet","Oddly Smooth Stone","Sozu","Bag of Marbles","Thread and Needle","Incense Burner","Meat on the Bone","Pantograph","Damaru"],"acts_visited":["Exordium","TheCity","TheBeyond"],"potions_floor_usage":[23,23,25,35],"damage_taken":[{"damage":5.0,"enemies":"Jaw Worm","floor":1.0,"turns":6.0},{"damage":0.0,"enemies":"Cultist","floor":3.0,"turns":4.0},{"damage":24.0,"enemies":"Lagavulin","floor":6.0,"turns":7.0},{"damage":11.0,"enemies":"Small Slimes","floor":7.0,"turns":5.0},{"damage":21.0,"enemies":"3 Sentries","floor":10.0,"turns":15.0},{"damage":0.0,"enemies":"Lagavulin","floor":12.0,"turns":5.0},{"damage":19.0,"enemies":"Slime Boss","floor":16.0,"turns":6.0},{"damage":24.0,"enemies":"2 Thieves","floor":18.0,"turns":3.0},{"damage":0.0,"enemies":"Spheric Guardian","floor":21.0,"turns":5.0},{"damage":18.0,"enemies":"Chosen and Byrds","floor":22.0,"turns":8.0},{"damage":14,"enemies":"Book of Stabbing","floor":23,"turns":5},{"damage":5,"enemies":"Cultist and Chosen","floor":24,"turns":7},{"damage":0,"enemies":"Gremlin Leader","floor":25,"turns":5},{"damage":5,"enemies":"Book of Stabbing","floor":30,"turns":5},{"damage":13,"enemies":"Centurion and Healer","floor":31,"turns":6},{"damage":12,"enemies":"Collector","floor":33,"turns":9},{"damage":0,"enemies":"3 Darklings","floor":35,"turns":7},{"damage":5,"enemies":"3 Shapes","floor":39,"turns":7},{"damage":12,"enemies":"Reptomancer","floor":41,"turns":6},{"damage":0,"enemies":"Writhing Mass","floor":45,"turns":7},{"damage":30,"enemies":"Jaw Worm Horde","floor":47,"turns":5},{"damage":28,"enemies":"Time Eater","floor":50,"turns":8}],"seed_played":"-7400784638530018663","potions_obtained":[{"floor":0.0,"key":"CultistPotion"},{"floor":6.0,"key":"bronze:BurnAndBuffPotion"},{"floor":10.0,"key":"SteroidPotion"},{"floor":12.0,"key":"hexamod:SoulburnPotion"},{"floor":18.0,"key":"ColorlessPotion"},{"floor":24,"key":"Explosive Potion"},{"floor":33,"key":"SkillPotion"}],"is_trial":false,"path_per_floor":["M","?","M","$","?","E","M","R","T","E","$","E","R","$","R","B",null,"M","?","?","M","M","E","M","E","T","R","?","$","E","M","R","B",null,"M","?","T","?","M","R","E","R","T","?","M","?","M","$","R","B",null],"character_chosen":"WATCHER","items_purchased":["Apotheosis","Prostrate","BattleHymn","ClockworkSouvenir","Lantern","Damaru","Brilliance","Discovery+1"],"campfire_rested":1,"item_purchase_floors":[4,11,14,14,29,48,48,48],"current_hp_per_floor":[72,72,72,72,72,48,37,37,37,16,31,31,31,46,46,27,77,53,53,77,77,59,45,40,40,40,40,40,55,50,37,37,25,77,77,77,77,77,72,72,60,60,60,60,60,60,42,57,77,49],"gold":68,"neow_bonus":"BOSS_RELIC","is_daily":false,"chose_seed":false,"campfire_upgraded":4,"win_rate":0.0,"timestamp":1611106554,"path_taken":["M","?","M","$","?","E","?","R","T","E","$","E","R","?","R","BOSS","M","?","?","?","M","E","M","E","T","R","?","$","E","M","R","BOSS","M","?","?","?","M","R","E","R","T","?","M","?","M","$","R","BOSS"],"items_purchased_type":["Card","Card","Card","Relic","Relic","Relic","Card","Card"],"build_version":"2020-12-22","purchased_purges":4,"victory":true,"max_hp_per_floor":[77,77,77,77,77,77,77,77,77,77,77,77,77,77,77,77,77,77,77,77,77,77,77,77,77,77,77,77,77,77,77,77,77,77,77,77,77,77,77,77,77,77,77,77,77,77,77,77,77,77],"card_choices":[{"not_picked":["FlurryOfBlows","FollowUp"],"picked":"Halt","floor":0.0},{"not_picked":["FlurryOfBlows","Conclude"],"picked":"Prostrate","floor":1.0},{"not_picked":["Evaluate","FlyingSleeves"],"picked":"Protect","floor":3.0},{"not_picked":["FollowUp","ClearTheMind"],"picked":"TalkToTheHand","floor":6.0},{"not_picked":["ThirdEye","Nirvana","Perseverance"],"picked":"SKIP","floor":7.0},{"not_picked":["Swivel","Evaluate"],"picked":"DevaForm","floor":10.0},{"not_picked":["PathToVictory","WaveOfTheHand"],"picked":"Establishment","floor":12.0},{"not_picked":["LessonLearned","Establishment"],"picked":"Omniscience","floor":16.0},{"not_picked":["Collect","ClearTheMind"],"picked":"Protect+1","floor":18.0},{"not_picked":["SashWhip","WreathOfFlame+1","CarveReality+1"],"picked":"SKIP","floor":21.0},{"not_picked":["SashWhip","WreathOfFlame+1","CarveReality+1"],"picked":"SKIP","floor":21.0},{"not_picked":["Halt+1","FlyingSleeves"],"picked":"Crescendo","floor":22.0},{"not_picked":["Wireheading","FlurryOfBlows"],"picked":"Prostrate","floor":23},{"not_picked":["SashWhip+1","Prostrate"],"picked":"Devotion","floor":24},{"not_picked":["MentalFortress","Conclude"],"picked":"MasterReality","floor":25},{"not_picked":["Evaluate+1","Vengeance+1"],"picked":"Wireheading","floor":30},{"not_picked":["EmptyBody+1","Vengeance+1","BowlingBash"],"picked":"SKIP","floor":31},{"not_picked":["LessonLearned","DeusExMachina+1"],"picked":"Wish+1","floor":33},{"not_picked":["SignatureMove","Evaluate+1","MentalFortress+1"],"picked":"SKIP","floor":35},{"not_picked":["SignatureMove","Evaluate+1","MentalFortress+1"],"picked":"SKIP","floor":35},{"not_picked":["CrushJoints+1","FlyingSleeves"],"picked":"CutThroughFate+1","floor":39},{"not_picked":["DeceiveReality+1","Conclude+1","MentalFortress"],"picked":"SKIP","floor":41},{"not_picked":["WheelKick+1","Wireheading","Protect+1"],"picked":"SKIP","floor":45},{"not_picked":["FlurryOfBlows+1","Adaptation+1"],"picked":"CutThroughFate+1","floor":47},{"not_picked":["BowlingBash+1","DeceiveReality+1"],"picked":"Nirvana+1","floor":49}],"player_experience":752148,"relics_obtained":[{"floor":6.0,"key":"Dream Catcher"},{"floor":9.0,"key":"Smiling Mask"},{"floor":10.0,"key":"MealTicket"},{"floor":12.0,"key":"PreservedInsect"},{"floor":23,"key":"Shovel"},{"floor":25,"key":"Toxic Egg 2"},{"floor":26,"key":"Centennial Puzzle"},{"floor":30,"key":"Juzu Bracelet"},{"floor":32,"key":"Oddly Smooth Stone"},{"floor":37,"key":"Bag of Marbles"},{"floor":40,"key":"Thread and Needle"},{"floor":41,"key":"Incense Burner"},{"floor":42,"key":"Meat on the Bone"},{"floor":43,"key":"Pantograph"}],"event_choices":[{"cards_removed":["Defend_P"],"damage_healed":0.0,"max_hp_gain":0.0,"max_hp_loss":0.0,"gold_gain":0.0,"event_name":"Living Wall","player_choice":"Forget","floor":2.0,"gold_loss":0.0,"damage_taken":0.0},{"damage_healed":0.0,"max_hp_gain":0.0,"max_hp_loss":0.0,"gold_gain":275.0,"event_name":"Golden Shrine","player_choice":"Desecrate","floor":5.0,"gold_loss":0.0,"damage_taken":0.0,"cards_obtained":["Regret"]},{"damage_healed":25.0,"max_hp_gain":0.0,"max_hp_loss":0.0,"gold_gain":0.0,"event_name":"The Library","player_choice":"Heal","floor":20.0,"gold_loss":0.0,"damage_taken":0.0},{"damage_healed":0,"gold_gain":0,"player_choice":"1 cards matched","damage_taken":0,"max_hp_gain":0,"max_hp_loss":0,"event_name":"Match and Keep!","floor":28,"gold_loss":0,"cards_obtained":["Perseverance"]},{"cards_removed":["Strike_P"],"damage_healed":0,"gold_gain":0,"player_choice":"Removed Attack","damage_taken":0,"max_hp_gain":0,"max_hp_loss":0,"event_name":"Falling","floor":36,"gold_loss":0},{"damage_healed":0,"gold_gain":0,"player_choice":"Forge","damage_taken":0,"max_hp_gain":0,"max_hp_loss":0,"event_name":"Accursed Blacksmith","floor":38,"gold_loss":0,"cards_upgraded":["Devotion"]},{"damage_healed":0,"gold_gain":0,"player_choice":"Copied","damage_taken":0,"max_hp_gain":0,"max_hp_loss":0,"event_name":"Duplicator","floor":44,"gold_loss":0,"cards_obtained":["Devotion"]},{"damage_healed":0,"gold_gain":0,"player_choice":"Ignored","damage_taken":0,"max_hp_gain":0,"max_hp_loss":0,"event_name":"Tomb of Lord Red Mask","floor":46,"gold_loss":0}],"is_beta":false,"boss_relics":[{"not_picked":["SacredBark","Runic Pyramid"],"picked":"SlaversCollar"},{"not_picked":["bronze:MakeshiftBattery","Pandora\u0027s Box"],"picked":"Sozu"}],"items_purged_floors":[11,14,29,48],"is_endless":false,"potions_floor_spawned":[6,10,12,18,24,33,39,45],"ascension_level":2}}