{"host":"a4s27ghlnr83kbqz","time":1611158472,"event":{"mods":["AchievementEnabler","BaseMod","Colored Map","Minty Spire (QoL Compilation)","Permanent Neow","SuperFastMode"],"gold_per_floor":[111,36,49,49,66,66,93,93,93,107,107,132,132,157,157,288,288,288,288,188,188,188,188,188,188,188,188,188,188,188,188,188,188,188],"floor_reached":33,"language":"KOR","playtime":999,"items_purged":["Regret","Strike_G"],"score":454,"play_id":"b77df0a4-8326-4bae-9922-3a95398172f2","local_time":"20210121000112","is_ascension_mode":true,"campfire_choices":[{"data":"Masterful Stab","floor":6,"key":"SMITH"},{"data":"A Thousand Cuts","floor":8,"key":"SMITH"},{"floor":11,"key":"REST"},{"data":"Strike_G","floor":15,"key":"PURGE"},{"floor":23,"key":"REST"},{"floor":25,"key":"REST"},{"floor":27,"key":"REST"},{"data":"After Image","floor":29,"key":"SMITH"},{"floor":32,"key":"REST"}],"circlet_count":0,"master_deck":["AscendersBane","Strike_G","Strike_G","Defend_G","Defend_G","Defend_G","Defend_G","Defend_G","Survivor","Neutralize","After Image+1","All Out Attack","Masterful Stab+1","Well Laid Plans","A Thousand Cuts+1","Backstab","Wraith Form v2","Accuracy+1","Blur","Eviscerate","Blade Dance","Crippling Poison+1","Escape Plan"],"relics":["Ring of the Snake","Peace Pipe","CaptainsWheel","Pear","Golden Idol","Ectoplasm","Red Mask","Old Coin","CeramicFish","Torii"],"acts_visited":["Exordium","TheCity"],"potions_floor_usage":[10,16,19,21,30,33],"damage_taken":[{"damage":9,"enemies":"Small Slimes","floor":1,"turns":5},{"damage":0,"enemies":"2 Louse","floor":3,"turns":3},{"damage":0,"enemies":"Jaw Worm","floor":5,"turns":3},{"damage":23,"enemies":"3 Sentries","floor":7,"turns":8},{"damage":15,"enemies":"Gremlin Gang","floor":10,"turns":4},{"damage":22,"enemies":"Gremlin Nob","floor":12,"turns":5},{"damage":0,"enemies":"3 Louse","floor":14,"turns":2},{"damage":13,"enemies":"Slime Boss","floor":16,"turns":9},{"damage":0,"enemies":"Chosen","floor":18,"turns":5},{"damage":25,"enemies":"Masked Bandits","floor":19,"turns":4},{"damage":7,"enemies":"Shell Parasite","floor":21,"turns":8},{"damage":53,"enemies":"Slavers","floor":24,"turns":9},{"damage":6,"enemies":"Chosen and Byrds","floor":28,"turns":6},{"damage":3,"enemies":"Centurion and Healer","floor":30,"turns":6},{"damage":11,"enemies":"Gremlin Leader","floor":31,"turns":5},{"damage":101,"enemies":"Automaton","floor":33,"turns":12}],"seed_played":"3840170788903154604","potions_obtained":[{"floor":3,"key":"Dexterity Potion"},{"floor":14,"key":"PowerPotion"},{"floor":18,"key":"Dexterity Potion"},{"floor":19,"key":"SkillPotion"},{"floor":28,"key":"Energy Potion"},{"floor":30,"key":"SpeedPotion"}],"is_trial":false,"path_per_floor":["M","$","M","?","M","R","E","R","T","M","R","E","?","M","R","B",null,"M","?","$","M","?","R","E","R","T","R","M","R","M","E","R","B"],"character_chosen":"THE_SILENT","items_purchased":[],"campfire_rested":5,"item_purchase_floors":[],"current_hp_per_floor":[54,54,54,59,59,59,36,36,36,21,43,31,31,31,31,18,64,64,39,39,32,32,55,2,25,25,48,42,42,39,28,51,0,0],"gold":188,"neow_bonus":"THREE_RARE_CARDS","is_daily":false,"chose_seed":false,"campfire_upgraded":3,"win_rate":0.0,"timestamp":1611158472,"path_taken":["M","$","M","?","M","R","E","R","T","M","R","E","?","M","R","BOSS","M","?","$","M","?","R","E","R","T","R","?","R","M","E","R","BOSS"],"items_purchased_type":[],"build_version":"2020-12-22","purchased_purges":2,"victory":false,"max_hp_per_floor":[70,70,70,75,75,75,75,75,75,75,75,85,79,79,79,79,79,79,79,79,79,79,79,79,79,79,79,79,79,79,79,79,79,79],"card_choices":[{"not_picked":["Venomology","Doppelganger"],"picked":"After Image","floor":0},{"not_picked":["Prepared","Flying Knee"],"picked":"All Out Attack","floor":1},{"not_picked":["Outmaneuver","Bouncing Flask"],"picked":"Masterful Stab","floor":3},{"not_picked":["Footwork","Prepared"],"picked":"Well Laid Plans","floor":5},{"not_picked":["Calculated Gamble","Infinite Blades"],"picked":"A Thousand Cuts","floor":7},{"not_picked":["Prepared","Quick Slash"],"picked":"Backstab","floor":10},{"not_picked":["Heel Hook","Quick Slash","Outmaneuver"],"picked":"SKIP","floor":12},{"not_picked":["Setup","Calculated Gamble"],"picked":"Wraith Form v2","floor":14},{"not_picked":["Underhanded Strike","Caltrops"],"picked":"Accuracy+1","floor":18},{"not_picked":["Reflex","Acrobatics"],"picked":"Blur","floor":19},{"not_picked":["Blur+1","Dagger Throw+1","Flying Knee"],"picked":"SKIP","floor":21},{"not_picked":["Catalyst+1","Flechettes"],"picked":"Blade Dance","floor":24},{"not_picked":["Dagger Throw","Quick Slash"],"picked":"Crippling Poison+1","floor":28},{"not_picked":["Concentrate+1","Prepared"],"picked":"Escape Plan","floor":30},{"not_picked":["Well Laid Plans","Outmaneuver+1","Flying Knee+1"],"picked":"SKIP","floor":31}],"player_experience":1114214,"relics_obtained":[{"floor":7,"key":"Peace Pipe"},{"floor":9,"key":"CaptainsWheel"},{"floor":12,"key":"Pear"},{"floor":19,"key":"Red Mask"},{"floor":24,"key":"Old Coin"},{"floor":26,"key":"CeramicFish"},{"floor":31,"key":"Torii"}],"event_choices":[{"damage_healed":0,"gold_gain":0,"player_choice":"Donut","damage_taken":0,"max_hp_gain":5,"max_hp_loss":0,"event_name":"Big Fish","floor":4,"gold_loss":0},{"damage_healed":0,"gold_gain":0,"player_choice":"Lose Max HP","damage_taken":0,"relics_obtained":["Golden Idol"],"max_hp_gain":0,"max_hp_loss":6,"event_name":"Golden Idol","floor":13,"gold_loss":0},{"damage_healed":0,"gold_gain":0,"player_choice":"Fought Bandits","damage_taken":0,"max_hp_gain":0,"max_hp_loss":0,"event_name":"Masked Bandits","floor":19,"gold_loss":0},{"damage_healed":0,"gold_gain":0,"cards_transformed":["Strike_G"],"player_choice":"Transformed","damage_taken":0,"max_hp_gain":0,"max_hp_loss":0,"event_name":"Transmorgrifier","floor":22,"gold_loss":0,"cards_obtained":["Eviscerate"]}],"is_beta":false,"boss_relics":[{"not_picked":["Pandora\u0027s Box","Sozu"],"picked":"Ectoplasm"}],"items_purged_floors":[2,20],"is_endless":false,"potions_floor_spawned":[3,14,18,19,28,30],"killed_by":"Automaton","ascension_level":11}}