{"host":"f0gpob8hq9vgebej","time":1611115387,"event":{"mods":["AchievementEnabler","BaseMod","Minty Spire (QoL Compilation)","Quick Restart","SuperFastMode"],"gold_per_floor":[367,378,19,32,47,80,80,110,110,110,123,23,23,98,98,194,194,205,13,24,35,46,46,46,46],"floor_reached":24,"language":"KOR","playtime":516,"items_purged":["Decay","Strike_R","Strike_R"],"score":312,"play_id":"e285e3c9-545a-48e5-bdb4-5ddff7144d6a","local_time":"20210120130307","is_ascension_mode":true,"campfire_choices":[{"data":"Spot Weakness","floor":7.0,"key":"SMITH"},{"data":"Rampage","floor":10.0,"key":"SMITH"},{"floor":15.0,"key":"REST"},{"data":"Body Slam","floor":23,"key":"SMITH"}],"circlet_count":0,"master_deck":["AscendersBane","Strike_R+1","Strike_R+1","Strike_R","Defend_R","Defend_R","Defend_R","Defend_R","Bash","Rampage+1","Pommel Strike","Shrug It Off","Fire Breathing","Spot Weakness+1","Shockwave","Sword Boomerang","Demon Form","Rampage","Entrench","Body Slam+1"],"relics":["Black Blood","Paper Frog","Whetstone","Bag of Preparation","Bottled Flame"],"acts_visited":["Exordium","TheCity"],"potions_floor_usage":[22],"damage_taken":[{"damage":12.0,"enemies":"Jaw Worm","floor":1.0,"turns":5.0},{"damage":10.0,"enemies":"2 Louse","floor":2.0,"turns":3.0},{"damage":7.0,"enemies":"Small Slimes","floor":4.0,"turns":3.0},{"damage":0.0,"enemies":"3 Louse","floor":5.0,"turns":5.0},{"damage":32.0,"enemies":"Lagavulin","floor":6.0,"turns":6.0},{"damage":25.0,"enemies":"3 Sentries","floor":8.0,"turns":6.0},{"damage":19.0,"enemies":"Exordium Wildlife","floor":11.0,"turns":4.0},{"damage":20.0,"enemies":"Hexaghost","floor":16.0,"turns":9.0},{"damage":17,"enemies":"Spheric Guardian","floor":18,"turns":4},{"damage":24,"enemies":"2 Thieves","floor":20,"turns":3},{"damage":48,"enemies":"Chosen and Byrds","floor":21,"turns":8},{"damage":0,"enemies":"Snecko","floor":22,"turns":4},{"damage":21,"enemies":"Slavers","floor":24,"turns":2}],"seed_played":"-5085917373856400118","potions_obtained":[{"floor":2.0,"key":"CultistPotion"},{"floor":4.0,"key":"LiquidMemories"},{"floor":8.0,"key":"LiquidBronze"},{"floor":11.0,"key":"Dexterity Potion"},{"floor":18,"key":"SneckoOil"}],"is_trial":false,"path_per_floor":["M","M","$","M","M","E","R","E","T","R","M","$","?","?","R","B",null,"M","$","M","M","M","R","E"],"character_chosen":"IRONCLAD","items_purchased":["Shrug It Off","Paper Frog","Rampage"],"campfire_rested":1,"item_purchase_floors":[3,3,19],"current_hp_per_floor":[66,62,62,61,67,41,41,22,22,22,9,9,14,3,28,14,67,62,62,50,14,26,26,5,5],"gold":46,"neow_bonus":"TWO_FIFTY_GOLD","is_daily":false,"chose_seed":false,"campfire_upgraded":3,"win_rate":0.0,"timestamp":1611115387,"path_taken":["M","M","$","M","M","E","R","E","T","R","M","$","?","?","R","BOSS","M","$","M","M","M","R","E"],"items_purchased_type":["Card","Relic","Card"],"build_version":"2020-12-22","purchased_purges":3,"victory":false,"max_hp_per_floor":[80,80,80,80,80,80,80,80,80,80,80,80,85,85,85,85,85,85,85,85,85,85,85,85,85],"card_choices":[{"not_picked":["Sever Soul","Iron Wave"],"picked":"Rampage","floor":1.0},{"not_picked":["Disarm","Clash"],"picked":"Pommel Strike","floor":2.0},{"not_picked":["Carnage","Combust"],"picked":"Fire Breathing","floor":4.0},{"not_picked":["Evolve","Shockwave"],"picked":"Spot Weakness","floor":5.0},{"not_picked":["Dark Embrace","Sentinel"],"picked":"Shockwave","floor":6.0},{"not_picked":["Clash","Bloodletting","Dark Embrace"],"picked":"SKIP","floor":8.0},{"not_picked":["Thunderclap","Headbutt"],"picked":"Sword Boomerang","floor":11.0},{"not_picked":["Berserk","Brutality"],"picked":"Demon Form","floor":16.0},{"not_picked":["Heavy Blade","Perfected Strike","Twin Strike"],"picked":"SKIP","floor":18},{"not_picked":["Body Slam","Clash+1"],"picked":"Entrench","floor":20},{"not_picked":["Headbutt+1","Heavy Blade","Carnage"],"picked":"SKIP","floor":21},{"not_picked":["Twin Strike","Shrug It Off"],"picked":"Body Slam","floor":22}],"player_experience":180147,"relics_obtained":[{"floor":6.0,"key":"Whetstone"},{"floor":8.0,"key":"Bag of Preparation"},{"floor":9.0,"key":"Bottled Flame"}],"event_choices":[{"damage_healed":0.0,"max_hp_gain":5.0,"max_hp_loss":0.0,"gold_gain":0.0,"event_name":"Big Fish","player_choice":"Donut","floor":13.0,"gold_loss":0.0,"damage_taken":0.0},{"damage_healed":0.0,"max_hp_gain":0.0,"max_hp_loss":0.0,"gold_gain":75.0,"event_name":"World of Goop","player_choice":"Gather Gold","floor":14.0,"gold_loss":0.0,"damage_taken":11.0}],"is_beta":false,"boss_relics":[{"not_picked":["Tiny House","Sozu"],"picked":"Black Blood"}],"items_purged_floors":[3,12,19],"is_endless":false,"potions_floor_spawned":[2,4,8,11,18],"killed_by":"Slavers","ascension_level":10}}