{"host":"9l1knhxfturzliqa","time":1611142320,"event":{"mods":["BaseMod","Colored Map","Colored Powertips","DeckTracker","Highlight Path","Keyboard Shortcuts","Minty Spire (QoL Compilation)","Random Character Button"],"gold_per_floor":[112,112,8,28,39,39,57,70,70,85,100,100,100,100,100,196,196,219,243,286,286,286],"floor_reached":21,"language":"KOR","playtime":1575,"items_purged":["Pain"],"score":337,"play_id":"0bcf6c91-99e1-4976-be6c-b7639d7e099b","local_time":"20210120203200","is_ascension_mode":true,"campfire_choices":[{"data":"Corpse Explosion","floor":6.0,"key":"SMITH"},{"data":"Noxious Fumes","floor":13.0,"key":"SMITH"},{"floor":15.0,"key":"REST"}],"circlet_count":0,"master_deck":["AscendersBane","Survivor","Neutralize","Corpse Explosion+1","Finisher+1","Dagger Spray","Dagger Throw","Heel Hook","Escape Plan","Noxious Fumes+1","Leg Sweep","Doppelganger","Tools of the Trade","Crippling Poison","Eviscerate","Choke","Backstab","Acrobatics","Quick Slash","Dagger Throw","Bouncing Flask","Backflip+1","Concentrate"],"relics":["Ring of the Snake","Question Card","Golden Idol","Pandora\u0027s Box","Red Mask"],"acts_visited":["Exordium","TheCity"],"potions_floor_usage":[21],"damage_taken":[{"damage":3.0,"enemies":"2 Louse","floor":1.0,"turns":3.0},{"damage":1.0,"enemies":"Cultist","floor":4.0,"turns":4.0},{"damage":13.0,"enemies":"Jaw Worm","floor":5.0,"turns":6.0},{"damage":1.0,"enemies":"Looter","floor":7.0,"turns":4.0},{"damage":0.0,"enemies":"3 Louse","floor":8.0,"turns":3.0},{"damage":3.0,"enemies":"Blue Slaver","floor":10.0,"turns":3.0},{"damage":11.0,"enemies":"Large Slime","floor":11.0,"turns":5.0},{"damage":12.0,"enemies":"Slime Boss","floor":16.0,"turns":7.0},{"damage":0.0,"enemies":"Chosen","floor":18.0,"turns":3.0},{"damage":19.0,"enemies":"2 Thieves","floor":19.0,"turns":4.0},{"damage":30.0,"enemies":"Masked Bandits","floor":20.0,"turns":3.0},{"damage":6,"enemies":"Shelled Parasite and Fungi","floor":21,"turns":2}],"seed_played":"-4606732177698482341","potions_obtained":[{"floor":5.0,"key":"Dexterity Potion"},{"floor":7.0,"key":"Poison Potion"},{"floor":8.0,"key":"DuplicationPotion"},{"floor":16.0,"key":"CunningPotion"},{"floor":20.0,"key":"Energy Potion"}],"is_trial":false,"path_per_floor":["M","?","$","M","M","R","M","M","T","M","M","?","R","?","R","B",null,"M","M","?","M"],"character_chosen":"THE_SILENT","items_purchased":["Dagger Spray"],"campfire_rested":1,"item_purchase_floors":[3],"current_hp_per_floor":[56,56,56,55,42,42,41,41,41,38,27,27,27,27,45,33,53,53,34,4,0,0],"gold":286,"neow_bonus":"THREE_RARE_CARDS","is_daily":false,"chose_seed":false,"campfire_upgraded":2,"win_rate":0.0,"timestamp":1611142320,"path_taken":["M","?","$","?","M","R","M","M","T","M","M","?","R","?","R","BOSS","M","M","?","M"],"items_purchased_type":["Card"],"build_version":"2020-12-22","purchased_purges":1,"victory":false,"max_hp_per_floor":[66,66,66,66,66,66,66,66,66,66,66,60,60,60,60,60,60,60,60,60,60,60],"card_choices":[{"not_picked":["Glass Knife","Unload"],"picked":"Corpse Explosion","floor":0.0},{"not_picked":["Deflect","Expertise"],"picked":"Finisher","floor":1.0},{"not_picked":["Concentrate","Sucker Punch","Quick Slash"],"picked":"SKIP","floor":4.0},{"not_picked":["Sucker Punch","Dodge and Roll"],"picked":"Dagger Throw","floor":5.0},{"not_picked":["All Out Attack","Underhanded Strike"],"picked":"Heel Hook","floor":7.0},{"not_picked":["Dash","Distraction"],"picked":"Escape Plan","floor":8.0},{"not_picked":["Quick Slash","Sucker Punch","Cloak And Dagger"],"picked":"Noxious Fumes","floor":10.0},{"not_picked":["Poisoned Stab","Sucker Punch","Distraction"],"picked":"Leg Sweep","floor":11.0},{"not_picked":["Corpse Explosion","Envenom","Glass Knife"],"picked":"Doppelganger","floor":16.0},{"not_picked":["Blur","Expertise","PiercingWail+1"],"picked":"Backflip+1","floor":18.0},{"not_picked":["Bane","Backflip","Acrobatics"],"picked":"Concentrate","floor":19.0}],"player_experience":505641,"relics_obtained":[{"floor":9.0,"key":"Question Card"},{"floor":20.0,"key":"Red Mask"}],"event_choices":[{"damage_healed":0.0,"max_hp_gain":0.0,"max_hp_loss":0.0,"gold_gain":0.0,"event_name":"Upgrade Shrine","player_choice":"Upgraded","floor":2.0,"gold_loss":0.0,"damage_taken":0.0,"cards_upgraded":["Finisher"]},{"damage_healed":0.0,"max_hp_gain":0.0,"max_hp_loss":6.0,"gold_gain":0.0,"event_name":"Golden Idol","player_choice":"Lose Max HP","floor":12.0,"gold_loss":0.0,"damage_taken":0.0,"relics_obtained":["Golden Idol"]},{"cards_removed":["Strike_G"],"damage_healed":0.0,"max_hp_gain":0.0,"max_hp_loss":0.0,"gold_gain":0.0,"event_name":"Living Wall","player_choice":"Forget","floor":14.0,"gold_loss":0.0,"damage_taken":0.0},{"damage_healed":0.0,"max_hp_gain":0.0,"max_hp_loss":0.0,"gold_gain":0.0,"event_name":"Masked Bandits","player_choice":"Fought Bandits","floor":20.0,"gold_loss":0.0,"damage_taken":0.0}],"is_beta":false,"boss_relics":[{"not_picked":["Busted Crown","Coffee Dripper"],"picked":"Pandora\u0027s Box"}],"items_purged_floors":[3],"is_endless":false,"potions_floor_spawned":[5,7,8,16,20],"killed_by":"Shelled Parasite and Fungi","ascension_level":19}}