{"host":"wogey4gsknv4ot2d","time":1611129580,"event":{"mods":["2.2 Compatiblity","AchievementEnabler","Act Like it!","Alarm Clock","BaseMod","Bestiary","Better Match","Better Third Choice","Colored Map","Colored Powertips","Googly Eyes","Key Reminder","Minty Spire (QoL Compilation)","Permanent Neow","Rare Cards Sparkle","Relic Stats","StSLib"],"gold_per_floor":[110,129,149,149,160,171,198,215,215,180,180,191,219,219,219,323,323,339,414,426,352,7,7,34,34,34,34,133,233,262,275,275,374,374,391,391,403,149,160,194,194,220,220,220,220,220,220,232,232,232],"floor_reached":51,"language":"ENG","playtime":2440,"items_purged":[],"score":918,"play_id":"3abdb755-4f4f-4008-9ea7-518503f3ef83","local_time":"20210120015940","is_ascension_mode":true,"campfire_choices":[{"floor":11,"key":"REST"},{"floor":15,"key":"REST"},{"data":"Consume","floor":23,"key":"SMITH"},{"floor":25,"key":"REST"},{"data":"Defragment","floor":27,"key":"SMITH"},{"floor":32,"key":"REST"},{"floor":41,"key":"REST"},{"data":"Dramatic Entrance","floor":44,"key":"SMITH"},{"data":"Blizzard","floor":49,"key":"SMITH"}],"circlet_count":0,"master_deck":["Strike_B","Defend_B","Defend_B","Defend_B","Defend_B","Zap","Dualcast","Swift Strike","Streamline","Defragment+1","Consume+1","Go for the Eyes","Steam","Defragment","Melter","Conserve Battery","Core Surge","Beam Cell","Capacitor+1","Leap","BootSequence","Cold Snap+1","Cold Snap","Genetic Algorithm+1","Go for the Eyes","Leap+1","Capacitor","Blizzard+1","Dramatic Entrance+1","Capacitor","Beam Cell+1","Cold Snap"],"relics":["FrozenCore","Strawberry","Bottled Flame","DataDisk","Membership Card","Pantograph","Peace Pipe","StoneCalendar","Pocketwatch","Cables","InkBottle","Empty Cage","Juzu Bracelet","DollysMirror","Letter Opener","Lizard Tail","White Beast Statue","Pear"],"acts_visited":["Exordium","TheCity","TheBeyond"],"potions_floor_usage":[7,7,8,8,13,29,33,35],"damage_taken":[{"damage":7,"enemies":"Small Slimes","floor":1,"turns":3},{"damage":1,"enemies":"Cultist","floor":2,"turns":3},{"damage":11,"enemies":"Jaw Worm","floor":3,"turns":2},{"damage":8,"enemies":"2 Fungi Beasts","floor":5,"turns":3},{"damage":7,"enemies":"Blue Slaver","floor":6,"turns":3},{"damage":11,"enemies":"3 Sentries","floor":7,"turns":4},{"damage":12,"enemies":"Exordium Thugs","floor":8,"turns":4},{"damage":14,"enemies":"2 Fungi Beasts","floor":12,"turns":4},{"damage":25,"enemies":"Lagavulin","floor":13,"turns":5},{"damage":43,"enemies":"Slime Boss","floor":16,"turns":8},{"damage":7,"enemies":"Chosen","floor":18,"turns":9},{"damage":12,"enemies":"Shell Parasite","floor":20,"turns":8},{"damage":16,"enemies":"Book of Stabbing","floor":24,"turns":10},{"damage":0,"enemies":"Colosseum Slavers","floor":29,"turns":7},{"damage":17,"enemies":"Colosseum Nobs","floor":29,"turns":7},{"damage":8,"enemies":"Gremlin Leader","floor":30,"turns":7},{"damage":0,"enemies":"Sentry and Sphere","floor":31,"turns":5},{"damage":0,"enemies":"Champ","floor":33,"turns":24},{"damage":24,"enemies":"3 Darklings","floor":35,"turns":7},{"damage":15,"enemies":"3 Shapes","floor":37,"turns":7},{"damage":0,"enemies":"3 Darklings","floor":39,"turns":7},{"damage":0,"enemies":"Giant Head","floor":40,"turns":21},{"damage":0,"enemies":"Nemesis","floor":42,"turns":15},{"damage":0,"enemies":"Maw","floor":48,"turns":14},{"damage":18,"enemies":"Awakened One","floor":50,"turns":23}],"seed_played":"382493689927297660","potions_obtained":[{"floor":2,"key":"AttackPotion"},{"floor":4,"key":"Fire Potion"},{"floor":4,"key":"Explosive Potion"},{"floor":7,"key":"ColorlessPotion"},{"floor":12,"key":"AttackPotion"},{"floor":18,"key":"PotionOfCapacity"},{"floor":30,"key":"Weak Potion"},{"floor":33,"key":"SkillPotion"}],"is_trial":false,"path_per_floor":["M","M","M","?","M","M","E","M","T","?","R","M","E","?","R","B",null,"M","?","M","$","$","R","E","R","T","R","?","?","E","M","R","B",null,"M","?","M","$","M","E","R","E","T","R","?","?","?","M","R","B",null],"character_chosen":"DEFECT","items_purchased":["Capacitor","Membership Card","Pantograph","FairyPotion","Leap","Juzu Bracelet","Capacitor","Blizzard","Dramatic Entrance","DollysMirror"],"campfire_rested":5,"item_purchase_floors":[21,22,22,22,22,38,38,38,38,38],"current_hp_per_floor":[68,67,56,56,48,41,37,25,25,45,69,55,30,35,61,18,87,80,72,60,60,60,60,44,70,70,70,70,53,45,45,71,87,87,63,63,48,48,48,48,74,74,74,74,74,84,84,84,84,75],"gold":232,"neow_bonus":"RANDOM_COLORLESS","is_daily":false,"chose_seed":false,"campfire_upgraded":4,"win_rate":0.0,"timestamp":1611129580,"path_taken":["M","M","M","?","M","M","E","?","T","?","R","M","E","?","R","BOSS","M","?","M","?","$","R","E","R","T","R","?","?","E","M","R","BOSS","M","?","M","$","M","E","R","E","T","R","?","?","?","M","R","BOSS"],"items_purchased_type":["Card","Relic","Relic","Potion","Card","Relic","Card","Card","Card","Relic"],"build_version":"2020-12-22","purchased_purges":0,"victory":true,"max_hp_per_floor":[75,75,75,75,75,75,82,82,82,82,82,82,82,87,87,87,87,87,87,87,87,87,87,87,87,87,87,87,87,87,87,87,87,87,87,87,87,87,87,87,87,87,87,87,83,93,93,93,93,93],"relic_stats":{"Peace Pipe":0,"Lizard Tail":0,"counters":[25,210],"Pantograph":25,"StoneCalendar":[611],"Juzu Bracelet":2,"Letter Opener":[6],"obtain_stats":[{"Pear":46,"StoneCalendar":26,"Juzu Bracelet":38,"Letter Opener":40,"Empty Cage":34,"White Beast Statue":43,"FrozenCore":17,"Cables":29,"Peace Pipe":24,"Bottled Flame":9,"DataDisk":13,"Lizard Tail":42,"DollysMirror":38,"Strawberry":7,"Pantograph":22,"Membership Card":22,"Cracked Core":0,"InkBottle":30,"Pocketwatch":29},{"Pear":23,"StoneCalendar":13,"Juzu Bracelet":20,"Letter Opener":22,"Empty Cage":18,"White Beast Statue":23,"FrozenCore":10,"Cables":15,"Peace Pipe":13,"Bottled Flame":7,"DataDisk":9,"Lizard Tail":23,"DollysMirror":20,"Strawberry":6,"Pantograph":12,"Membership Card":12,"Cracked Core":0,"InkBottle":16,"Pocketwatch":15},{"Pear":173,"StoneCalendar":66,"Juzu Bracelet":130,"Letter Opener":158,"Empty Cage":116,"White Beast Statue":173,"FrozenCore":39,"Cables":80,"Peace Pipe":66,"Bottled Flame":22,"DataDisk":31,"Lizard Tail":173,"DollysMirror":130,"Strawberry":18,"Pantograph":56,"Membership Card":56,"Cracked Core":0,"InkBottle":87,"Pocketwatch":80}],"InkBottle":[42],"FrozenCore":[67],"Pocketwatch":[156],"Cables":[121,2,119,0,0]},"card_choices":[{"not_picked":["Impatience","Madness"],"picked":"Swift Strike","floor":0},{"not_picked":["Tempest","Turbo"],"picked":"Streamline","floor":1},{"not_picked":["Chill","Hologram"],"picked":"Defragment","floor":2},{"not_picked":["Ball Lightning","Double Energy"],"picked":"Consume","floor":3},{"not_picked":["Force Field","Ball Lightning"],"picked":"Go for the Eyes","floor":5},{"not_picked":["Tempest","Compile Driver"],"picked":"Steam","floor":6},{"not_picked":["Beam Cell","Redo"],"picked":"Defragment","floor":7},{"not_picked":["Hologram","Sunder"],"picked":"Melter","floor":8},{"not_picked":["Turbo","Meteor Strike","Tempest"],"picked":"SKIP","floor":12},{"not_picked":["Scrape","Ball Lightning"],"picked":"Conserve Battery","floor":13},{"not_picked":["Reboot","All For One"],"picked":"Core Surge","floor":16},{"not_picked":["Sweeping Beam","Coolheaded+1","Sunder"],"picked":"SKIP","floor":18},{"not_picked":["Compile Driver","Steam+1"],"picked":"Beam Cell","floor":20},{"not_picked":["Gash","Stack"],"picked":"BootSequence","floor":24},{"not_picked":["Reprogram+1","Steam"],"picked":"Cold Snap+1","floor":29},{"not_picked":["Leap","Hologram+1"],"picked":"Cold Snap","floor":30},{"not_picked":["Hologram+1","Lockon"],"picked":"Genetic Algorithm+1","floor":31},{"not_picked":["Undo","Barrage"],"picked":"Go for the Eyes","floor":35},{"not_picked":["Compile Driver","Ball Lightning"],"picked":"Leap+1","floor":37},{"not_picked":["Ball Lightning+1","Turbo"],"picked":"Go for the Eyes","floor":39},{"not_picked":["Tempest+1","Gash+1"],"picked":"Beam Cell+1","floor":40},{"not_picked":["Electrodynamics","Turbo+1","Gash+1"],"picked":"SKIP","floor":42},{"not_picked":["Auto Shields+1","Stack"],"picked":"Cold Snap","floor":48}],"player_experience":62128,"relics_obtained":[{"floor":7,"key":"Strawberry"},{"floor":9,"key":"Bottled Flame"},{"floor":13,"key":"DataDisk"},{"floor":24,"key":"Peace Pipe"},{"floor":26,"key":"StoneCalendar"},{"floor":29,"key":"Pocketwatch"},{"floor":29,"key":"Cables"},{"floor":30,"key":"InkBottle"},{"floor":40,"key":"Letter Opener"},{"floor":42,"key":"Lizard Tail"},{"floor":43,"key":"White Beast Statue"}],"event_choices":[{"damage_healed":0,"gold_gain":0,"player_choice":"Got Potions","damage_taken":0,"max_hp_gain":0,"max_hp_loss":0,"event_name":"Lab","floor":4,"gold_loss":0},{"damage_healed":20,"gold_gain":0,"player_choice":"Healed","damage_taken":0,"max_hp_gain":0,"max_hp_loss":0,"event_name":"The Cleric","floor":10,"gold_loss":35},{"damage_healed":0,"gold_gain":0,"player_choice":"Donut","damage_taken":0,"max_hp_gain":5,"max_hp_loss":0,"event_name":"Big Fish","floor":14,"gold_loss":0},{"damage_healed":0,"gold_gain":75,"player_choice":"Touch","damage_taken":8,"max_hp_gain":0,"max_hp_loss":0,"event_name":"FaceTrader","floor":19,"gold_loss":0},{"damage_healed":0,"gold_gain":99,"player_choice":"Steal","damage_taken":0,"max_hp_gain":0,"max_hp_loss":0,"event_name":"betterThird:BetterNest","floor":28,"gold_loss":0},{"damage_healed":0,"gold_gain":0,"player_choice":"Fight","damage_taken":0,"max_hp_gain":0,"max_hp_loss":0,"event_name":"Colosseum","floor":29,"gold_loss":0},{"damage_healed":0,"gold_gain":0,"player_choice":"Fought Nobs","damage_taken":0,"max_hp_gain":0,"max_hp_loss":0,"event_name":"Colosseum","floor":29,"gold_loss":0},{"damage_healed":0,"gold_gain":0,"player_choice":"Upgraded","damage_taken":0,"max_hp_gain":0,"max_hp_loss":0,"event_name":"Upgrade Shrine","floor":36,"gold_loss":0,"cards_upgraded":["Capacitor"]},{"damage_healed":0,"gold_gain":0,"player_choice":"Max HP","damage_taken":0,"max_hp_gain":0,"max_hp_loss":4,"event_name":"Winding Halls","floor":45,"gold_loss":0},{"cards_removed":["Go for the Eyes"],"damage_healed":0,"gold_gain":0,"player_choice":"Gave Card","damage_taken":0,"relics_obtained":["Pear"],"max_hp_gain":0,"max_hp_loss":0,"event_name":"WeMeetAgain","floor":46,"gold_loss":0},{"cards_removed":["Strike_B"],"damage_healed":0,"gold_gain":0,"player_choice":"Removed Attack","damage_taken":0,"max_hp_gain":0,"max_hp_loss":0,"event_name":"Falling","floor":47,"gold_loss":0}],"is_beta":false,"boss_relics":[{"not_picked":["Cursed Key","Busted Crown"],"picked":"FrozenCore"},{"not_picked":["Snecko Eye","Astrolabe"],"picked":"Empty Cage"}],"items_purged_floors":[],"is_endless":false,"potions_floor_spawned":[2,7,8,12,18,29,30,33,37,39,48],"ascension_level":1}}