{"host":"drk0p5jtlzl1xmwe","time":1611147875,"event":{"mods":["2.2 Compatiblity","AchievementEnabler","Act Like it!","Bard","BaseMod","Better Note","Better Vampires","Ekko","Friendly Minions","Hermit","Hubris","Infinite Spire","Luminous","Marisa????????","Minty Spire (QoL Compilation)","Rare Cards Sparkle","Relic Stats","Replay The Spire","Shade Mod","StSLib","The Animator","The Bug Knight","The Cursed","The Disciple","The Gatherer","The Servant 0.9.4","The Spell Scribe"],"gold_per_floor":[109,109,126,142,142,168,168,197,197,197,197],"floor_reached":10,"language":"ENG","playtime":363,"items_purged":[],"score":95,"play_id":"4f89ddf1-841f-4d15-8cf0-7fe61424ea69","local_time":"20210120130435","is_ascension_mode":true,"campfire_choices":[{"data":"Terror","floor":7,"key":"SMITH"}],"circlet_count":0,"master_deck":["Strike_G","Strike_G","Strike_G","Strike_G","Defend_G","Defend_G","Defend_G","Defend_G","Defend_G","Survivor","Neutralize","ReplayTheSpireMod:Shiv Toss","Terror+1","Poison Darts"],"relics":["Ring of the Snake","Replay:Rubber Ducky","hubris:Icosahedron","StrikeDummy","Oddly Smooth Stone","ReplayFunnel"],"acts_visited":["Exordium"],"potions_floor_usage":[6,8,8],"damage_taken":[{"damage":2,"enemies":"Jaw Worm","floor":1,"turns":6},{"damage":0,"enemies":"Cultist","floor":3,"turns":5},{"damage":0,"enemies":"2 Louse","floor":4,"turns":4},{"damage":8,"enemies":"Replay:BlueRogue","floor":6,"turns":4},{"damage":40,"enemies":"Lagavulin","floor":8,"turns":5},{"damage":25,"enemies":"Gremlin Nob","floor":10,"turns":3}],"seed_played":"898752526725870991","potions_obtained":[{"floor":1,"key":"ColorlessPotion"},{"floor":4,"key":"Energy Potion"},{"floor":6,"key":"Elixir"}],"is_trial":false,"path_per_floor":["M","?","M","M","?","E","R","E","T","E"],"character_chosen":"THE_SILENT","items_purchased":[],"campfire_rested":0,"item_purchase_floors":[],"current_hp_per_floor":[68,68,68,68,68,60,60,20,20,0,0],"gold":197,"neow_bonus":"RANDOM_COMMON_RELIC","is_daily":false,"chose_seed":false,"campfire_upgraded":1,"win_rate":0.0,"timestamp":1611147875,"path_taken":["M","?","?","M","?","E","R","E","T","E"],"items_purchased_type":[],"build_version":"2020-12-22","purchased_purges":0,"victory":false,"max_hp_per_floor":[70,70,70,70,70,70,70,70,70,70,70],"relic_stats":{"counters":[6,27],"obtain_stats":[{"ReplayFunnel":9,"hubris:Icosahedron":5,"Oddly Smooth Stone":8,"StrikeDummy":6,"Ring of the Snake":0,"Replay:Rubber Ducky":0},{"ReplayFunnel":5,"hubris:Icosahedron":3,"Oddly Smooth Stone":5,"StrikeDummy":4,"Ring of the Snake":0,"Replay:Rubber Ducky":0},{"ReplayFunnel":24,"hubris:Icosahedron":15,"Oddly Smooth Stone":24,"StrikeDummy":19,"Ring of the Snake":0,"Replay:Rubber Ducky":0}],"Ring of the Snake":[12]},"card_choices":[{"not_picked":["Deflect","All Out Attack"],"picked":"ReplayTheSpireMod:Shiv Toss","floor":1},{"not_picked":["Outmaneuver","Replay:Poison Smokescreen"],"picked":"Terror","floor":3},{"not_picked":["Underhanded Strike","Slice","Outmaneuver"],"picked":"SKIP","floor":4},{"not_picked":["Night Terror","Dagger Spray","Escape Plan"],"picked":"SKIP","floor":6},{"not_picked":["Footwork","hubris:SlightOfHand"],"picked":"Poison Darts","floor":8}],"player_experience":672463,"relics_obtained":[{"floor":6,"key":"StrikeDummy"},{"floor":8,"key":"Oddly Smooth Stone"},{"floor":9,"key":"ReplayFunnel"}],"event_choices":[{"cards_removed":["Strike_G"],"damage_healed":0,"gold_gain":0,"player_choice":"Offered Basic","damage_taken":0,"max_hp_gain":0,"max_hp_loss":0,"event_name":"Bonfire Elementals","floor":2,"gold_loss":0}],"is_beta":false,"boss_relics":[],"items_purged_floors":[],"is_endless":false,"potions_floor_spawned":[1,4,6],"killed_by":"Gremlin Nob","ascension_level":5}}