{"host":"c44ey07ufggfw2m8","time":1611162858,"event":{"mods":["2.2 Compatiblity","BaseMod","Colored Map","DeckTracker","Highlight Path","Keyboard Shortcuts","Minty Spire (QoL Compilation)","Permanent Neow","Quick Restart","StSLib","SuperFastMode","UnlockEverythingMod"],"gold_per_floor":[115,133,83,158,3,31,31,41,41,58,58,58,58,86,86,184,184,201,219,231,156,156,156,185,185,185,85,96,96,110,87,87,183,183,202,121,133,43,58,89,89,89,113,0,0,12,23,38,38,38],"floor_reached":51,"language":"KOR","playtime":2371,"items_purged":["Defend_G","Accuracy"],"score":994,"play_id":"1a716105-ccbe-4610-baec-cc0c2d451a0a","local_time":"20210121021418","is_ascension_mode":true,"campfire_choices":[{"data":"Prepared","floor":7.0,"key":"SMITH"},{"data":"Noxious Fumes","floor":11.0,"key":"SMITH"},{"data":"Deadly Poison","floor":15.0,"key":"SMITH"},{"data":"Adrenaline","floor":23.0,"key":"SMITH"},{"floor":25.0,"key":"REST"},{"floor":32.0,"key":"REST"},{"data":"Bullet Time","floor":45.0,"key":"SMITH"},{"data":"Concentrate","floor":49,"key":"SMITH"}],"circlet_count":0,"master_deck":["Defend_G","Defend_G","Survivor","Neutralize","Poisoned Stab","Catalyst","Blur","Prepared+1","Noxious Fumes+1","Deadly Poison+1","Adrenaline+1","Calculated Gamble","Calculated Gamble+1","Deadly Poison","Adrenaline","Backflip","Bullet Time+1","Quick Slash+1","Calculated Gamble+1","Wraith Form v2+1","Footwork","Reflex","Backflip","Footwork","Catalyst","Well Laid Plans","Impatience","Acrobatics+1","Concentrate+1"],"relics":["Ring of the Snake","NeowsBlessing","Gambling Chip","Bottled Tornado","Letter Opener","Sozu","Sundial","Question Card","Astrolabe","Paper Crane","Potion Belt","Red Mask"],"acts_visited":["Exordium","TheCity","TheBeyond"],"potions_floor_usage":[],"damage_taken":[{"damage":0.0,"enemies":"Jaw Worm","floor":1.0,"turns":1.0},{"damage":0.0,"enemies":"Small Slimes","floor":2.0,"turns":1.0},{"damage":0.0,"enemies":"Gremlin Nob","floor":6.0,"turns":1.0},{"damage":0.0,"enemies":"Cultist","floor":8.0,"turns":3.0},{"damage":1.0,"enemies":"Looter","floor":10.0,"turns":4.0},{"damage":12.0,"enemies":"3 Sentries","floor":14.0,"turns":6.0},{"damage":15.0,"enemies":"Hexaghost","floor":16.0,"turns":6.0},{"damage":0.0,"enemies":"Spheric Guardian","floor":18.0,"turns":2.0},{"damage":0.0,"enemies":"Shell Parasite","floor":19.0,"turns":4.0},{"damage":14.0,"enemies":"Snake Plant","floor":20.0,"turns":4.0},{"damage":40.0,"enemies":"Slavers","floor":24.0,"turns":4.0},{"damage":2.0,"enemies":"3 Cultists","floor":28.0,"turns":4.0},{"damage":3.0,"enemies":"Centurion and Healer","floor":30.0,"turns":5.0},{"damage":12.0,"enemies":"Champ","floor":33.0,"turns":7.0},{"damage":0.0,"enemies":"3 Darklings","floor":35.0,"turns":3.0},{"damage":0.0,"enemies":"3 Shapes","floor":37.0,"turns":2.0},{"damage":1.0,"enemies":"Writhing Mass","floor":39.0,"turns":4.0},{"damage":0.0,"enemies":"Nemesis","floor":40.0,"turns":5.0},{"damage":0.0,"enemies":"4 Shapes","floor":46.0,"turns":4.0},{"damage":0,"enemies":"Maw","floor":47,"turns":5},{"damage":0,"enemies":"Jaw Worm Horde","floor":48,"turns":3},{"damage":40,"enemies":"Donu and Deca","floor":50,"turns":8}],"seed_played":"6132725834018993797","potions_obtained":[{"floor":1.0,"key":"Poison Potion"},{"floor":6.0,"key":"Energy Potion"},{"floor":10.0,"key":"PowerPotion"},{"floor":16.0,"key":"SteroidPotion"}],"is_trial":false,"path_per_floor":["M","M","?","?","$","E","R","M","T","M","R","$","?","E","R","B",null,"M","M","M","?","?","R","E","R","T","$","M","?","M","$","R","B",null,"M","$","M","$","M","E","?","?","T","?","R","M","M","M","R","B",null],"character_chosen":"THE_SILENT","items_purchased":["Blur","Backflip","Reflex","Backflip","Footwork"],"campfire_rested":2,"item_purchase_floors":[5,31,36,38,38],"current_hp_per_floor":[70,70,70,59,59,59,59,59,59,58,58,58,58,46,46,31,60,60,60,46,46,46,46,6,27,27,27,25,25,22,22,43,31,60,60,60,60,60,59,59,59,59,59,59,59,59,59,59,59,19],"gold":38,"neow_bonus":"THREE_ENEMY_KILL","is_daily":false,"chose_seed":false,"campfire_upgraded":6,"win_rate":0.0,"timestamp":1611162858,"path_taken":["M","M","?","?","?","E","R","M","T","M","R","$","?","E","R","BOSS","M","M","M","?","?","R","E","R","T","$","M","?","M","$","R","BOSS","M","?","M","$","M","E","?","?","T","?","R","M","?","M","R","BOSS"],"items_purchased_type":["Card","Card","Card","Card","Card"],"build_version":"2020-12-22","purchased_purges":2,"victory":true,"max_hp_per_floor":[70,70,70,70,70,70,70,70,70,70,70,70,70,70,70,70,70,70,70,70,70,70,70,70,70,70,70,70,70,70,70,70,70,70,70,70,70,70,70,70,66,66,66,66,66,66,66,66,66,66],"card_choices":[{"not_picked":["Setup","Sucker Punch"],"picked":"Poisoned Stab","floor":1.0},{"not_picked":["Predator","Dodge and Roll"],"picked":"Catalyst","floor":2.0},{"not_picked":["Sucker Punch","Grand Finale"],"picked":"Prepared","floor":6.0},{"not_picked":["Outmaneuver","Flechettes"],"picked":"Noxious Fumes","floor":8.0},{"not_picked":["Footwork","Heel Hook"],"picked":"Deadly Poison","floor":10.0},{"not_picked":["Flying Knee","Sucker Punch"],"picked":"Predator","floor":14.0},{"not_picked":["Grand Finale","Night Terror"],"picked":"Adrenaline","floor":16.0},{"not_picked":["Slice","Underhanded Strike","Riddle With Holes"],"picked":"SKIP","floor":18.0},{"not_picked":["Riddle With Holes","Slice"],"picked":"Calculated Gamble","floor":19.0},{"not_picked":["Endless Agony","Flying Knee","Concentrate"],"picked":"SKIP","floor":20.0},{"not_picked":["Finisher","Flying Knee"],"picked":"Calculated Gamble+1","floor":24.0},{"not_picked":["Outmaneuver+1","Dagger Spray","Distraction"],"picked":"Deadly Poison","floor":28.0},{"not_picked":["Dagger Spray","Bane","Dodge and Roll"],"picked":"Adrenaline","floor":30.0},{"not_picked":["Adrenaline","Glass Knife","Doppelganger"],"picked":"Bullet Time","floor":33.0},{"not_picked":["All Out Attack","Slice+1","Flying Knee"],"picked":"Footwork","floor":35.0},{"not_picked":["Slice+1","Sucker Punch","Tools of the Trade","Blade Dance+1"],"picked":"SKIP","floor":37.0},{"not_picked":["Underhanded Strike+1","Quick Slash","Dodge and Roll+1"],"picked":"Catalyst","floor":39.0},{"not_picked":["Dagger Spray","Underhanded Strike","Dodge and Roll"],"picked":"Well Laid Plans","floor":40.0},{"not_picked":["Dramatic Entrance","Madness","The Bomb"],"picked":"Impatience","floor":42.0},{"not_picked":["Deadly Poison","Expertise","Blur"],"picked":"Acrobatics+1","floor":46.0},{"not_picked":["Poisoned Stab+1","Backflip","Quick Slash+1"],"picked":"Concentrate","floor":47},{"not_picked":["Underhanded Strike+1","Slice+1","Setup","Quick Slash+1"],"picked":"SKIP","floor":48}],"player_experience":45759,"relics_obtained":[{"floor":6.0,"key":"Gambling Chip"},{"floor":9.0,"key":"Bottled Tornado"},{"floor":14.0,"key":"Letter Opener"},{"floor":24.0,"key":"Sundial"},{"floor":26.0,"key":"Question Card"},{"floor":40.0,"key":"Paper Crane"},{"floor":43.0,"key":"Potion Belt"}],"event_choices":[{"cards_removed":["Strike_G"],"damage_healed":0.0,"max_hp_gain":0.0,"max_hp_loss":0.0,"gold_gain":0.0,"event_name":"The Cleric","player_choice":"Card Removal","floor":3.0,"gold_loss":50.0,"damage_taken":0.0},{"damage_healed":0.0,"max_hp_gain":0.0,"max_hp_loss":0.0,"gold_gain":75.0,"event_name":"World of Goop","player_choice":"Gather Gold","floor":4.0,"gold_loss":0.0,"damage_taken":11.0},{"cards_removed":["Strike_G"],"damage_healed":0.0,"max_hp_gain":0.0,"max_hp_loss":0.0,"gold_gain":0.0,"event_name":"Purifier","player_choice":"Purged","floor":13.0,"gold_loss":0.0,"damage_taken":0.0},{"cards_removed":["Strike_G"],"damage_healed":0.0,"max_hp_gain":0.0,"max_hp_loss":0.0,"gold_gain":0.0,"event_name":"Beggar","player_choice":"Gave Gold","floor":21.0,"gold_loss":75.0,"damage_taken":0.0},{"damage_healed":0.0,"max_hp_gain":0.0,"max_hp_loss":0.0,"gold_gain":0.0,"cards_transformed":["Strike_G","Defend_G"],"event_name":"Drug Dealer","player_choice":"Became Test Subject","floor":22.0,"gold_loss":0.0,"damage_taken":0.0,"cards_obtained":["Accuracy","Riddle With Holes"]},{"cards_removed":["Strike_G"],"damage_healed":0.0,"max_hp_gain":0.0,"max_hp_loss":0.0,"gold_gain":0.0,"event_name":"Purifier","player_choice":"Purged","floor":29.0,"gold_loss":0.0,"damage_taken":0.0},{"damage_healed":0.0,"max_hp_gain":0.0,"max_hp_loss":4.0,"gold_gain":0.0,"event_name":"Winding Halls","player_choice":"Max HP","floor":41.0,"gold_loss":0.0,"damage_taken":0.0},{"damage_healed":0.0,"max_hp_gain":0.0,"max_hp_loss":0.0,"gold_gain":0.0,"event_name":"SensoryStone","player_choice":"Memory 1","floor":42.0,"gold_loss":0.0,"damage_taken":0.0},{"damage_healed":0.0,"max_hp_gain":0.0,"max_hp_loss":0.0,"gold_gain":0.0,"event_name":"Tomb of Lord Red Mask","player_choice":"Paid","floor":44.0,"gold_loss":113.0,"damage_taken":0.0,"relics_obtained":["Red Mask"]}],"is_beta":false,"boss_relics":[{"not_picked":["SacredBark","Runic Dome"],"picked":"Sozu"},{"not_picked":["Cursed Key","Black Star"],"picked":"Astrolabe"}],"items_purged_floors":[5,27],"is_endless":false,"potions_floor_spawned":[1,6,10,16,28,33,37,47,48],"ascension_level":5}}