{"host":"vl29iwkwnyytuw8q","time":1611102508,"event":{"mods":["BaseMod","Minty Spire (QoL Compilation)","Permanent Neow","Relic Stats","StSLib"],"gold_per_floor":[99,99,99,99,99,99,99,99,99,18,18,18,18,18,18,18,18,18,18,18,18,18,18,18,18,18,18,18,18,18,18,18,18,18,18,18,18,18,18,18,18,18,18,18,18,18,18,18,18,18,18],"floor_reached":50,"language":"ENG","playtime":1367,"items_purged":[],"score":1053,"play_id":"e3977474-3efa-4cde-b44c-7caab9864c9c","local_time":"20210120012828","is_ascension_mode":true,"campfire_choices":[{"data":"Perfected Strike","floor":6.0,"key":"SMITH"},{"data":"Bash","floor":8.0,"key":"SMITH"},{"floor":12.0,"key":"REST"},{"data":"Inflame","floor":15.0,"key":"SMITH"},{"floor":24.0,"key":"REST"},{"data":"Feed","floor":27.0,"key":"SMITH"},{"floor":30.0,"key":"REST"},{"data":"J.A.X.","floor":32.0,"key":"SMITH"},{"data":"Perfected Strike","floor":40.0,"key":"SMITH"},{"floor":46,"key":"REST"},{"data":"Armaments","floor":49,"key":"SMITH"}],"circlet_count":0,"master_deck":["AscendersBane","Strike_R","Strike_R","Strike_R","Strike_R","Strike_R","Defend_R","Defend_R","Defend_R","Defend_R","Bash+1","Perfected Strike+1","Pommel Strike","Pommel Strike","Clothesline","Inflame+1","Shockwave","True Grit","Rage","Feed+1","Sword Boomerang","Perfected Strike+1","J.A.X.+1","Flame Barrier+1","Thunderclap+1","Decay","Entrench+1","Uppercut+1","Double Tap+1","Dual Wield+1","Inflame+1","Writhe","Disarm","Injury","Armaments+1"],"relics":["Ectoplasm","Sundial","Bag of Marbles","Self Forming Clay","Toy Ornithopter","Cursed Key","Thread and Needle","Pear","StrikeDummy","Magic Flower","SacredBark","War Paint","Incense Burner"],"acts_visited":["Exordium","TheCity","TheBeyond"],"potions_floor_usage":[45,47,48,50],"damage_taken":[{"damage":1.0,"enemies":"Cultist","floor":1.0,"turns":3.0},{"damage":7.0,"enemies":"Small Slimes","floor":2.0,"turns":3.0},{"damage":7.0,"enemies":"Jaw Worm","floor":3.0,"turns":2.0},{"damage":20.0,"enemies":"Lagavulin","floor":7.0,"turns":5.0},{"damage":12.0,"enemies":"Gremlin Nob","floor":11.0,"turns":3.0},{"damage":2.0,"enemies":"Blue Slaver","floor":13.0,"turns":3.0},{"damage":7.0,"enemies":"Exordium Wildlife","floor":14.0,"turns":4.0},{"damage":7.0,"enemies":"The Guardian","floor":16.0,"turns":9.0},{"damage":9.0,"enemies":"3 Byrds","floor":18.0,"turns":4.0},{"damage":9.0,"enemies":"Chosen","floor":19.0,"turns":3.0},{"damage":32.0,"enemies":"Book of Stabbing","floor":23.0,"turns":4.0},{"damage":13.0,"enemies":"Gremlin Leader","floor":25.0,"turns":6.0},{"damage":8.0,"enemies":"Shelled Parasite and Fungi","floor":28.0,"turns":5.0},{"damage":13.0,"enemies":"Book of Stabbing","floor":29.0,"turns":4.0},{"damage":2.0,"enemies":"Sentry and Sphere","floor":31.0,"turns":3.0},{"damage":55.0,"enemies":"Collector","floor":33.0,"turns":9.0},{"damage":26.0,"enemies":"3 Shapes","floor":35.0,"turns":11.0},{"damage":0.0,"enemies":"Orb Walker","floor":37.0,"turns":2.0},{"damage":11.0,"enemies":"Transient","floor":39.0,"turns":6.0},{"damage":14.0,"enemies":"Nemesis","floor":41.0,"turns":5.0},{"damage":37.0,"enemies":"Maw","floor":42.0,"turns":5.0},{"damage":6,"enemies":"3 Darklings","floor":45,"turns":3},{"damage":0,"enemies":"Jaw Worm Horde","floor":47,"turns":5},{"damage":26,"enemies":"Transient","floor":48,"turns":6},{"damage":54,"enemies":"Awakened One","floor":50,"turns":6}],"seed_played":"1953828078994518634","potions_obtained":[{"floor":11.0,"key":"SneckoOil"},{"floor":13.0,"key":"GamblersBrew"},{"floor":14.0,"key":"Ancient Potion"},{"floor":16.0,"key":"EntropicBrew"},{"floor":28.0,"key":"SpeedPotion"},{"floor":42.0,"key":"SteroidPotion"},{"floor":45,"key":"LiquidMemories"},{"floor":48,"key":"Weak Potion"}],"is_trial":false,"path_per_floor":["M","M","M","$","T","R","E","R","T","$","E","R","M","M","R","B",null,"M","M","?","$","?","E","R","E","T","R","M","E","R","M","R","B",null,"M","?","M","T","M","R","E","M","T","?","M","R","M","M","R","B"],"character_chosen":"IRONCLAD","items_purchased":["Inflame"],"campfire_rested":4,"item_purchase_floors":[10],"current_hp_per_floor":[67,60,53,53,53,53,33,33,33,33,21,43,41,34,34,27,63,57,51,51,51,51,19,43,40,40,40,37,24,51,55,55,16,75,49,49,49,49,62,62,48,11,11,11,13,41,55,37,37,0,0],"gold":18,"neow_bonus":"BOSS_RELIC","is_daily":false,"chose_seed":false,"campfire_upgraded":7,"win_rate":0.0,"timestamp":1611102508,"path_taken":["M","M","M","$","?","R","E","R","T","$","E","R","M","M","R","BOSS","M","M","?","$","?","E","R","E","T","R","M","E","R","M","R","BOSS","M","?","M","?","M","R","E","M","T","?","M","R","M","M","R","BOSS"],"items_purchased_type":["Card"],"build_version":"2020-12-22","purchased_purges":0,"victory":false,"max_hp_per_floor":[75,75,75,75,75,75,75,75,75,75,75,75,75,75,75,75,75,78,81,81,81,81,81,81,91,91,91,91,91,91,95,95,95,95,95,95,95,95,95,95,95,95,95,95,95,95,99,99,99,103,103],"relic_stats":{"counters":[25,119],"Sundial":[8],"Self Forming Clay":[174],"Magic Flower":[33],"Ectoplasm":617,"War Paint":["Double Tap","Flame Barrier"],"Cursed Key":3,"obtain_stats":[{"Pear":25,"Self Forming Clay":9,"SacredBark":34,"Magic Flower":29,"Thread and Needle":23,"Incense Burner":43,"War Paint":41,"Cursed Key":17,"Burning Blood":0,"Sundial":5,"Ectoplasm":0,"Bag of Marbles":7,"StrikeDummy":26,"Toy Ornithopter":11},{"Pear":12,"Self Forming Clay":4,"SacredBark":16,"Magic Flower":14,"Thread and Needle":11,"Incense Burner":21,"War Paint":20,"Cursed Key":8,"Burning Blood":0,"Sundial":3,"Ectoplasm":0,"Bag of Marbles":4,"StrikeDummy":12,"Toy Ornithopter":5},{"Pear":49,"Self Forming Clay":13,"SacredBark":70,"Magic Flower":58,"Thread and Needle":43,"Incense Burner":99,"War Paint":94,"Cursed Key":32,"Burning Blood":0,"Sundial":8,"Ectoplasm":0,"Bag of Marbles":13,"StrikeDummy":49,"Toy Ornithopter":16}],"Toy Ornithopter":77},"card_choices":[{"not_picked":["Perfected Strike","Havoc","Wild Strike"],"picked":"SKIP","floor":1.0},{"not_picked":["Havoc","Wild Strike"],"picked":"Perfected Strike","floor":1.0},{"not_picked":["Heavy Blade","Headbutt"],"picked":"Pommel Strike","floor":2.0},{"not_picked":["Iron Wave","Body Slam"],"picked":"Pommel Strike","floor":3.0},{"not_picked":["Perfected Strike","Dropkick"],"picked":"Clothesline","floor":7.0},{"not_picked":["Armaments","Havoc"],"picked":"Shockwave","floor":11.0},{"not_picked":["Combust","Bloodletting"],"picked":"True Grit","floor":13.0},{"not_picked":["Wild Strike","Dropkick"],"picked":"Rage","floor":14.0},{"not_picked":["Exhume","Barricade"],"picked":"Feed","floor":16.0},{"not_picked":["Clothesline","Burning Pact"],"picked":"Sword Boomerang","floor":18.0},{"not_picked":["Anger","Burning Pact"],"picked":"Perfected Strike","floor":19.0},{"not_picked":["Rupture+1","Intimidate"],"picked":"Flame Barrier","floor":23.0},{"not_picked":["Seeing Red","Carnage"],"picked":"Thunderclap+1","floor":25.0},{"not_picked":["Clash","Warcry+1"],"picked":"Entrench+1","floor":28.0},{"not_picked":["Sword Boomerang","Cleave"],"picked":"Uppercut+1","floor":29.0},{"not_picked":["Shockwave","Clash"],"picked":"Rage","floor":31.0},{"not_picked":["Demon Form","Bludgeon"],"picked":"Double Tap","floor":33.0},{"not_picked":["Warcry","Heavy Blade+1"],"picked":"Dual Wield+1","floor":35.0},{"not_picked":["Body Slam","Carnage"],"picked":"Inflame+1","floor":37.0},{"not_picked":["Entrench","Flex","Body Slam"],"picked":"SKIP","floor":39.0},{"not_picked":["Dual Wield","Shrug It Off"],"picked":"Disarm","floor":41.0},{"not_picked":["Thunderclap","Heavy Blade","Uppercut"],"picked":"SKIP","floor":42.0},{"not_picked":["Dropkick","Evolve+1","Wild Strike+1"],"picked":"SKIP","floor":45},{"not_picked":["Flex","True Grit"],"picked":"Armaments","floor":47},{"not_picked":["Iron Wave","Pummel","Heavy Blade"],"picked":"SKIP","floor":48}],"player_experience":634809,"relics_obtained":[{"floor":5.0,"key":"Sundial"},{"floor":7.0,"key":"Bag of Marbles"},{"floor":9.0,"key":"Self Forming Clay"},{"floor":11.0,"key":"Toy Ornithopter"},{"floor":23.0,"key":"Thread and Needle"},{"floor":25.0,"key":"Pear"},{"floor":26.0,"key":"StrikeDummy"},{"floor":29.0,"key":"Magic Flower"},{"floor":41.0,"key":"War Paint"},{"floor":43.0,"key":"Incense Burner"}],"event_choices":[{"damage_healed":0.0,"max_hp_gain":0.0,"max_hp_loss":0.0,"gold_gain":0.0,"event_name":"Ghosts","player_choice":"Ignored","floor":20.0,"gold_loss":0.0,"damage_taken":0.0},{"damage_healed":0.0,"max_hp_gain":0.0,"max_hp_loss":0.0,"gold_gain":0.0,"event_name":"Drug Dealer","player_choice":"Obtain J.A.X.","floor":22.0,"gold_loss":0.0,"damage_taken":0.0,"cards_obtained":["J.A.X."]},{"cards_removed":["Rage"],"damage_healed":0.0,"max_hp_gain":0.0,"max_hp_loss":0.0,"gold_gain":0.0,"event_name":"Falling","player_choice":"Removed Skill","floor":36.0,"gold_loss":0.0,"damage_taken":0.0},{"damage_healed":0.0,"max_hp_gain":0.0,"max_hp_loss":0.0,"gold_gain":0.0,"cards_transformed":["Regret"],"event_name":"Transmorgrifier","player_choice":"Transformed","floor":44.0,"gold_loss":0.0,"damage_taken":0.0,"cards_obtained":["Injury"]}],"is_beta":false,"boss_relics":[{"not_picked":["Calling Bell","Tiny House"],"picked":"Cursed Key"},{"not_picked":["Fusion Hammer","Runic Dome"],"picked":"SacredBark"}],"items_purged_floors":[],"is_endless":false,"potions_floor_spawned":[11,13,14,16,18,23,28,42,45,48],"killed_by":"Awakened One","ascension_level":17}}