{"host":"5cnm2qapaqj5mmu7","time":1611163724,"event":{"mods":["BaseMod","Bestiary","Colored Map","Filter the Spire","Minty Spire (QoL Compilation)","StSLib"],"gold_per_floor":[116,39,39,54,65,90,90,102,151,151,168,343,343,343,343,343,343],"floor_reached":16,"language":"ENG","playtime":496,"items_purged":[],"score":130,"play_id":"dc37098f-fc83-43fb-95a9-3b17c86acef5","local_time":"20210120182844","is_ascension_mode":true,"campfire_choices":[{"data":"Terror","floor":7.0,"key":"SMITH"},{"floor":10.0,"key":"REST"},{"data":"Skewer","floor":13.0,"key":"SMITH"},{"data":"Neutralize","floor":15.0,"key":"SMITH"}],"circlet_count":0,"master_deck":["Strike_G","Strike_G","Strike_G","Strike_G","Strike_G","Defend_G","Defend_G","Defend_G","Defend_G","Defend_G","Survivor","Neutralize+1","Terror+1","Footwork","Skewer+1","Dodge and Roll","Accuracy","Dagger Spray","Doubt"],"relics":["WristBlade","Bottled Lightning","Bag of Preparation"],"acts_visited":["Exordium"],"potions_floor_usage":[16],"damage_taken":[{"damage":3.0,"enemies":"Jaw Worm","floor":1.0,"turns":4.0},{"damage":13.0,"enemies":"Small Slimes","floor":4.0,"turns":5.0},{"damage":2.0,"enemies":"2 Louse","floor":5.0,"turns":3.0},{"damage":13.0,"enemies":"Gremlin Nob","floor":6.0,"turns":3.0},{"damage":14.0,"enemies":"Large Slime","floor":8.0,"turns":7.0},{"damage":4.0,"enemies":"Looter","floor":11.0,"turns":3.0},{"damage":47,"enemies":"Slime Boss","floor":16,"turns":9}],"seed_played":"-2787761908898648729","potions_obtained":[{"floor":1.0,"key":"AttackPotion"},{"floor":4.0,"key":"Weak Potion"},{"floor":5.0,"key":"CunningPotion"},{"floor":8.0,"key":"Poison Potion"}],"is_trial":false,"path_per_floor":["M","$","?","M","M","E","R","M","T","R","M","?","R","?","R","B"],"character_chosen":"THE_SILENT","items_purchased":["Footwork"],"campfire_rested":1,"item_purchase_floors":[2],"current_hp_per_floor":[60,60,65,52,50,37,37,23,23,45,41,41,41,41,41,0,0],"gold":343,"neow_bonus":"BOSS_RELIC","is_daily":false,"chose_seed":false,"campfire_upgraded":3,"win_rate":0.0,"timestamp":1611163724,"path_taken":["M","$","?","M","M","E","R","M","T","R","M","?","R","?","R","BOSS"],"items_purchased_type":["Card"],"build_version":"2020-12-22","purchased_purges":0,"victory":false,"max_hp_per_floor":[70,70,75,75,75,75,75,75,75,75,75,75,75,75,75,75,75],"card_choices":[{"not_picked":["Underhanded Strike","Calculated Gamble"],"picked":"Terror","floor":1.0},{"not_picked":["Crippling Poison","Acrobatics"],"picked":"Skewer","floor":4.0},{"not_picked":["Bane","Eviscerate"],"picked":"Dodge and Roll","floor":5.0},{"not_picked":["Crippling Poison","Escape Plan"],"picked":"Accuracy","floor":6.0},{"not_picked":["Flying Knee","Accuracy"],"picked":"Dagger Spray","floor":8.0},{"not_picked":["Predator","Deflect","Skewer"],"picked":"SKIP","floor":11.0}],"player_experience":570167,"relics_obtained":[{"floor":6.0,"key":"Bottled Lightning"},{"floor":9.0,"key":"Bag of Preparation"}],"event_choices":[{"damage_healed":0.0,"max_hp_gain":5.0,"max_hp_loss":0.0,"gold_gain":0.0,"event_name":"Big Fish","player_choice":"Donut","floor":3.0,"gold_loss":0.0,"damage_taken":0.0},{"damage_healed":0.0,"max_hp_gain":0.0,"max_hp_loss":0.0,"gold_gain":175.0,"event_name":"Liars Game","player_choice":"AGREE","floor":12.0,"gold_loss":0.0,"damage_taken":0.0,"cards_obtained":["Doubt"]},{"damage_healed":0.0,"max_hp_gain":0.0,"max_hp_loss":0.0,"gold_gain":0.0,"event_name":"Shining Light","player_choice":"Ignored","floor":14.0,"gold_loss":0.0,"damage_taken":0.0}],"is_beta":false,"boss_relics":[],"items_purged_floors":[],"is_endless":false,"potions_floor_spawned":[1,4,5,8],"killed_by":"Slime Boss","ascension_level":6}}