{"host":"y8cpnk8u7pqs5ve6","time":1611150396,"event":{"mods":["Act Like it!","BaseMod","Gold Saver","Hallownest","Hermit","Minty Spire (QoL Compilation)","Quick Restart","StSLib","The Alterego","The Cursed","The Servant 0.9.4","WarShipGirlsR/’ΩΩ¢…Ÿ≈ÆR mod","Yakumo Yukari mod"],"gold_per_floor":[220,220,232,161,122,122,141,157,180,180,160,183,183,183,183,311,311,299,143,132,61,61,61,70,103,130,109,132,180,210,234,234,371,443,458,458,476,503,428,407,430,430,481,544,594,585,555,555,555,555,555],"floor_reached":50,"language":"ZHS","playtime":3260,"items_purged":["alterego_mod:Strike"],"score":578,"play_id":"8f7a3054-3702-46ca-9e03-55ad2cbdd2cc","local_time":"20210120214636","is_ascension_mode":false,"campfire_choices":[{"data":"alterego_mod:RidiculouslyBig","floor":6.0,"key":"SMITH"},{"data":"alterego_mod:Punishment","floor":10.0,"key":"SMITH"},{"data":"alterego_mod:Mirror","floor":13.0,"key":"SMITH"},{"data":"alterego_mod:Collar","floor":15.0,"key":"SMITH"},{"data":"alterego_mod:Exercise","floor":23.0,"key":"SMITH"},{"data":"alterego_mod:PainIsPleasure","floor":32.0,"key":"SMITH"},{"data":"alterego_mod:Impale","floor":42.0,"key":"SMITH"},{"data":"alterego_mod:Cushion","floor":49,"key":"SMITH"}],"circlet_count":0,"master_deck":["alterego_mod:Strike","alterego_mod:Strike","alterego_mod:Strike","alterego_mod:Defend","alterego_mod:Defend","alterego_mod:Defend","alterego_mod:Defend","alterego_mod:Impale+1","alterego_mod:BigMeatyClaws+1","alterego_mod:BrynhildrsRune","alterego_mod:BusterCard","alterego_mod:Punishment+1","alterego_mod:Collar+1","alterego_mod:RidiculouslyBig+1","alterego_mod:Bunnysuit","alterego_mod:Mirror+1","alterego_mod:Cooking","alterego_mod:InsideBaseball","alterego_mod:DiscoLights+1","alterego_mod:Exercise+1","alterego_mod:Mirror+1","alterego_mod:BiFurious","alterego_mod:TrashNCrash","alterego_mod:PainIsPleasure+1","alterego_mod:Cushion+1","alterego_mod:AlterEgo","alterego_mod:Undulate+1","Madness","Madness","alterego_mod:DeftHands+1","alterego_mod:Punishment+1","alterego_mod:Cooking","alterego_mod:HighServant+1"],"relics":["alterego_mod:MasochisticConstitution","CeramicFish","Golden Idol","Busted Crown","Orichalcum","PreservedInsect","Boot","Bottled Lightning","Tiny House","Lantern","Centennial Puzzle","Calipers","Ancient Tea Set"],"acts_visited":["Exordium","TheCity","TheBeyond"],"potions_floor_usage":[45,50,50,50],"damage_taken":[{"damage":7.0,"enemies":"Small Slimes","floor":1.0,"turns":5.0},{"damage":0.0,"enemies":"Cultist","floor":3.0,"turns":3.0},{"damage":0.0,"enemies":"2 Louse","floor":7.0,"turns":3.0},{"damage":5.0,"enemies":"Exordium Thugs","floor":8.0,"turns":6.0},{"damage":2.0,"enemies":"Blue Slaver","floor":12.0,"turns":4.0},{"damage":13.0,"enemies":"Hexaghost","floor":16.0,"turns":9.0},{"damage":20.0,"enemies":"2 Thieves","floor":18.0,"turns":3.0},{"damage":0.0,"enemies":"3 Byrds","floor":20.0,"turns":4.0},{"damage":6.0,"enemies":"Book of Stabbing","floor":24.0,"turns":2.0},{"damage":16.0,"enemies":"Shelled Parasite and Fungi","floor":25.0,"turns":5.0},{"damage":11.0,"enemies":"Snake Plant","floor":27.0,"turns":1.0},{"damage":0.0,"enemies":"Chosen and Byrds","floor":28.0,"turns":5.0},{"damage":25.0,"enemies":"Slavers","floor":29.0,"turns":3.0},{"damage":16.0,"enemies":"Centurion and Healer","floor":30.0,"turns":7.0},{"damage":0.0,"enemies":"Snake Plant","floor":31.0,"turns":4.0},{"damage":49.0,"enemies":"Automaton","floor":33.0,"turns":8.0},{"damage":1.0,"enemies":"Orb Walker","floor":35.0,"turns":2.0},{"damage":31.0,"enemies":"3 Shapes","floor":38.0,"turns":6.0},{"damage":0.0,"enemies":"Transient","floor":40.0,"turns":3.0},{"damage":31.0,"enemies":"Nemesis","floor":41.0,"turns":6.0},{"damage":8.0,"enemies":"Mind Bloom Boss Battle","floor":44.0,"turns":7.0},{"damage":25,"enemies":"Reptomancer","floor":45,"turns":4},{"damage":57,"enemies":"Sphere and 2 Shapes","floor":46,"turns":4},{"damage":0,"enemies":"Maw","floor":47,"turns":2},{"damage":62,"enemies":"Time Eater","floor":50,"turns":7}],"seed_played":"5088734652254740369","potions_obtained":[{"floor":1.0,"key":"FairyPotion"},{"floor":8.0,"key":"Block Potion"},{"floor":11.0,"key":"SpeedPotion"},{"floor":24.0,"key":"CultistPotion"},{"floor":30.0,"key":"Fire Potion"},{"floor":34.0,"key":"Energy Potion"},{"floor":45,"key":"Block Potion"}],"is_trial":false,"path_per_floor":["M","?","M","$","$","R","M","M","T","R","?","M","R","?","R","B",null,"M","$","M","$","?","R","E","M","T","M","M","E","M","M","R","B",null,"M","?","?","M","$","M","E","R","T","?","E","M","M","?","R","B"],"character_chosen":"The_Alterego","items_purchased":["alterego_mod:Collar","alterego_mod:RidiculouslyBig","Orichalcum","alterego_mod:Exercise"],"campfire_rested":0,"item_purchase_floors":[4,5,19,21],"current_hp_per_floor":[64,64,64,64,64,64,64,60,60,60,60,59,59,59,59,50,69,50,50,53,53,53,53,48,43,43,33,43,22,10,25,25,15,81,81,81,71,51,51,54,46,46,46,65,64,31,34,34,34,0,0],"gold":555,"neow_bonus":"HUNDRED_GOLD","is_daily":false,"chose_seed":false,"campfire_upgraded":8,"win_rate":0.0,"timestamp":1611150396,"path_taken":["M","?","M","$","?","R","M","M","T","R","?","?","R","?","R","BOSS","M","$","M","$","?","R","E","M","T","?","M","E","M","M","R","BOSS","M","?","?","M","$","M","E","R","T","?","E","M","M","?","R","BOSS"],"items_purchased_type":["Card","Card","Relic","Card"],"build_version":"2020-12-22","purchased_purges":1,"victory":false,"max_hp_per_floor":[71,71,71,71,71,71,71,72,72,72,72,73,73,68,68,69,69,70,70,70,70,70,70,71,72,72,73,73,74,75,75,75,76,81,82,82,82,83,83,83,84,84,84,85,86,87,87,87,87,87,87],"card_choices":[{"not_picked":["alterego_mod:Belle","alterego_mod:BeGentle"],"picked":"alterego_mod:BusterCard","floor":1.0},{"not_picked":["alterego_mod:Jiggle","alterego_mod:Bloomers"],"picked":"alterego_mod:Punishment","floor":3.0},{"not_picked":["alterego_mod:Complex","alterego_mod:PerceptionDisorder"],"picked":"alterego_mod:Bunnysuit","floor":7.0},{"not_picked":["alterego_mod:GachaTicket","alterego_mod:SuperDuperMasochism"],"picked":"alterego_mod:Mirror","floor":8.0},{"not_picked":["alterego_mod:PurpleHair","alterego_mod:Skirt"],"picked":"alterego_mod:Cooking","floor":12.0},{"not_picked":["alterego_mod:Antipathy","alterego_mod:Valkyrie"],"picked":"alterego_mod:InsideBaseball","floor":16.0},{"not_picked":[],"picked":"alterego_mod:DiscoLights+1","floor":18.0},{"not_picked":["alterego_mod:PerceptionDisorder"],"picked":"SKIP","floor":20.0},{"not_picked":["alterego_mod:GoddessCore"],"picked":"SKIP","floor":24.0},{"not_picked":[],"picked":"alterego_mod:Mirror","floor":25.0},{"not_picked":[],"picked":"alterego_mod:BiFurious","floor":27.0},{"not_picked":[],"picked":"alterego_mod:TrashNCrash","floor":28.0},{"not_picked":[],"picked":"alterego_mod:PainIsPleasure","floor":29.0},{"not_picked":[],"picked":"alterego_mod:Cushion","floor":30.0},{"not_picked":["alterego_mod:Cycle"],"picked":"SKIP","floor":31.0},{"not_picked":[],"picked":"alterego_mod:AlterEgo","floor":33.0},{"not_picked":[],"picked":"alterego_mod:Undulate+1","floor":34.0},{"not_picked":["alterego_mod:Clap"],"picked":"SKIP","floor":35.0},{"not_picked":[],"picked":"alterego_mod:DeftHands+1","floor":38.0},{"not_picked":[],"picked":"alterego_mod:Punishment+1","floor":40.0},{"not_picked":[],"picked":"alterego_mod:Cooking","floor":41.0},{"not_picked":[],"picked":"alterego_mod:HighServant+1","floor":45},{"not_picked":["alterego_mod:Skirt"],"picked":"SKIP","floor":46},{"not_picked":["alterego_mod:Punishment"],"picked":"SKIP","floor":47}],"player_experience":229312,"relics_obtained":[{"floor":9.0,"key":"CeramicFish"},{"floor":24.0,"key":"PreservedInsect"},{"floor":26.0,"key":"Boot"},{"floor":29.0,"key":"Bottled Lightning"},{"floor":41.0,"key":"Lantern"},{"floor":43.0,"key":"Centennial Puzzle"},{"floor":44.0,"key":"Calipers"},{"floor":45,"key":"Ancient Tea Set"}],"event_choices":[{"damage_healed":0.0,"max_hp_gain":0.0,"max_hp_loss":0.0,"gold_gain":0.0,"event_name":"Upgrade Shrine","player_choice":"Upgraded","floor":2.0,"gold_loss":0.0,"damage_taken":0.0,"cards_upgraded":["alterego_mod:BigMeatyClaws"]},{"damage_healed":0.0,"max_hp_gain":0.0,"max_hp_loss":0.0,"gold_gain":0.0,"event_name":"The Woman in Blue","player_choice":"Bought 1 Potion","floor":11.0,"gold_loss":0.0,"damage_taken":0.0},{"damage_healed":0.0,"max_hp_gain":0.0,"max_hp_loss":5.0,"gold_gain":0.0,"event_name":"Golden Idol","player_choice":"Lose Max HP","floor":14.0,"gold_loss":0.0,"damage_taken":0.0,"relics_obtained":["Golden Idol"]},{"damage_healed":0.0,"max_hp_gain":0.0,"max_hp_loss":0.0,"gold_gain":0.0,"event_name":"NoteForYourself","player_choice":"Ignored","floor":22.0,"gold_loss":0.0,"damage_taken":0.0},{"damage_healed":0.0,"max_hp_gain":0.0,"max_hp_loss":0.0,"gold_gain":0.0,"event_name":"Winding Halls","player_choice":"Embrace Madness","floor":37.0,"gold_loss":0.0,"damage_taken":10.0,"cards_obtained":["Madness","Madness"]},{"damage_healed":0.0,"max_hp_gain":0.0,"max_hp_loss":0.0,"gold_gain":0.0,"event_name":"MindBloom","player_choice":"Fight","floor":44.0,"gold_loss":0.0,"damage_taken":0.0}],"is_beta":false,"boss_relics":[{"not_picked":["Runic Pyramid","Snecko Eye"],"picked":"Busted Crown"},{"not_picked":["Black Star","SacredBark"],"picked":"Tiny House"}],"items_purged_floors":[39],"is_endless":false,"potions_floor_spawned":[1,8,24,25,28,30,31,44,45,46],"killed_by":"Time Eater","ascension_level":0}}