{"host":"p7cjtxxrilhp4dw7","time":1611118593,"event":{"mods":["BaseMod","Block Reminder","Colored Map","Highlight Path","Minty Spire (QoL Compilation)","Replay The Spire","StSLib","The Hierophant"],"gold_per_floor":[113,113,123,123,135,135,160,177,177,177,210,210,220,238,238,238,238],"floor_reached":16,"language":"ENG","playtime":2133,"items_purged":[],"score":168,"play_id":"606287eb-073f-4536-a2f6-fa35319d27b9","local_time":"20210119215633","is_ascension_mode":true,"campfire_choices":[{"data":"Sucker Punch","floor":6,"key":"SMITH"},{"floor":10,"key":"REST"},{"floor":12,"key":"REST"},{"floor":15,"key":"REST"}],"circlet_count":0,"master_deck":["AscendersBane","Strike_G","Strike_G","Strike_G","Strike_G","Defend_G","Defend_G","Defend_G","Defend_G","Defend_G","Survivor","Neutralize","Malaise+1","Poisoned Stab","Sucker Punch+1","Venomology","Heel Hook","Footwork"],"relics":["Ring of the Snake","Mummified Hand","Singing Bowl","Sundial"],"acts_visited":["Exordium"],"potions_floor_usage":[7,8,11,11,16,16,16,16],"damage_taken":[{"damage":0,"enemies":"2 Louse","floor":1,"turns":5},{"damage":0,"enemies":"Jaw Worm","floor":3,"turns":5},{"damage":0,"enemies":"Small Slimes","floor":5,"turns":4},{"damage":33,"enemies":"Lagavulin","floor":7,"turns":11},{"damage":1,"enemies":"3 Louse","floor":8,"turns":4},{"damage":20,"enemies":"Gremlin Nob","floor":11,"turns":4},{"damage":15,"enemies":"Lots of Slimes","floor":13,"turns":5},{"damage":12,"enemies":"Exordium Thugs","floor":14,"turns":4},{"damage":77,"enemies":"Fading Forest","floor":16,"turns":11}],"seed_played":"1703039490795914647","potions_obtained":[{"floor":1,"key":"Fire Potion"},{"floor":3,"key":"Energy Potion"},{"floor":8,"key":"Strength Potion"},{"floor":14,"key":"LifebloodPotion"}],"is_trial":false,"path_per_floor":["M","?","M","?","M","R","E","M","T","R","E","R","M","M","R","B"],"character_chosen":"THE_SILENT","items_purchased":[],"campfire_rested":3,"item_purchase_floors":[],"current_hp_per_floor":[63,63,63,63,63,63,30,29,29,50,32,53,38,28,50,0,0],"gold":238,"neow_bonus":"TRANSFORM_CARD","is_daily":false,"chose_seed":false,"campfire_upgraded":1,"win_rate":0.0,"timestamp":1611118593,"path_taken":["M","?","M","?","M","R","E","M","T","R","E","R","M","M","R","BOSS"],"items_purchased_type":[],"build_version":"2020-12-22","purchased_purges":0,"victory":false,"max_hp_per_floor":[70,70,70,70,70,70,70,70,70,70,72,72,72,74,74,74,74],"card_choices":[{"not_picked":["Catalyst","Bane"],"picked":"Poisoned Stab","floor":1},{"not_picked":["Calculated Gamble","Choke"],"picked":"Sucker Punch","floor":3},{"not_picked":["Prepared","Tactician","Underhanded Strike"],"picked":"SKIP","floor":5},{"not_picked":["Dagger Spray","Setup"],"picked":"Venomology","floor":7},{"not_picked":["Bane","Backstab"],"picked":"Heel Hook","floor":8},{"not_picked":["Dodge and Roll","Hidden Blade","Deadly Poison"],"picked":"Singing Bowl","floor":11},{"not_picked":["PiercingWail","ReplayTheSpireMod:The Works"],"picked":"Footwork","floor":13},{"not_picked":["Poisoned Stab","Dagger Throw","ReplayTheSpireMod:Tripwire"],"picked":"Singing Bowl","floor":14}],"player_experience":518936,"relics_obtained":[{"floor":7,"key":"Mummified Hand"},{"floor":9,"key":"Singing Bowl"},{"floor":11,"key":"Sundial"}],"event_choices":[{"damage_healed":0,"gold_gain":0,"player_choice":"Grow","damage_taken":0,"max_hp_gain":0,"max_hp_loss":0,"event_name":"Living Wall","floor":2,"gold_loss":0,"cards_upgraded":["Malaise"]},{"damage_healed":0,"gold_gain":0,"player_choice":"Ignored","damage_taken":0,"max_hp_gain":0,"max_hp_loss":0,"event_name":"Golden Wing","floor":4,"gold_loss":0}],"is_beta":false,"boss_relics":[],"items_purged_floors":[],"is_endless":false,"potions_floor_spawned":[1,3,8,14],"killed_by":"Fading Forest","ascension_level":10}}