{"host":"ao4lxi9bhtts409i","time":1611168388,"event":{"mods":["AchievementEnabler","BaseMod","Colored Map","Colored Powertips","Minty Spire (QoL Compilation)","SuperFastMode"],"gold_per_floor":[116,129,147,147,76,110,110,142,142,142,167,167,167,178,178,280,280,250,175,0,0,0,0,0,0,0,0,0,0,0,0,0,0,0,0,0,0,0,0,0,0,0,0,0,0,0,0,0,0,0],"floor_reached":51,"language":"ENG","playtime":3840,"items_purged":[],"score":839,"play_id":"ec1065cc-a047-4a65-b4b6-62cff57be52e","local_time":"20210120194628","is_ascension_mode":true,"campfire_choices":[{"floor":7.0,"key":"REST"},{"floor":10.0,"key":"REST"},{"data":"TalkToTheHand","floor":13.0,"key":"SMITH"},{"floor":15.0,"key":"REST"},{"floor":24.0,"key":"REST"},{"data":"Vault","floor":27.0,"key":"SMITH"},{"floor":29.0,"key":"REST"},{"floor":32.0,"key":"REST"},{"data":"Ragnarok","floor":40.0,"key":"SMITH"},{"data":"MentalFortress","floor":42.0,"key":"SMITH"},{"data":"Devotion","floor":45.0,"key":"SMITH"},{"data":"Vigilance","floor":47.0,"key":"SMITH"},{"data":"DeceiveReality","floor":49,"key":"SMITH"}],"circlet_count":0,"master_deck":["Strike_P","Strike_P","Defend_P+1","Defend_P","Defend_P+1","Defend_P","Eruption","Vigilance+1","ClearTheMind","Devotion+1","Crescendo","Indignation","Adaptation","TalkToTheHand+1","MentalFortress+1","DeceiveReality+1","Halt","Vault+1","Consecrate","Prostrate+1","FlurryOfBlows+1","Consecrate","ThirdEye","Ragnarok+1","Omniscience","EmptyBody+1","ThirdEye+1","Writhe","PathToVictory+1","ClearTheMind","EmptyMind"],"relics":["PureWater","MealTicket","Pocketwatch","Mercury Hourglass","Pear","InkBottle","FaceOfCleric","Ectoplasm","ClockworkSouvenir","Centennial Puzzle","Du-Vu Doll","Gremlin Horn","Potion Belt","War Paint","Happy Flower","Sozu","Ancient Tea Set"],"acts_visited":["Exordium","TheCity","TheBeyond"],"potions_floor_usage":[],"damage_taken":[{"damage":0.0,"enemies":"Cultist","floor":1.0,"turns":4.0},{"damage":2.0,"enemies":"Jaw Worm","floor":2.0,"turns":4.0},{"damage":0.0,"enemies":"2 Louse","floor":3.0,"turns":4.0},{"damage":38.0,"enemies":"Lagavulin","floor":6.0,"turns":8.0},{"damage":25.0,"enemies":"3 Sentries","floor":8.0,"turns":5.0},{"damage":28.0,"enemies":"Gremlin Nob","floor":11.0,"turns":3.0},{"damage":14.0,"enemies":"Lots of Slimes","floor":14.0,"turns":3.0},{"damage":13.0,"enemies":"The Guardian","floor":16.0,"turns":14.0},{"damage":18.0,"enemies":"2 Thieves","floor":18.0,"turns":4.0},{"damage":1.0,"enemies":"Spheric Guardian","floor":21.0,"turns":5.0},{"damage":58.0,"enemies":"Slavers","floor":23.0,"turns":5.0},{"damage":11.0,"enemies":"Gremlin Leader","floor":25.0,"turns":5.0},{"damage":34.0,"enemies":"Slavers","floor":28.0,"turns":4.0},{"damage":0.0,"enemies":"Gremlin Leader","floor":31.0,"turns":5.0},{"damage":9.0,"enemies":"Collector","floor":33.0,"turns":6.0},{"damage":13.0,"enemies":"3 Darklings","floor":35.0,"turns":5.0},{"damage":8.0,"enemies":"Orb Walker","floor":36.0,"turns":3.0},{"damage":10.0,"enemies":"4 Shapes","floor":37.0,"turns":3.0},{"damage":0.0,"enemies":"Maw","floor":44.0,"turns":6.0},{"damage":2.0,"enemies":"Nemesis","floor":46.0,"turns":6.0},{"damage":16,"enemies":"Awakened One","floor":50,"turns":16}],"seed_played":"1035527580780300521","potions_obtained":[{"floor":2.0,"key":"Fire Potion"},{"floor":6.0,"key":"PowerPotion"},{"floor":8.0,"key":"BottledMiracle"},{"floor":16.0,"key":"Fire Potion"},{"floor":23.0,"key":"Weak Potion"},{"floor":28.0,"key":"Fire Potion"},{"floor":31.0,"key":"GamblersBrew"},{"floor":33.0,"key":"Regen Potion"}],"is_trial":false,"path_per_floor":["M","M","M","?","$","E","R","E","T","R","E","?","R","M","R","B",null,"M","?","$","M","T","E","R","E","T","R","E","R","?","E","R","B",null,"M","M","M","$","?","R","?","R","T","M","R","E","R","?","R","B",null],"character_chosen":"WATCHER","items_purchased":["Adaptation","ClockworkSouvenir","FlyingSleeves"],"campfire_rested":6,"item_purchase_floors":[5,20,20],"current_hp_per_floor":[72,70,70,70,72,34,55,30,40,64,36,36,36,23,47,35,84,67,67,82,82,82,25,51,41,41,41,8,34,34,35,62,54,91,79,81,72,87,94,94,94,94,94,95,95,94,94,94,94,79],"gold":0,"neow_bonus":"RANDOM_COMMON_RELIC","is_daily":false,"chose_seed":false,"campfire_upgraded":7,"win_rate":0.0,"timestamp":1611168388,"path_taken":["M","M","M","?","?","E","R","E","T","R","E","?","R","?","R","BOSS","M","?","$","M","?","E","R","E","T","R","E","R","?","E","R","BOSS","M","?","M","$","?","R","?","R","T","M","R","E","R","?","R","BOSS"],"items_purchased_type":["Card","Relic","Card"],"build_version":"2020-12-22","purchased_purges":0,"victory":true,"max_hp_per_floor":[72,72,72,72,72,72,72,72,82,82,82,82,82,83,83,84,84,85,85,85,86,86,87,87,88,88,88,89,89,89,90,90,91,91,92,93,94,94,94,94,94,94,94,95,95,96,96,96,96,97],"card_choices":[{"not_picked":["Evaluate","Consecrate"],"picked":"ClearTheMind","floor":1.0},{"not_picked":["ClearTheMind","BowlingBash"],"picked":"Devotion","floor":2.0},{"not_picked":["Study","JustLucky"],"picked":"Crescendo","floor":3.0},{"not_picked":["Meditate","Adaptation"],"picked":"TalkToTheHand","floor":6.0},{"not_picked":["FlyingSleeves","FollowUp"],"picked":"MentalFortress","floor":8.0},{"not_picked":["Crescendo","WreathOfFlame"],"picked":"DeceiveReality","floor":11.0},{"not_picked":["BowlingBash","Adaptation"],"picked":"Halt","floor":14.0},{"not_picked":["Wish","Scrawl"],"picked":"Vault","floor":16.0},{"not_picked":["WreathOfFlame+1","Perseverance"],"picked":"Consecrate","floor":18.0},{"not_picked":["Study","CrushJoints"],"picked":"Prostrate+1","floor":21.0},{"not_picked":["Judgement","EmptyFist"],"picked":"FlurryOfBlows+1","floor":23.0},{"not_picked":["SandsOfTime","DeceiveReality"],"picked":"Consecrate","floor":25.0},{"not_picked":["Scrawl","Protect"],"picked":"ThirdEye","floor":28.0},{"not_picked":["JustLucky","FlyingSleeves"],"picked":"Ragnarok","floor":31.0},{"not_picked":["LessonLearned","SpiritShield"],"picked":"Omniscience","floor":33.0},{"not_picked":["Crescendo","Halt+1"],"picked":"EmptyBody+1","floor":35.0},{"not_picked":["Nirvana","EmptyBody"],"picked":"ThirdEye+1","floor":36.0},{"not_picked":["CrushJoints","ForeignInfluence","ThirdEye"],"picked":"SKIP","floor":37.0},{"not_picked":["SignatureMove","FlurryOfBlows+1"],"picked":"PathToVictory+1","floor":44.0},{"not_picked":["LikeWater","Conclude+1"],"picked":"ClearTheMind","floor":46.0}],"player_experience":217904,"relics_obtained":[{"floor":6.0,"key":"Pocketwatch"},{"floor":8.0,"key":"Mercury Hourglass"},{"floor":9.0,"key":"Pear"},{"floor":11.0,"key":"InkBottle"},{"floor":22.0,"key":"Centennial Puzzle"},{"floor":23.0,"key":"Du-Vu Doll"},{"floor":25.0,"key":"Gremlin Horn"},{"floor":26.0,"key":"Potion Belt"},{"floor":28.0,"key":"War Paint"},{"floor":31.0,"key":"Happy Flower"},{"floor":46.0,"key":"Ancient Tea Set"}],"event_choices":[{"damage_healed":0.0,"max_hp_gain":0.0,"max_hp_loss":0.0,"gold_gain":0.0,"event_name":"Match and Keep!","player_choice":"1 cards matched","floor":4.0,"gold_loss":0.0,"damage_taken":0.0,"cards_obtained":["Indignation"]},{"damage_healed":0.0,"max_hp_gain":0.0,"max_hp_loss":0.0,"gold_gain":0.0,"event_name":"FaceTrader","player_choice":"Trade","floor":12.0,"gold_loss":0.0,"damage_taken":0.0,"relics_obtained":["FaceOfCleric"]},{"cards_removed":["Strike_P"],"damage_healed":0.0,"max_hp_gain":0.0,"max_hp_loss":0.0,"gold_gain":0.0,"event_name":"Beggar","player_choice":"Gave Gold","floor":19.0,"gold_loss":75.0,"damage_taken":0.0},{"damage_healed":0.0,"max_hp_gain":0.0,"max_hp_loss":0.0,"gold_gain":100.0,"event_name":"Golden Shrine","player_choice":"Pray","floor":30.0,"gold_loss":0.0,"damage_taken":0.0},{"damage_healed":24.0,"max_hp_gain":0.0,"max_hp_loss":0.0,"gold_gain":0.0,"event_name":"Winding Halls","player_choice":"Writhe","floor":39.0,"gold_loss":0.0,"damage_taken":0.0,"cards_obtained":["Writhe"]},{"cards_removed":["FlyingSleeves"],"damage_healed":0.0,"max_hp_gain":0.0,"max_hp_loss":0.0,"gold_gain":0.0,"event_name":"Falling","player_choice":"Removed Attack","floor":41.0,"gold_loss":0.0,"damage_taken":0.0},{"damage_healed":0.0,"max_hp_gain":0.0,"max_hp_loss":0.0,"gold_gain":0.0,"cards_transformed":["Strike_P"],"event_name":"Transmorgrifier","player_choice":"Transformed","floor":48.0,"gold_loss":0.0,"damage_taken":0.0,"cards_obtained":["EmptyMind"]}],"is_beta":false,"boss_relics":[{"not_picked":["Pandora\u0027s Box","Tiny House"],"picked":"Ectoplasm"},{"not_picked":["Coffee Dripper","Snecko Eye"],"picked":"Sozu"}],"items_purged_floors":[],"is_endless":false,"potions_floor_spawned":[2,6,8,16,23,28,31,33,35,36,37,46],"ascension_level":2}}