{"host":"78zdngn0u28jm0pp","time":1611107184,"event":{"mods":["BaseMod","Jorbs\u0027s Wanderer Trilogy","Minty Spire (QoL Compilation)","Permanent Neow","Quick Restart","Relic Stats","StSLib","Unceasing Turn Reminder"],"gold_per_floor":[111,111,1,276,290,319,319,345,418,418,144,144,144,161,161,266,266,278,298,298,99,113,113,113,148,148,162,162,162,192,202,202,300,300,310,327,373,198,198,229,229,255,255,255,255,255],"floor_reached":45,"language":"ENG","playtime":2700,"items_purged":["Regret","Pain","stsjorbsmod:Amnesia"],"score":731,"play_id":"a04ea6f1-3d04-4fa4-a3f3-e1e48d90bdf8","local_time":"20210119184624","is_ascension_mode":true,"campfire_choices":[{"data":"Pommel Strike","floor":7,"key":"SMITH"},{"floor":10,"key":"REST"},{"data":"True Grit","floor":12,"key":"SMITH"},{"data":"Burning Pact","floor":15,"key":"SMITH"},{"floor":24,"key":"REST"},{"data":"Corruption","floor":28,"key":"SMITH"},{"data":"Demon Form","floor":32,"key":"SMITH"},{"floor":41,"key":"RECALL"},{"data":"Brutality","floor":44,"key":"SMITH"}],"circlet_count":0,"master_deck":["Strike_R","Strike_R","Strike_R","Strike_R","Strike_R","Defend_R","Defend_R","Defend_R","Defend_R","Bash","Feel No Pain","Burning Pact+1","Feel No Pain","Pommel Strike+1","Disarm+1","True Grit+1","Evolve","Corruption+1","Warcry+1","Reckless Charge","Shrug It Off","Seeing Red+1","Reaper","Exhume","Demon Form+1","Infernal Blade+1","Brutality+1","Shrug It Off","Reckless Charge+1","Rupture+1","Evolve"],"relics":["Burning Blood","NeowsBlessing","Nunchaku","Gremlin Horn","Red Skull","Strange Spoon","SlaversCollar","WarpedTongs","Bronze Scales","Question Card","PreservedInsect","Black Star","Ice Cream","Self Forming Clay","Singing Bowl","Shuriken","Mummified Hand","Darkstone Periapt"],"acts_visited":["TheCity","TheBeyond"],"potions_floor_usage":[16,23,25,30,30,37,40,42],"damage_taken":[{"damage":0,"enemies":"Small Slimes","floor":1,"turns":1},{"damage":0,"enemies":"2 Louse","floor":5,"turns":1},{"damage":0,"enemies":"Gremlin Nob","floor":6,"turns":1},{"damage":77,"enemies":"Lagavulin","floor":8,"turns":8},{"damage":0,"enemies":"Cultist","floor":14,"turns":3},{"damage":30,"enemies":"Slime Boss","floor":16,"turns":14},{"damage":24,"enemies":"3 Byrds","floor":18,"turns":8},{"damage":14,"enemies":"Chosen","floor":19,"turns":6},{"damage":23,"enemies":"Shelled Parasite and Fungi","floor":22,"turns":6},{"damage":0,"enemies":"Slavers","floor":23,"turns":1},{"damage":1,"enemies":"Book of Stabbing","floor":25,"turns":7},{"damage":0,"enemies":"Chosen and Byrds","floor":27,"turns":5},{"damage":30,"enemies":"Slavers","floor":30,"turns":7},{"damage":73,"enemies":"3 Cultists","floor":31,"turns":6},{"damage":22,"enemies":"Champ","floor":33,"turns":7},{"damage":7,"enemies":"3 Shapes","floor":35,"turns":8},{"damage":12,"enemies":"Orb Walker","floor":36,"turns":5},{"damage":47,"enemies":"2 Orb Walkers","floor":37,"turns":6},{"damage":10,"enemies":"Giant Head","floor":40,"turns":7},{"damage":48,"enemies":"Reptomancer","floor":42,"turns":6},{"damage":41,"enemies":"Nemesis","floor":45,"turns":2}],"seed_played":"3722896137386371908","potions_obtained":[{"floor":1,"key":"SmokeBomb"},{"floor":14,"key":"FearPotion"},{"floor":22,"key":"EssenceOfSteel"},{"floor":25,"key":"Fire Potion"},{"floor":27,"key":"Swift Potion"},{"floor":33,"key":"DistilledChaos"},{"floor":37,"key":"Weak Potion"},{"floor":42,"key":"DuplicationPotion"}],"is_trial":false,"path_per_floor":["M","?","$","?","M","E","R","E","T","R","$","R","?","M","R","B",null,"M","M","?","$","M","E","R","E","T","M","R","?","E","M","R","B",null,"M","M","?","$","?","E","R","E","T","R","E"],"character_chosen":"IRONCLAD","items_purchased":["Burning Pact","Feel No Pain","Strange Spoon","True Grit","Reckless Charge","Shrug It Off","AttackPotion"],"campfire_rested":2,"item_purchase_floors":[3,3,11,11,21,21,38],"current_hp_per_floor":[80,77,77,77,80,80,80,9,9,33,33,33,33,39,39,15,64,46,38,38,38,21,27,51,56,56,62,62,62,76,46,46,54,74,80,80,76,76,68,80,80,40,40,40,0,0],"gold":255,"neow_bonus":"THREE_ENEMY_KILL","is_daily":false,"chose_seed":false,"campfire_upgraded":6,"win_rate":0.0,"timestamp":1611107184,"path_taken":["M","?","$","?","?","E","R","E","T","R","$","R","?","M","R","BOSS","M","M","?","$","M","E","R","E","T","?","R","?","E","?","R","BOSS","M","M","?","$","?","E","R","E","T","R","E"],"items_purchased_type":["Card","Card","Relic","Card","Card","Card","Potion"],"build_version":"2020-12-22","purchased_purges":3,"victory":false,"max_hp_per_floor":[80,80,80,80,80,80,80,80,80,80,80,80,80,80,80,80,80,80,80,80,80,80,80,80,80,80,80,80,80,80,80,80,80,80,80,80,80,80,80,80,80,82,82,82,82,82],"relic_stats":{"Darkstone Periapt":0,"Gremlin Horn":[18,18],"Singing Bowl":2,"counters":[21,115],"Self Forming Clay":[15],"PreservedInsect":232,"Question Card":9,"Burning Blood":93,"WarpedTongs":[71],"Strange Spoon":[73],"Nunchaku":[21],"Shuriken":[0],"Mummified Hand":[4],"Bronze Scales":[198],"Black Star":2,"obtain_stats":[{"Ice Cream":37,"Darkstone Periapt":43,"NeowsBlessing":0,"Gremlin Horn":6,"Singing Bowl":40,"Self Forming Clay":40,"PreservedInsect":30,"Question Card":26,"Burning Blood":0,"WarpedTongs":20,"Strange Spoon":11,"SlaversCollar":17,"Nunchaku":2,"Shuriken":42,"Mummified Hand":42,"Bronze Scales":25,"Black Star":34,"Red Skull":8},{"Ice Cream":18,"Darkstone Periapt":20,"NeowsBlessing":0,"Gremlin Horn":3,"Singing Bowl":19,"Self Forming Clay":19,"PreservedInsect":13,"Question Card":11,"Burning Blood":0,"WarpedTongs":8,"Strange Spoon":4,"SlaversCollar":6,"Nunchaku":1,"Shuriken":20,"Mummified Hand":20,"Bronze Scales":11,"Black Star":15,"Red Skull":4},{"Ice Cream":100,"Darkstone Periapt":113,"NeowsBlessing":0,"Gremlin Horn":3,"Singing Bowl":107,"Self Forming Clay":107,"PreservedInsect":68,"Question Card":56,"Burning Blood":0,"WarpedTongs":42,"Strange Spoon":11,"SlaversCollar":28,"Nunchaku":1,"Shuriken":113,"Mummified Hand":113,"Bronze Scales":56,"Black Star":81,"Red Skull":11}]},"card_choices":[{"not_picked":["Dropkick","Wild Strike"],"picked":"Feel No Pain","floor":1},{"not_picked":["Iron Wave","Body Slam"],"picked":"Pommel Strike","floor":5},{"not_picked":["Sentinel","Anger","Perfected Strike"],"picked":"SKIP","floor":6},{"not_picked":["Fire Breathing","Flex"],"picked":"Disarm","floor":8},{"not_picked":["Perfected Strike","Anger"],"picked":"Evolve","floor":14},{"not_picked":["Feed","Juggernaut"],"picked":"Corruption","floor":16},{"not_picked":["Pommel Strike","Havoc","Anger"],"picked":"SKIP","floor":18},{"not_picked":["Wild Strike","Headbutt"],"picked":"Warcry+1","floor":19},{"not_picked":["Power Through","Clash"],"picked":"Seeing Red+1","floor":22},{"not_picked":["Rupture","Intimidate","Iron Wave"],"picked":"SKIP","floor":25},{"not_picked":["Iron Wave","Whirlwind","Armaments"],"picked":"Reaper","floor":27},{"not_picked":["Body Slam","Headbutt","Rage"],"picked":"Demon Form","floor":30},{"not_picked":["Armaments","Seeing Red","Wild Strike+1"],"picked":"Infernal Blade+1","floor":31},{"not_picked":["Limit Break","Double Tap","Impervious"],"picked":"Brutality","floor":33},{"not_picked":["Thunderclap+1","Sever Soul+1","Twin Strike"],"picked":"Shrug It Off","floor":35},{"not_picked":["Inflame+1","Armaments+1","Havoc"],"picked":"Reckless Charge+1","floor":36},{"not_picked":["Pommel Strike+1","Sword Boomerang+1","Clash+1"],"picked":"Rupture+1","floor":37},{"not_picked":["Shockwave","Shrug It Off+1","Sword Boomerang"],"picked":"Evolve","floor":40},{"not_picked":["Warcry","Heavy Blade+1","Carnage","Blood for Blood"],"picked":"Singing Bowl","floor":42}],"player_experience":785669,"relics_obtained":[{"floor":6,"key":"Gremlin Horn"},{"floor":8,"key":"Red Skull"},{"floor":25,"key":"Bronze Scales"},{"floor":26,"key":"Question Card"},{"floor":30,"key":"PreservedInsect"},{"floor":37,"key":"Ice Cream"},{"floor":40,"key":"Self Forming Clay"},{"floor":40,"key":"Singing Bowl"},{"floor":42,"key":"Shuriken"},{"floor":42,"key":"Mummified Hand"},{"floor":43,"key":"Darkstone Periapt"}],"event_choices":[{"damage_healed":0,"gold_gain":0,"player_choice":"Success","damage_taken":3,"relics_obtained":["Nunchaku"],"max_hp_gain":0,"max_hp_loss":0,"event_name":"Scrap Ooze","floor":2,"gold_loss":0},{"damage_healed":0,"gold_gain":275,"player_choice":"Desecrate","damage_taken":0,"max_hp_gain":0,"max_hp_loss":0,"event_name":"Golden Shrine","floor":4,"gold_loss":0,"cards_obtained":["Regret"]},{"damage_healed":0,"gold_gain":0,"player_choice":"Upgraded","damage_taken":0,"max_hp_gain":0,"max_hp_loss":0,"event_name":"Upgrade Shrine","floor":13,"gold_loss":0,"cards_upgraded":["Disarm"]},{"damage_healed":0,"gold_gain":0,"player_choice":"Rummage","damage_taken":0,"relics_obtained":["WarpedTongs"],"max_hp_gain":0,"max_hp_loss":0,"event_name":"Accursed Blacksmith","floor":20,"gold_loss":0,"cards_obtained":["Pain"]},{"damage_healed":0,"gold_gain":0,"player_choice":"2 cards matched","damage_taken":0,"max_hp_gain":0,"max_hp_loss":0,"event_name":"Match and Keep!","floor":29,"gold_loss":0,"cards_obtained":["stsjorbsmod:Amnesia","Exhume"]},{"damage_healed":0,"gold_gain":0,"player_choice":"Fight","damage_taken":0,"max_hp_gain":0,"max_hp_loss":0,"event_name":"Mysterious Sphere","floor":37,"gold_loss":0},{"damage_healed":0,"gold_gain":0,"player_choice":"Damaged","damage_taken":8,"max_hp_gain":0,"max_hp_loss":0,"event_name":"Wheel of Change","floor":39,"gold_loss":0}],"is_beta":false,"boss_relics":[{"not_picked":["Busted Crown","Empty Cage"],"picked":"SlaversCollar"},{"not_picked":["Pandora\u0027s Box","Snecko Eye"],"picked":"Black Star"}],"items_purged_floors":[11,21,38],"is_endless":false,"potions_floor_spawned":[1,14,22,25,27,33,37,42],"killed_by":"Nemesis","ascension_level":5}}