{"host":"04hh9gplt9wkfmr1","time":1611157371,"event":{"mods":["AchievementEnabler","BaseMod","Colored Map","KOR Keyword Fix","Minty Spire (QoL Compilation)","Rare Cards Sparkle","SuperFastMode"],"gold_per_floor":[117,128,185,200,220,247,258,258,258,291,291,291,291],"floor_reached":12,"language":"KOR","playtime":429,"items_purged":[],"score":117,"play_id":"ddde6025-0d64-4f31-aa2c-ad0c5fe989b4","local_time":"20210121004251","is_ascension_mode":true,"campfire_choices":[{"floor":8,"key":"REST"},{"data":"Accuracy","floor":11,"key":"SMITH"}],"circlet_count":0,"master_deck":["Strike_G","Strike_G","Strike_G","Defend_G","Defend_G","Defend_G","Defend_G","Defend_G","Survivor","Neutralize","Parasite","Choke","After Image","Slice","Backflip","Accuracy+1","Bullet Time","Cloak And Dagger"],"relics":["Ring of the Snake","Art of War","Question Card","Mummified Hand"],"acts_visited":["Exordium"],"potions_floor_usage":[10,12],"damage_taken":[{"damage":3,"enemies":"Small Slimes","floor":1,"turns":4},{"damage":0,"enemies":"2 Louse","floor":2,"turns":3},{"damage":0,"enemies":"Cultist","floor":4,"turns":4},{"damage":2,"enemies":"Exordium Wildlife","floor":5,"turns":4},{"damage":30,"enemies":"3 Sentries","floor":6,"turns":15},{"damage":0,"enemies":"Large Slime","floor":7,"turns":8},{"damage":21,"enemies":"Lagavulin","floor":10,"turns":6},{"damage":34,"enemies":"3 Sentries","floor":12,"turns":11}],"seed_played":"-895244582449676189","potions_obtained":[{"floor":6,"key":"BlessingOfTheForge"},{"floor":10,"key":"Swift Potion"}],"is_trial":false,"path_per_floor":["M","M","?","M","M","E","M","R","T","E","R","E"],"character_chosen":"THE_SILENT","items_purchased":[],"campfire_rested":1,"item_purchase_floors":[],"current_hp_per_floor":[60,60,60,60,58,28,28,49,49,28,28,0,0],"gold":291,"neow_bonus":"TRANSFORM_TWO_CARDS","is_daily":false,"chose_seed":false,"campfire_upgraded":1,"win_rate":0.0,"timestamp":1611157371,"path_taken":["M","M","?","M","M","E","M","R","T","E","R","E"],"items_purchased_type":[],"build_version":"2020-12-22","purchased_purges":0,"victory":false,"max_hp_per_floor":[70,70,70,70,70,70,70,70,70,70,70,70,70],"card_choices":[{"not_picked":["Bane","Prepared"],"picked":"Slice","floor":1},{"not_picked":["Bane","Endless Agony","Dodge and Roll"],"picked":"SKIP","floor":2},{"not_picked":["Poisoned Stab","Concentrate"],"picked":"Backflip","floor":4},{"not_picked":["Predator","Dagger Spray"],"picked":"Accuracy","floor":5},{"not_picked":["Predator","Outmaneuver"],"picked":"Bullet Time","floor":6},{"not_picked":["Predator","Concentrate","Quick Slash"],"picked":"SKIP","floor":7},{"not_picked":["Deflect","Slice","Quick Slash"],"picked":"Cloak And Dagger","floor":10}],"player_experience":62563,"relics_obtained":[{"floor":6,"key":"Art of War"},{"floor":9,"key":"Question Card"},{"floor":10,"key":"Mummified Hand"}],"event_choices":[{"damage_healed":0,"gold_gain":57,"player_choice":"Gained Gold","damage_taken":0,"max_hp_gain":0,"max_hp_loss":0,"event_name":"Golden Wing","floor":3,"gold_loss":0}],"is_beta":false,"boss_relics":[],"items_purged_floors":[],"is_endless":false,"potions_floor_spawned":[6,10],"killed_by":"3 Sentries","ascension_level":6}}