{"host":"88q0baq93r2cvn7j","time":1611157530,"event":{"mods":["AchievementEnabler","Act Like it!","BaseMod","GungeonMod","Minty Spire (QoL Compilation)","StSLib"],"gold_per_floor":[109,124,136,136,170,170,170,170],"floor_reached":7,"language":"ZHS","playtime":465,"items_purged":[],"score":54,"play_id":"4c4e7242-0ef0-4dde-9340-60de221c540b","local_time":"20210120234530","is_ascension_mode":true,"campfire_choices":[{"data":"DemoMod:ManualReload","floor":6,"key":"SMITH"}],"circlet_count":0,"master_deck":["DemoMod:Strike_Huntress","DemoMod:Strike_Huntress","DemoMod:Defend_Huntress","DemoMod:Defend_Huntress","DemoMod:Defend_Huntress","DemoMod:Defend_Huntress","DemoMod:Roll","DemoMod:ManualReload+1","DemoMod:RustySidearm","DemoMod:CrossBow","DemoMod:DarkMarker","DemoMod:BattleInHaste","DemoMod:DirectionalPad","DemoMod:CursedBullets","DemoMod:JK47","DemoMod:CursedBullets"],"relics":["DemoMod:Dog","DemoMod:JetPack"],"acts_visited":["Exordium"],"potions_floor_usage":[5],"damage_taken":[{"damage":2.0,"enemies":"Jaw Worm","floor":1.0,"turns":4.0},{"damage":0.0,"enemies":"Cultist","floor":2.0,"turns":3.0},{"damage":6.0,"enemies":"Small Slimes","floor":3.0,"turns":4.0},{"damage":17,"enemies":"Red Slaver","floor":5,"turns":6},{"damage":32,"enemies":"Gremlin Nob","floor":7,"turns":4}],"seed_played":"-4276266019127537853","potions_obtained":[{"floor":2.0,"key":"Regen Potion"}],"is_trial":false,"path_per_floor":["M","M","M","?","M","R","E"],"character_chosen":"HUNTRESS","items_purchased":[],"campfire_rested":0,"item_purchase_floors":[],"current_hp_per_floor":[68,68,62,62,50,50,18,18],"gold":170,"neow_bonus":"ONE_RANDOM_RARE_CARD","is_daily":false,"chose_seed":false,"campfire_upgraded":1,"win_rate":0.0,"timestamp":1611157530,"path_taken":["M","M","M","?","?","R","E"],"items_purchased_type":[],"build_version":"2020-12-22","purchased_purges":0,"victory":false,"max_hp_per_floor":[70,70,70,70,70,70,70,70],"card_choices":[{"not_picked":["DemoMod:JK47","DemoMod:ConditionalReflex"],"picked":"DemoMod:BattleInHaste","floor":1.0},{"not_picked":["DemoMod:JK47","DemoMod:Ejector"],"picked":"DemoMod:DirectionalPad","floor":2.0},{"not_picked":["DemoMod:DirectionalPad","DemoMod:AC15"],"picked":"DemoMod:CursedBullets","floor":3.0},{"not_picked":["DemoMod:BattleInHaste","DemoMod:PracticeMakesPerfect"],"picked":"DemoMod:CursedBullets","floor":5}],"player_experience":348897,"relics_obtained":[{"floor":2.0,"key":"DemoMod:JetPack"}],"event_choices":[{"damage_healed":0.0,"max_hp_gain":0.0,"max_hp_loss":0.0,"gold_gain":0.0,"cards_transformed":["DemoMod:Strike_Huntress"],"event_name":"Transmorgrifier","player_choice":"Transformed","floor":4.0,"gold_loss":0.0,"damage_taken":0.0,"cards_obtained":["DemoMod:JK47"]}],"is_beta":false,"boss_relics":[],"items_purged_floors":[],"is_endless":false,"potions_floor_spawned":[2],"killed_by":"Gremlin Nob","ascension_level":5}}