{"host":"p89so9zptozcr3ai","time":1611185247,"event":{"mods":["AchievementEnabler","BaseMod","Beaked The Cultist","Better Third Choice","Block Reminder","Colored Map","Hermit","Jorbs\u0027s Wanderer Trilogy","Minty Spire (QoL Compilation)","Relic Stats","Shade Mod","Somnambulant","StSLib","The Bladedancer","The Cursed","The Death Knight","The Gatherer","The Hierophant","The Sage","Trackpad","vexMod"],"gold_per_floor":[114,134,5,21,21,47,62,86,137,169,182,182,132,142,142,244,244,258,357,327,341,160,160,91,105,174,174,174,174,190,190,190],"floor_reached":31,"language":"ENG","playtime":1418,"items_purged":["Shade:Defend_Shade"],"score":270,"play_id":"f4b864f1-e3d4-449d-9384-f073a20ee555","local_time":"20210120182727","is_ascension_mode":false,"campfire_choices":[{"floor":12,"key":"REST"},{"floor":15,"key":"REST"},{"data":"Shade:CallWraith","floor":23,"key":"SMITH"},{"floor":27,"key":"REST"}],"circlet_count":0,"master_deck":["Shade:Defend_Shade","Shade:Defend_Shade","Shade:Defend_Shade","Shade:AnimateDead","Shade:CarefulCut","Shade:Brains","Shade:Bonestorm","Shade:CommandSoldier","Shade:WallOfFlesh","Shade:BoneShards","Shade:UnbarTheGrave","Shade:FreshBones","Shade:SoulPierce","Shade:FleshToFlesh","Shade:CallWraith","Shade:UnbarTheGrave","Shade:LyeBath+1","Shade:CallWraith+1","Shade:CallWraith+1","Shade:AuraOfUnlife","Shade:AuraOfUnlife","Shade:FreshBones+1","Shade:FleshToFlesh"],"relics":["Shade:YorickSkull","PreservedInsect","Odd Mushroom","Vajra","vexMod:InvisibilityCloak","trackpad:StolenKidneys","Bottled Lightning","Bottled Tornado"],"acts_visited":["Exordium","TheCity"],"potions_floor_usage":[8,10,10,21],"damage_taken":[{"damage":0,"enemies":"Small Slimes","floor":1,"turns":3},{"damage":0,"enemies":"2 Louse","floor":2,"turns":3},{"damage":0,"enemies":"Cultist","floor":4,"turns":3},{"damage":28,"enemies":"Lagavulin","floor":6,"turns":7},{"damage":1,"enemies":"Red Slaver","floor":7,"turns":5},{"damage":16,"enemies":"The Mushroom Lair","floor":8,"turns":4},{"damage":0,"enemies":"Gremlin Nob","floor":10,"turns":3},{"damage":0,"enemies":"Exordium Wildlife","floor":11,"turns":3},{"damage":0,"enemies":"Large Slime","floor":14,"turns":6},{"damage":17,"enemies":"Slime Boss","floor":16,"turns":7},{"damage":15,"enemies":"3 Byrds","floor":18,"turns":5},{"damage":0,"enemies":"Chosen","floor":21,"turns":3},{"damage":37,"enemies":"Shelled Parasite and Fungi","floor":25,"turns":10},{"damage":23,"enemies":"Snake Plant","floor":30,"turns":4},{"damage":17,"enemies":"Book of Stabbing","floor":31,"turns":5}],"seed_played":"7254584077730173024","potions_obtained":[{"floor":2,"key":"ColorlessPotion"},{"floor":4,"key":"Ancient Potion"},{"floor":7,"key":"DeathKnight:RimePotion"},{"floor":8,"key":"ColorlessPotion"},{"floor":20,"key":"SmokeBomb"},{"floor":20,"key":"DeathKnight:BottledBloodEchoes"},{"floor":21,"key":"SmokeBomb"},{"floor":30,"key":"Swift Potion"}],"is_trial":false,"path_per_floor":["M","M","$","M","$","E","M","?","T","E","M","R","?","M","R","B",null,"M","?","?","M","$","R","$","M","T","R","T","?","M","E"],"character_chosen":"SHADE","items_purchased":["Shade:Bonestorm","Shade:CommandSoldier","Shade:WallOfFlesh","Shade:CallWraith","Shade:AuraOfUnlife","Shade:AuraOfUnlife"],"campfire_rested":3,"item_purchase_floors":[3,3,3,22,22,24],"current_hp_per_floor":[71,71,71,71,71,43,42,26,26,26,26,47,47,47,68,51,71,56,56,56,56,56,56,56,19,19,40,40,40,17,0,0],"gold":190,"neow_bonus":"TEN_PERCENT_HP_BONUS","is_daily":false,"chose_seed":false,"campfire_upgraded":1,"win_rate":0.0,"timestamp":1611185247,"path_taken":["M","M","$","M","$","E","M","?","T","E","M","R","?","M","R","BOSS","M","?","?","?","?","R","$","M","T","R","?","?","M","E"],"items_purchased_type":["Card","Card","Card","Card","Card","Card"],"build_version":"2020-12-22","purchased_purges":1,"victory":false,"max_hp_per_floor":[71,71,71,71,71,71,71,71,71,71,71,71,71,71,71,71,71,71,71,71,71,71,71,71,71,71,71,71,71,71,71,71],"relic_stats":{"counters":[15,69],"PreservedInsect":62,"obtain_stats":[{"vexMod:InvisibilityCloak":10,"Shade:YorickSkull":0,"Vajra":9,"trackpad:StolenKidneys":17,"PreservedInsect":6,"Bottled Lightning":26,"Odd Mushroom":8,"Bottled Tornado":28},{"vexMod:InvisibilityCloak":7,"Shade:YorickSkull":0,"Vajra":6,"trackpad:StolenKidneys":10,"PreservedInsect":4,"Bottled Lightning":13,"Odd Mushroom":6,"Bottled Tornado":13},{"vexMod:InvisibilityCloak":28,"Shade:YorickSkull":0,"Vajra":25,"trackpad:StolenKidneys":43,"PreservedInsect":16,"Bottled Lightning":60,"Odd Mushroom":25,"Bottled Tornado":60}]},"card_choices":[{"not_picked":["Shade:AncientSpear","Shade:CoffinDance"],"picked":"Shade:Brains","floor":1},{"not_picked":["Shade:FuneraryJewels","Shade:ExtraLimbs"],"picked":"Shade:SkeletonHug","floor":2},{"not_picked":["Shade:WallOfFlesh","Shade:SkeletonHug"],"picked":"Shade:BoneShards","floor":4},{"not_picked":["Shade:SkeletonArmy","Shade:Premonition"],"picked":"Shade:UnbarTheGrave","floor":6},{"not_picked":["Shade:AblativeArmor","Shade:SanguineRitual","Shade:CoffinDance"],"picked":"SKIP","floor":7},{"not_picked":["Shade:ClawBack","Shade:ExtraLimbs"],"picked":"Shade:FreshBones","floor":8},{"not_picked":["Shade:StitchTogether","Shade:PoundOfFlesh"],"picked":"Shade:SoulPierce","floor":10},{"not_picked":["Shade:WallOfFlesh","Shade:FingerOfDeath"],"picked":"Shade:FleshToFlesh","floor":11},{"not_picked":["Shade:FingerOfDeath","Shade:ScuttlingHand"],"picked":"Shade:CallWraith","floor":14},{"not_picked":["Shade:MadHubris","Shade:OminousRitual"],"picked":"Shade:UnbarTheGrave","floor":16},{"not_picked":["Shade:Excise","Shade:Doomsay+1"],"picked":"Shade:LyeBath+1","floor":18},{"not_picked":["Shade:BoneShards+1","Shade:AncientSpear"],"picked":"Shade:CallWraith+1","floor":21},{"not_picked":["Shade:GreyBargain","Shade:CommandSoldier"],"picked":"Shade:FreshBones+1","floor":25},{"not_picked":["Shade:FuneraryArmor","Shade:FeralStrike"],"picked":"Shade:FleshToFlesh","floor":30}],"player_experience":223224,"relics_obtained":[{"floor":6,"key":"PreservedInsect"},{"floor":8,"key":"Odd Mushroom"},{"floor":9,"key":"Vajra"},{"floor":10,"key":"vexMod:InvisibilityCloak"},{"floor":26,"key":"Bottled Lightning"},{"floor":28,"key":"Bottled Tornado"}],"event_choices":[{"damage_healed":0,"gold_gain":0,"player_choice":"Fought Mushrooms","damage_taken":0,"max_hp_gain":0,"max_hp_loss":0,"event_name":"Mushrooms","floor":8,"gold_loss":0},{"cards_removed":["Shade:Strike_Shade"],"damage_healed":0,"gold_gain":0,"player_choice":"Card Removal","damage_taken":0,"max_hp_gain":0,"max_hp_loss":0,"event_name":"The Cleric","floor":13,"gold_loss":50},{"damage_healed":0,"gold_gain":99,"player_choice":"Steal","damage_taken":0,"max_hp_gain":0,"max_hp_loss":0,"event_name":"betterThird:BetterNest","floor":19,"gold_loss":0},{"damage_healed":0,"gold_gain":0,"player_choice":"Bought 2 Potions","damage_taken":0,"max_hp_gain":0,"max_hp_loss":0,"event_name":"The Woman in Blue","floor":20,"gold_loss":0},{"cards_removed":["Shade:SkeletonHug"],"damage_healed":0,"gold_gain":0,"player_choice":"Card Removal","damage_taken":0,"max_hp_gain":0,"max_hp_loss":0,"event_name":"Wheel of Change","floor":29,"gold_loss":0}],"is_beta":false,"boss_relics":[{"not_picked":["vexMod:BigBerry","vexMod:DeviousBotling"],"picked":"trackpad:StolenKidneys"}],"items_purged_floors":[22],"is_endless":false,"potions_floor_spawned":[2,4,7,8,21,30],"killed_by":"Book of Stabbing","ascension_level":0}}