{"host":"vyjryxuuuxkt43k4","time":1611171784,"event":{"mods":["AchievementEnabler","BaseMod","Colored Map","DeckTracker","Keyboard Shortcuts","Minty Spire (QoL Compilation)","Permanent Neow","Quick Restart","StSLib","SuperFastMode","everything is the same but u backflip on backflip"],"gold_per_floor":[113,129,140,140,153,153,153,153,225,244,244,244,279,3,3,3,3],"floor_reached":16,"language":"KOR","playtime":395,"items_purged":[],"score":180,"play_id":"2374161d-a3dd-4970-a4f2-ee2ef796f3a4","local_time":"20210121044304","is_ascension_mode":true,"campfire_choices":[{"data":"Apotheosis","floor":6.0,"key":"SMITH"},{"data":"Whirlwind","floor":8.0,"key":"SMITH"},{"floor":15,"key":"RECALL"}],"circlet_count":0,"master_deck":["AscendersBane","Strike_R","Strike_R","Strike_R","Strike_R","Defend_R","Defend_R","Defend_R","Defend_R","Bash","Apotheosis+1","Dark Embrace","Feel No Pain+1","Whirlwind+1","Shockwave"],"relics":["Burning Blood","Ornamental Fan","Juzu Bracelet","Kunai"],"acts_visited":["Exordium"],"potions_floor_usage":[16],"damage_taken":[{"damage":2.0,"enemies":"Cultist","floor":1.0,"turns":4.0},{"damage":20.0,"enemies":"Small Slimes","floor":2.0,"turns":4.0},{"damage":2.0,"enemies":"2 Louse","floor":3.0,"turns":3.0},{"damage":13.0,"enemies":"Exordium Wildlife","floor":5.0,"turns":3.0},{"damage":0.0,"enemies":"Large Slime","floor":10.0,"turns":4.0},{"damage":20.0,"enemies":"Lagavulin","floor":13.0,"turns":6.0},{"damage":37,"enemies":"Hexaghost","floor":16,"turns":9}],"seed_played":"1951616467254614825","potions_obtained":[{"floor":1.0,"key":"AttackPotion"},{"floor":2.0,"key":"Ancient Potion"},{"floor":5.0,"key":"DuplicationPotion"},{"floor":13.0,"key":"LiquidBronze"}],"is_trial":false,"path_per_floor":["M","M","M","?","M","R","?","R","T","M","$","?","E","$","R","B"],"character_chosen":"IRONCLAD","items_purchased":["Kunai"],"campfire_rested":0,"item_purchase_floors":[14],"current_hp_per_floor":[54,40,44,49,42,42,42,42,42,48,48,48,34,34,34,0,0],"gold":3,"neow_bonus":"RANDOM_COLORLESS_2","is_daily":false,"chose_seed":false,"campfire_upgraded":2,"win_rate":0.0,"timestamp":1611171784,"path_taken":["M","M","M","?","M","R","?","R","T","?","$","?","E","$","R","BOSS"],"items_purchased_type":["Relic"],"build_version":"2020-12-22","purchased_purges":0,"victory":false,"max_hp_per_floor":[75,75,75,80,80,80,80,80,80,80,80,80,80,80,80,80,80],"card_choices":[{"not_picked":["Thinking Ahead","Violence"],"picked":"Apotheosis","floor":0.0},{"not_picked":["Bloodletting","Sentinel"],"picked":"Dark Embrace","floor":1.0},{"not_picked":["Infernal Blade","Heavy Blade"],"picked":"Feel No Pain","floor":2.0},{"not_picked":["Armaments","Metallicize"],"picked":"Whirlwind","floor":3.0},{"not_picked":["Whirlwind","Heavy Blade","Infernal Blade"],"picked":"SKIP","floor":5.0},{"not_picked":["Armaments","Thunderclap","Cleave"],"picked":"SKIP","floor":10.0},{"not_picked":["Headbutt","Armaments"],"picked":"Shockwave","floor":13.0}],"player_experience":183715,"relics_obtained":[{"floor":9.0,"key":"Ornamental Fan"},{"floor":13.0,"key":"Juzu Bracelet"}],"event_choices":[{"damage_healed":0.0,"max_hp_gain":5.0,"max_hp_loss":0.0,"gold_gain":0.0,"event_name":"Big Fish","player_choice":"Donut","floor":4.0,"gold_loss":0.0,"damage_taken":0.0},{"damage_healed":0.0,"max_hp_gain":0.0,"max_hp_loss":0.0,"gold_gain":0.0,"event_name":"Upgrade Shrine","player_choice":"Upgraded","floor":7.0,"gold_loss":0.0,"damage_taken":0.0,"cards_upgraded":["Feel No Pain"]},{"cards_removed":["Strike_R"],"damage_healed":0.0,"max_hp_gain":0.0,"max_hp_loss":0.0,"gold_gain":0.0,"event_name":"Living Wall","player_choice":"Forget","floor":12.0,"gold_loss":0.0,"damage_taken":0.0}],"is_beta":false,"boss_relics":[],"items_purged_floors":[],"is_endless":false,"potions_floor_spawned":[1,2,5,13],"killed_by":"Hexaghost","ascension_level":16}}