{"host":"l5xpox9cbdko122s","time":1611163511,"event":{"mods":["AchievementEnabler","BaseMod","Better Skull","Colored Map","Colored Powertips","Displayed Cursed Tome","Hermit","Highlight Path","Minty Spire (QoL Compilation)","Quick Restart","Shop Mod","StSLib"],"gold_per_floor":[162,182,182,196,70,70,70,89,89,116,216,232,242,242,242],"floor_reached":14,"language":"ENG","playtime":607,"items_purged":[],"score":82,"play_id":"26e65cb3-b882-45cb-819e-5558ae6e543c","local_time":"20210120122511","is_ascension_mode":false,"campfire_choices":[{"floor":6,"key":"RECALL"}],"circlet_count":0,"master_deck":["hermit:Strike_Hermit","hermit:Strike_Hermit","hermit:Strike_Hermit","hermit:Strike_Hermit","hermit:Defend_Hermit","hermit:Defend_Hermit","hermit:Defend_Hermit","hermit:Defend_Hermit+1","hermit:Snapshot","hermit:Glare","hermit:Maintenance"],"relics":["MerchantsRug","Odd Mushroom"],"acts_visited":["Exordium"],"potions_floor_usage":[1,8,12,14],"damage_taken":[{"damage":0,"enemies":"Small Slimes","floor":1,"turns":2},{"damage":1,"enemies":"Cultist","floor":2,"turns":3},{"damage":0,"enemies":"2 Louse","floor":4,"turns":3},{"damage":0,"enemies":"Looter","floor":8,"turns":3},{"damage":30,"enemies":"The Mushroom Lair","floor":10,"turns":5},{"damage":9,"enemies":"Exordium Thugs","floor":12,"turns":5},{"damage":0,"enemies":"2 Fungi Beasts","floor":13,"turns":3},{"damage":41,"enemies":"Gremlin Nob","floor":14,"turns":4}],"seed_played":"4033087080761218364","potions_obtained":[{"floor":0,"key":"Fire Potion"},{"floor":1,"key":"EssenceOfSteel"},{"floor":10,"key":"DistilledChaos"},{"floor":13,"key":"Explosive Potion"}],"is_trial":false,"path_per_floor":["M","M","?","M","$","R","$","M","T","?","?","M","M","E"],"character_chosen":"HERMIT","items_purchased":["MerchantsRug"],"campfire_rested":0,"item_purchase_floors":[5],"current_hp_per_floor":[80,79,79,79,79,79,79,79,79,49,49,40,40,0,0],"gold":242,"neow_bonus":"BOSS_RELIC","is_daily":false,"chose_seed":false,"campfire_upgraded":0,"win_rate":0.0,"timestamp":1611163511,"path_taken":["M","M","?","?","$","R","$","M","T","?","?","M","M","E"],"items_purchased_type":["Relic"],"build_version":"2020-12-22","purchased_purges":0,"victory":false,"max_hp_per_floor":[80,80,80,80,80,80,80,80,80,80,80,80,80,80,80],"card_choices":[{"not_picked":["hermit:FullyLoaded","hermit:ItchyTrigger"],"picked":"hermit:Glare","floor":0},{"not_picked":["hermit:Gestalt","hermit:Vantage","hermit:HighCaliber"],"picked":"SKIP","floor":1},{"not_picked":["hermit:Deadeye","hermit:Coalescence"],"picked":"hermit:Maintenance","floor":2},{"not_picked":["hermit:Spite","hermit:Misfire","hermit:CalledShot"],"picked":"SKIP","floor":4},{"not_picked":["hermit:SprayPray","hermit:Shortfuse","hermit:Coalescence"],"picked":"SKIP","floor":8},{"not_picked":["hermit:Feint","hermit:Virtue","hermit:FromBeyond"],"picked":"SKIP","floor":12},{"not_picked":["hermit:Cheat","hermit:FullyLoaded","hermit:SprayPray"],"picked":"SKIP","floor":13}],"player_experience":156145,"relics_obtained":[{"floor":10,"key":"Odd Mushroom"}],"event_choices":[{"cards_removed":["hermit:Covet"],"damage_healed":0,"gold_gain":0,"player_choice":"Purged","damage_taken":0,"max_hp_gain":0,"max_hp_loss":0,"event_name":"Purifier","floor":3,"gold_loss":0},{"damage_healed":0,"gold_gain":0,"player_choice":"Fought Mushrooms","damage_taken":0,"max_hp_gain":0,"max_hp_loss":0,"event_name":"Mushrooms","floor":10,"gold_loss":0},{"damage_healed":0,"gold_gain":100,"player_choice":"Pray","damage_taken":0,"max_hp_gain":0,"max_hp_loss":0,"event_name":"Golden Shrine","floor":11,"gold_loss":0}],"is_beta":false,"boss_relics":[],"items_purged_floors":[],"is_endless":false,"potions_floor_spawned":[1,10,13],"killed_by":"Gremlin Nob","ascension_level":0}}