{"host":"vrsxkkch9ccrec7k","time":1611186884,"event":{"mods":["Act Like it!","BaseMod","Bestiary","Better Altar","Better Match","Better Note","Better Sensory Stone","Better Skull","Better Third Choice","Better Vampires","Downfall","Minty Spire (QoL Compilation)","Permanent Neow","Relic Stats","Spicy Shops","StSLib"],"gold_per_floor":[99,117,137,154,3,3,3,13,32,17,17,30,62,80,96,194,194,194,205,42,42,59,73,73,108,108,125,125,141,141,169,183,280,280,280,300,312,312,312,37,62,62,95,95,121,121,138,188,203,203],"floor_reached":51,"language":"ENG","playtime":7146,"items_purged":["Shame","champ:EnragedBash","champ:EnchantShield"],"score":1034,"play_id":"599d2965-0305-40a6-b4c1-847cb4273bf2","local_time":"20210120185444","is_ascension_mode":true,"campfire_choices":[{"data":"champ:Execute","floor":1,"key":"SMITH"},{"data":"champ:Taunt","floor":6,"key":"SMITH"},{"data":"champ:StanceDance","floor":11,"key":"SMITH"},{"data":"champ:UltimateStance","floor":18,"key":"SMITH"},{"data":"champ:UltimateStance","floor":28,"key":"SMITH"},{"data":"champ:Lariat","floor":35,"key":"SMITH"},{"data":"champ:MurderStrike","floor":42,"key":"SMITH"}],"circlet_count":0,"master_deck":["champ:Execute+1","champ:StanceDance+1","champ:BringItOn","champ:BerserkersShout","champ:ShieldSigil","champ:BerserkerStyle","champ:Endure","champ:Backstep","champ:ArenaPreparation","champ:BerserkerStyle","champ:AdrenalArmor","champ:UltimateStance+1","champ:PreemptiveStrike","champ:FancyFootwork","champ:IronFortress","champ:FocusedBerserking","champ:Lariat+1","champ:MurderStrike+1","champ:TornadoPunch","champ:Backstep","champ:AdrenalArmor+1","champ:UltimateStance+1","champ:Backstep","champ:CheapShot","champ:FancyFootwork+1","champ:CalledShot+1","champ:Lariat+1","champ:ArenaPreparation+1","champ:HeartStrike+1"],"relics":["champ:ChampionCrown","Bag of Preparation","champ:DuelingGlove","Meat on the Bone","hexamod:CandleOfCauterizing","Nunchaku","Nloth\u0027s Gift","Tiny Chest","Coffee Dripper","hexamod:BolsterEngine","Potion Belt","Orrery","Bag of Marbles","Happy Flower","Anchor","CaptainsWheel"],"acts_visited":["Exordium","TheCity","TheBeyond"],"potions_floor_usage":[13,16,25,29,32,33,40,50,50,50,50],"damage_taken":[{"damage":11,"enemies":"Cultist","floor":2,"turns":3},{"damage":19,"enemies":"Jaw Worm","floor":3,"turns":3},{"damage":26,"enemies":"Small Slimes","floor":4,"turns":4},{"damage":15,"enemies":"downfall:FleeingMerchant","floor":5,"turns":4},{"damage":29,"enemies":"Exordium Thugs","floor":8,"turns":4},{"damage":20,"enemies":"2 Fungi Beasts","floor":9,"turns":3},{"damage":69,"enemies":"downfall:FleeingMerchant","floor":10,"turns":4},{"damage":49,"enemies":"Blue Slaver","floor":12,"turns":5},{"damage":98,"enemies":"Gremlin Nob","floor":13,"turns":6},{"damage":0,"enemies":"2 Fungi Beasts","floor":14,"turns":2},{"damage":43,"enemies":"Exordium Wildlife","floor":15,"turns":4},{"damage":81,"enemies":"IC_STATUS_ARCHETYPE","floor":16,"turns":9},{"damage":51,"enemies":"Shell Parasite","floor":19,"turns":2},{"damage":115,"enemies":"downfall:FleeingMerchant","floor":20,"turns":4},{"damage":87,"enemies":"Chosen","floor":22,"turns":4},{"damage":86,"enemies":"Snake Plant","floor":23,"turns":4},{"damage":158,"enemies":"Gremlin Leader","floor":25,"turns":6},{"damage":80,"enemies":"Snecko","floor":27,"turns":5},{"damage":106,"enemies":"3 Cultists","floor":29,"turns":5},{"damage":87,"enemies":"Slavers","floor":31,"turns":5},{"damage":104,"enemies":"Cultist and Chosen","floor":32,"turns":8},{"damage":224,"enemies":"SI_MIRROR_ARCHETYPE","floor":33,"turns":10},{"damage":88,"enemies":"Orb Walker","floor":36,"turns":3},{"damage":78,"enemies":"3 Shapes","floor":37,"turns":4},{"damage":92,"enemies":"downfall:FleeingMerchant","floor":40,"turns":4},{"damage":119,"enemies":"Reptomancer","floor":43,"turns":4},{"damage":178,"enemies":"Maw","floor":47,"turns":6},{"damage":174,"enemies":"Maw","floor":48,"turns":5},{"damage":196,"enemies":"Spire Growth","floor":49,"turns":4},{"damage":329,"enemies":"WA_ARCHETYPE_DIVINITY","floor":50,"turns":10}],"seed_played":"4380881674935441431","potions_obtained":[{"floor":4,"key":"FairyPotion"},{"floor":8,"key":"SpeedPotion"},{"floor":9,"key":"Explosive Potion"},{"floor":14,"key":"SteroidPotion"},{"floor":15,"key":"SpeedPotion"},{"floor":25,"key":"Energy Potion"},{"floor":26,"key":"CultistPotion"},{"floor":26,"key":"champ:TechniquePotion"},{"floor":29,"key":"bronze:BurnAndBuffPotion"},{"floor":31,"key":"champ:OpenerPotion"},{"floor":33,"key":"Dexterity Potion"},{"floor":36,"key":"LiquidMemories"},{"floor":37,"key":"Weak Potion"}],"is_trial":false,"path_per_floor":["R","M","M","M","$","R","T","M","M","$","R","M","E","M","M","B",null,"R","M","$","?","M","M","T","E","?","M","R","M","?","E","M","B",null,"R","M","M","?","?","$","T","R","E","T","T","?","M","?","M","B",null],"character_chosen":"THE_CHAMP","items_purchased":["Bag of Preparation","Dexterity Potion","Potion Belt","Orrery","Guardian:BlockOnCardUsePotion","hexamod:SoulburnPotion","SteroidPotion"],"campfire_rested":0,"item_purchase_floors":[5,20,40,40,40,40,40],"current_hp_per_floor":[90,89,85,74,74,74,74,60,60,50,50,42,51,51,63,46,86,86,98,98,98,97,99,99,99,99,99,99,99,99,97,77,85,96,96,97,93,93,93,99,99,99,99,99,99,99,99,99,99,55],"gold":203,"neow_bonus":"TEN_PERCENT_HP_BONUS","is_daily":false,"chose_seed":false,"campfire_upgraded":7,"win_rate":0.0,"timestamp":1611186884,"path_taken":["R","M","M","M","?","R","T","M","M","$","R","M","E","M","M","BOSS","R","M","$","?","M","M","T","E","?","?","R","M","?","E","M","BOSS","R","M","M","?","?","$","T","R","E","?","?","?","?","?","M","BOSS"],"items_purchased_type":["Relic","Potion","Relic","Relic","Potion","Potion","Potion"],"build_version":"2020-12-22","purchased_purges":3,"victory":true,"max_hp_per_floor":[99,99,99,99,99,99,99,99,99,99,99,99,99,99,99,99,99,99,99,99,99,99,99,99,99,99,99,99,99,99,99,99,99,99,99,99,99,99,99,99,99,99,99,99,99,99,99,99,99,99],"relic_stats":{"Nunchaku":[6],"Happy Flower":[8],"counters":[30,144],"Tiny Chest":1,"Bag of Preparation":[52],"Nloth\u0027s Gift":3,"obtain_stats":[{"Potion Belt":40,"champ:DuelingGlove":7,"hexamod:CandleOfCauterizing":24,"Happy Flower":43,"champ:ChampionCrown":0,"Bag of Preparation":5,"Nunchaku":25,"Anchor":45,"CaptainsWheel":48,"Orrery":40,"Pandora\u0027s Box":17,"Tiny Chest":31,"Nloth\u0027s Gift":30,"Coffee Dripper":34,"Bag of Marbles":41,"hexamod:BolsterEngine":38,"Meat on the Bone":13},{"Potion Belt":25,"champ:DuelingGlove":4,"hexamod:CandleOfCauterizing":16,"Happy Flower":26,"champ:ChampionCrown":0,"Bag of Preparation":4,"Nunchaku":17,"Anchor":26,"CaptainsWheel":28,"Orrery":25,"Pandora\u0027s Box":12,"Tiny Chest":20,"Nloth\u0027s Gift":19,"Coffee Dripper":22,"Bag of Marbles":25,"hexamod:BolsterEngine":24,"Meat on the Bone":9},{"Potion Belt":115,"champ:DuelingGlove":14,"hexamod:CandleOfCauterizing":65,"Happy Flower":119,"champ:ChampionCrown":0,"Bag of Preparation":14,"Nunchaku":71,"Anchor":119,"CaptainsWheel":130,"Orrery":115,"Pandora\u0027s Box":51,"Tiny Chest":86,"Nloth\u0027s Gift":81,"Coffee Dripper":104,"Bag of Marbles":115,"hexamod:BolsterEngine":111,"Meat on the Bone":36}],"Meat on the Bone":144},"card_choices":[{"not_picked":["champ:Endure","champ:AdrenalArmor"],"picked":"champ:EnragedBash","floor":2},{"not_picked":["champ:BringItOn","champ:TornadoPunch"],"picked":"champ:StanceDance","floor":3},{"not_picked":["champ:RisingSlash","champ:AdrenalArmor"],"picked":"champ:BringItOn","floor":4},{"not_picked":["champ:StanceDance","champ:EnchantSword"],"picked":"champ:BerserkersShout","floor":5},{"not_picked":["champ:RecklessLeap","champ:CrownThrow"],"picked":"champ:ShieldSigil","floor":8},{"not_picked":["champ:Haymaker","champ:FalseCounter"],"picked":"champ:BerserkerStyle","floor":9},{"not_picked":["champ:LastStand","champ:RecklessLeap"],"picked":"champ:Endure","floor":10},{"not_picked":["champ:BerserkersShout","champ:FaceSlap"],"picked":"champ:Backstep","floor":12},{"not_picked":["champ:ShieldSigil","champ:RisingSlash"],"picked":"champ:ArenaPreparation","floor":13},{"not_picked":["champ:Shatter","champ:BladeFlurry"],"picked":"champ:BerserkerStyle","floor":14},{"not_picked":["champ:ShieldSigil","champ:PreemptiveStrike"],"picked":"champ:AdrenalArmor","floor":15},{"not_picked":["champ:MurderStrike","champ:IgnorePain"],"picked":"champ:UltimateStance","floor":16},{"not_picked":["champ:DefensiveShout","champ:StanceDance"],"picked":"champ:Backstep","floor":19},{"not_picked":["champ:Duel","champ:Shatter"],"picked":"champ:AdrenalArmor+1","floor":20},{"not_picked":["champ:FancyFootwork","champ:RapidStrikes","champ:EnGarde+1"],"picked":"SKIP","floor":22},{"not_picked":["champ:EnGarde","champ:CrownThrow","champ:DefensiveShout"],"picked":"SKIP","floor":23},{"not_picked":["champ:Shatter","champ:EndlessRage"],"picked":"champ:UltimateStance","floor":25},{"not_picked":["champ:RapidStrikes","champ:ShieldSigil"],"picked":"champ:Backstep","floor":27},{"not_picked":["champ:BerserkerStyle","champ:BerserkersShout","champ:FlashCut"],"picked":"SKIP","floor":29},{"not_picked":["champ:Encircle","champ:IgnorePain","champ:BerserkersShout"],"picked":"SKIP","floor":31},{"not_picked":["champ:EnragedBash","champ:StanceDance","champ:Backstep"],"picked":"SKIP","floor":32},{"not_picked":["champ:EnGarde","champ:TornadoPunch"],"picked":"champ:CheapShot","floor":36},{"not_picked":["champ:FalseCounter","champ:FlashCut+1"],"picked":"champ:FancyFootwork+1","floor":37},{"not_picked":["champ:PreciseThrust","champ:BladeFlurry"],"picked":"champ:CalledShot+1","floor":40},{"not_picked":["champ:Duel","champ:IronFortress+1"],"picked":"champ:Lariat+1","floor":40},{"not_picked":["champ:Haymaker+1","champ:ShieldThrow"],"picked":"champ:ArenaPreparation+1","floor":40},{"not_picked":["champ:Encircle","champ:FlashCut+1","champ:FalseCounter+1"],"picked":"SKIP","floor":43},{"not_picked":["champ:TornadoPunch","champ:RecklessLeap+1","champ:PreemptiveStrike+1"],"picked":"SKIP","floor":47},{"not_picked":["champ:CrookedStrike","champ:CrownThrow"],"picked":"champ:HeartStrike+1","floor":49}],"player_experience":1650759,"relics_obtained":[{"floor":7,"key":"champ:DuelingGlove"},{"floor":13,"key":"Meat on the Bone"},{"floor":24,"key":"hexamod:CandleOfCauterizing"},{"floor":25,"key":"Nunchaku"},{"floor":31,"key":"Tiny Chest"},{"floor":38,"key":"hexamod:BolsterEngine"},{"floor":41,"key":"Bag of Marbles"},{"floor":43,"key":"Happy Flower"},{"floor":45,"key":"Anchor"},{"floor":48,"key":"CaptainsWheel"}],"event_choices":[{"damage_healed":0,"gold_gain":2,"player_choice":"1","damage_taken":0,"max_hp_gain":0,"max_hp_loss":0,"event_name":"betterStone:BetterStone","floor":21,"gold_loss":0},{"damage_healed":0,"gold_gain":0,"player_choice":"Got Potions","damage_taken":0,"max_hp_gain":0,"max_hp_loss":0,"event_name":"Lab","floor":26,"gold_loss":0},{"cards_removed":["champ:Taunt"],"damage_healed":0,"gold_gain":0,"player_choice":"Removed Skill","damage_taken":0,"max_hp_gain":0,"max_hp_loss":0,"event_name":"Falling","floor":46,"gold_loss":0}],"is_beta":false,"boss_relics":[{"not_picked":["Runic Dome","SacredBark"],"picked":"Pandora\u0027s Box"},{"not_picked":["Black Star","Empty Cage"],"picked":"Coffee Dripper"}],"items_purged_floors":[5,20,40],"is_endless":false,"potions_floor_spawned":[4,8,9,14,15,25,29,31,33,36,37,43,49],"ascension_level":8}}