{"host":"y9jgkjnf95sujozk","time":1611145113,"event":{"mods":["2.2 Compatiblity","AchievementEnabler","Act Like it!","BaseMod","BetterRewards","Block Reminder","Colored Map","Colored Powertips","Decade(王小明)","Downfall","Friendly Minions","Gensokyo","GifTheSpireLib","Hallownest","Hermit","Highlight Path","HololiveMod","Hubris","Infinite Spire","Jorbs\u0027s Wanderer Trilogy","Koishi","Marisa（霧雨　魔理沙）","Minty Spire (QoL Compilation)","Quick Restart","Random Character Button","Rare Cards Sparkle","Reimu（博??梦）","Remilia（蕾米莉?）","Shop Mod","StSLib","SuperFastMode","The Animator","The Bug Knight","The Cursed","The Disciple","The Hierophant","The Jungle","The Senshi","The Servant 0.9.4"],"gold_per_floor":[111,131,131,131,148,178,178,178,205,205,240,260,260,60,60,163,163,176,176,190,202,215,215,215,215],"floor_reached":24,"language":"ENG","playtime":1145,"items_purged":[],"score":306,"play_id":"ca2438a9-1b42-4815-a010-be0b5d1ad253","local_time":"20210120131833","is_ascension_mode":false,"campfire_choices":[{"floor":7,"key":"REST"},{"floor":10,"key":"REST"},{"floor":13,"key":"REST"},{"data":"Turbo","floor":15,"key":"SMITH"},{"floor":23,"key":"REST"}],"circlet_count":0,"master_deck":["Strike_B","Strike_B","Strike_B","Strike_B","Defend_B","Defend_B","Defend_B","Defend_B","Zap","Dualcast","Gash","Rebound","Gash","Loop","Reinforced Body","Steam","Turbo","Scrape","All For One","Turbo+1","Seek","Reinforced Body","Redo","Leap","Turbo"],"relics":["Cracked Core","infinitespire:CursedDice","hubris:Towel","Mastiff:ReiMu","HollowMod:PaleOreRelic","Smiling Mask","Fusion Hammer"],"acts_visited":["Exordium","Exordium"],"potions_floor_usage":[6,16,16,16,21,21],"damage_taken":[{"damage":1,"enemies":"Jaw Worm","floor":1,"turns":3},{"damage":0,"enemies":"2 Louse","floor":2,"turns":2},{"damage":5,"enemies":"Small Slimes","floor":5,"turns":3},{"damage":30,"enemies":"3 Sentries","floor":6,"turns":6},{"damage":14,"enemies":"Gremlin Nob","floor":11,"turns":4},{"damage":1,"enemies":"Exordium Thugs","floor":12,"turns":5},{"damage":27,"enemies":"Hexaghost","floor":16,"turns":10},{"damage":20,"enemies":"theJungle:Flameango_and_Byrd","floor":18,"turns":6},{"damage":12,"enemies":"Shell Parasite","floor":20,"turns":5},{"damage":45,"enemies":"theJungle:JungleHuntersEncounter","floor":21,"turns":8},{"damage":19,"enemies":"theJungle:SlimyTreeVines","floor":22,"turns":7},{"damage":39,"enemies":"theJungle:2_Flameangoes","floor":24,"turns":4}],"seed_played":"8070864823405730683","potions_obtained":[{"floor":2,"key":"ColorlessPotion"},{"floor":8,"key":"ColorlessPotion"},{"floor":8,"key":"Weak Potion"},{"floor":8,"key":"Slimebound:ThreeZeroPotion"},{"floor":16,"key":"hexamod:SoulburnPotion"},{"floor":20,"key":"Block Potion"}],"is_trial":false,"path_per_floor":["M","M","?","?","M","E","R","?","T","R","E","M","R","$","R","B",null,"M","?","M","M","M","R","M"],"character_chosen":"DEFECT","items_purchased":["Scrape","All For One","Turbo"],"campfire_rested":4,"item_purchase_floors":[14,14,14],"current_hp_per_floor":[66,66,66,66,61,31,53,53,53,75,61,60,75,75,75,48,75,55,55,43,27,14,36,0,0],"gold":215,"neow_bonus":"","is_daily":false,"chose_seed":false,"campfire_upgraded":1,"win_rate":0.0,"timestamp":1611145113,"path_taken":["M","M","?","?","M","E","R","?","T","R","E","?","R","$","R","BOSS","M","?","?","M","M","R","M"],"items_purchased_type":["Card","Card","Card"],"build_version":"2020-12-22","purchased_purges":0,"victory":false,"max_hp_per_floor":[75,75,75,75,75,75,75,75,75,75,75,75,75,75,75,75,75,75,75,75,75,75,75,75,75],"card_choices":[{"not_picked":["Go for the Eyes","Coolheaded"],"picked":"Gash","floor":1},{"not_picked":["Aggregate","Redo"],"picked":"Rebound","floor":2},{"not_picked":["Coolheaded","Go for the Eyes"],"picked":"Loop","floor":5},{"not_picked":["Genetic Algorithm","Storm"],"picked":"Reinforced Body","floor":6},{"not_picked":["Machine Learning","Thunder Strike"],"picked":"Steam","floor":11},{"not_picked":["Heatsinks","Barrage"],"picked":"Turbo","floor":12},{"not_picked":["Machine Learning","Creative AI"],"picked":"Seek","floor":16},{"not_picked":["Self Repair","Auto Shields+1"],"picked":"Reinforced Body","floor":18},{"not_picked":["Barrage","Streamline"],"picked":"Redo","floor":20},{"not_picked":["Cold Snap+1","Electrodynamics"],"picked":"Leap","floor":21},{"not_picked":["Fusion","Sunder"],"picked":"Turbo","floor":22}],"player_experience":156967,"relics_obtained":[{"floor":6,"key":"Mastiff:ReiMu"},{"floor":9,"key":"HollowMod:PaleOreRelic"},{"floor":11,"key":"Smiling Mask"}],"event_choices":[{"damage_healed":0,"gold_gain":0,"player_choice":"Got Potions","damage_taken":0,"max_hp_gain":0,"max_hp_loss":0,"event_name":"Lab","floor":8,"gold_loss":0},{"damage_healed":0,"gold_gain":0,"player_choice":"Ignored","damage_taken":0,"max_hp_gain":0,"max_hp_loss":0,"event_name":"NoteForYourself","floor":19,"gold_loss":0}],"is_beta":false,"boss_relics":[{"not_picked":["hubris:TerracottaHorce","Ectoplasm"],"picked":"Fusion Hammer"}],"items_purged_floors":[],"is_endless":false,"potions_floor_spawned":[2,12,16,20],"killed_by":"theJungle:2_Flameangoes","ascension_level":0}}