{"host":"qhhcmep1unj6mpf7","time":1611152398,"event":{"mods":["2.2 Compatiblity","AchievementEnabler","BaseMod","Colored Map","DeckTracker","Highlight Path","Keyboard Shortcuts","Minty Spire (QoL Compilation)","Permanent Neow","Quick Restart","Random Character Button","StSLib","SuperFastMode","everything is the same but u backflip on backflip"],"gold_per_floor":[14,29,45,45,65,65,80,97,123,123,50,63,63,80,80,175,175,193,210,210,98,111,111,111],"floor_reached":23,"language":"KOR","playtime":800,"items_purged":["Strike_B"],"score":187,"play_id":"26a49986-52d7-4e69-a01e-e9de1661cc78","local_time":"20210120231958","is_ascension_mode":false,"campfire_choices":[{"data":"Darkness","floor":6,"key":"SMITH"},{"data":"Defragment","floor":10,"key":"SMITH"},{"data":"Redo","floor":13,"key":"SMITH"},{"data":"Defragment","floor":15,"key":"SMITH"}],"circlet_count":0,"master_deck":["Strike_B","Strike_B","Defend_B","Defend_B","Defend_B","Defend_B","Zap","Dualcast","Master of Strategy","Defragment+1","Darkness+1","Undo","Defragment+1","Redo+1","Amplify","Consume","Defragment"],"relics":["FrozenCore","Pen Nib"],"acts_visited":["Exordium","TheCity"],"potions_floor_usage":[23,23],"damage_taken":[{"damage":1,"enemies":"Jaw Worm","floor":1,"turns":3},{"damage":0,"enemies":"Small Slimes","floor":2,"turns":3},{"damage":0,"enemies":"2 Louse","floor":3,"turns":2},{"damage":7,"enemies":"Looter","floor":5,"turns":4},{"damage":17,"enemies":"Exordium Thugs","floor":7,"turns":5},{"damage":9,"enemies":"Exordium Wildlife","floor":8,"turns":3},{"damage":2,"enemies":"Looter","floor":12,"turns":5},{"damage":12,"enemies":"2 Fungi Beasts","floor":14,"turns":3},{"damage":19,"enemies":"The Guardian","floor":16,"turns":6},{"damage":0,"enemies":"Chosen","floor":18,"turns":4},{"damage":0,"enemies":"Shell Parasite","floor":19,"turns":7},{"damage":8,"enemies":"Sentry and Sphere","floor":22,"turns":6},{"damage":83,"enemies":"Gremlin Leader","floor":23,"turns":11}],"seed_played":"4380081213872861004","potions_obtained":[{"floor":3,"key":"LiquidBronze"},{"floor":5,"key":"Fire Potion"},{"floor":8,"key":"PotionOfCapacity"},{"floor":18,"key":"PotionOfCapacity"}],"is_trial":false,"path_per_floor":["M","M","M","?","M","R","M","M","T","R","$","M","R","M","R","B",null,"M","M","?","$","M","E"],"character_chosen":"DEFECT","items_purchased":["Defragment","Defragment"],"campfire_rested":0,"item_purchase_floors":[11,21],"current_hp_per_floor":[74,74,74,74,67,67,50,41,41,41,41,39,39,27,27,8,75,75,75,75,75,67,0,0],"gold":111,"neow_bonus":"RANDOM_COLORLESS_2","is_daily":false,"chose_seed":false,"campfire_upgraded":4,"win_rate":0.0,"timestamp":1611152398,"path_taken":["M","M","M","?","M","R","M","M","T","R","$","M","R","M","R","BOSS","M","M","?","$","M","E"],"items_purchased_type":["Card","Card"],"build_version":"2020-12-22","purchased_purges":1,"victory":false,"max_hp_per_floor":[75,75,75,75,75,75,75,75,75,75,75,75,75,75,75,75,75,75,75,75,75,75,75,75],"card_choices":[{"not_picked":["The Bomb","Thinking Ahead"],"picked":"Master of Strategy","floor":0},{"not_picked":["Rebound","Streamline","Scrape"],"picked":"SKIP","floor":1},{"not_picked":["Aggregate","Reinforced Body","Compile Driver"],"picked":"SKIP","floor":2},{"not_picked":["Conserve Battery","Static Discharge","Rebound"],"picked":"SKIP","floor":3},{"not_picked":["BootSequence","Compile Driver"],"picked":"Darkness","floor":5},{"not_picked":["Cold Snap","Steam","Rebound"],"picked":"SKIP","floor":7},{"not_picked":["Streamline","Electrodynamics"],"picked":"Undo","floor":8},{"not_picked":["Auto Shields","Hologram"],"picked":"Redo","floor":12},{"not_picked":["Stack","Sunder","Conserve Battery"],"picked":"SKIP","floor":14},{"not_picked":["Biased Cognition","Buffer"],"picked":"Amplify","floor":16},{"not_picked":["Stack","Conserve Battery","Auto Shields"],"picked":"SKIP","floor":18},{"not_picked":["Stack","Compile Driver"],"picked":"Consume","floor":19},{"not_picked":["Stack","Beam Cell","Streamline"],"picked":"SKIP","floor":22}],"player_experience":316783,"relics_obtained":[{"floor":9,"key":"Pen Nib"}],"event_choices":[{"damage_healed":0,"gold_gain":0,"cards_transformed":["Strike_B"],"player_choice":"Change","damage_taken":0,"max_hp_gain":0,"max_hp_loss":0,"event_name":"Living Wall","floor":4,"gold_loss":0,"cards_obtained":["Defragment"]},{"damage_healed":0,"gold_gain":0,"player_choice":"Ignored","damage_taken":0,"max_hp_gain":0,"max_hp_loss":0,"event_name":"Ghosts","floor":20,"gold_loss":0}],"is_beta":false,"boss_relics":[{"not_picked":["Sozu","Fusion Hammer"],"picked":"FrozenCore"}],"items_purged_floors":[21],"is_endless":false,"potions_floor_spawned":[3,5,8,14,16,18],"killed_by":"Gremlin Leader","ascension_level":0}}