{"host":"7uuqqk35leady37t","time":1611121745,"event":{"mods":["BaseMod","Colored Map","Colored Powertips","Marisa£®ÏF”Í°°ƒß¿Ì…≥£©","Minty Spire (QoL Compilation)","Relic Stats","Remilia£®¿Ÿ√◊¿Ú—«£©","Replay The Spire","Robot Space Explorer","StSLib","The Bug Knight","The Servant 0.9.4","UnlockEverythingMod","Waifu the Spire","Yuri Mod","[IsaacMod]“‘»ˆº‚À˛"],"gold_per_floor":[118,138,148,162,181,181,181,181],"floor_reached":7,"language":"ZHS","playtime":380,"items_purged":[],"score":90,"play_id":"2209713c-5ba2-4cd6-84b5-a3f1dafd4189","local_time":"20210120134905","is_ascension_mode":true,"campfire_choices":[{"data":"Worship","floor":6,"key":"SMITH"}],"circlet_count":0,"master_deck":["AscendersBane","Strike_P","Strike_P","Strike_P","Strike_P","Defend_P","Defend_P","Defend_P","Defend_P","Eruption","Vigilance","Consecrate","Tantrum","InnerPeace","Halt","Worship+1"],"relics":["HushsDoor","Damocles","Honey Jar","Ice Cream","HowToJump","TungstenRod","Boot","Replay:Accelerometer"],"acts_visited":["Exordium"],"potions_floor_usage":[4],"damage_taken":[{"damage":16,"enemies":"2 Louse","floor":1,"turns":3},{"damage":0,"enemies":"Cultist","floor":2,"turns":3},{"damage":0,"enemies":"Jaw Worm","floor":3,"turns":2},{"damage":0,"enemies":"Red Slaver","floor":4,"turns":1},{"damage":0,"enemies":"Exordium Wildlife","floor":5,"turns":4},{"damage":0,"enemies":"3 Sentries","floor":7,"turns":2}],"seed_played":"4648039859303177386","potions_obtained":[{"floor":3,"key":"SteroidPotion"},{"floor":5,"key":"SteroidPotion"}],"is_trial":false,"path_per_floor":["M","M","M","M","M","R","E"],"character_chosen":"WATCHER","items_purchased":[],"campfire_rested":0,"item_purchase_floors":[],"current_hp_per_floor":[45,45,45,45,45,45,0,0],"gold":181,"neow_bonus":"BOSS_RELIC","is_daily":false,"chose_seed":false,"campfire_upgraded":1,"win_rate":0.0,"timestamp":1611121745,"path_taken":["M","M","M","M","M","R","E"],"items_purchased_type":[],"build_version":"2020-12-22","purchased_purges":0,"victory":false,"max_hp_per_floor":[68,68,68,68,68,68,68,68],"relic_stats":{"counters":[6,15],"Boot":[6],"obtain_stats":[{"KeepersGift":0,"Ice Cream":1,"Damocles":0,"Replay:Accelerometer":5,"HowToJump":2,"Honey Jar":0,"PureWater":0,"HushsDoor":0,"Boot":4,"TungstenRod":3},{"KeepersGift":0,"Ice Cream":1,"Damocles":0,"Replay:Accelerometer":5,"HowToJump":2,"Honey Jar":0,"PureWater":0,"HushsDoor":0,"Boot":4,"TungstenRod":3},{"KeepersGift":0,"Ice Cream":3,"Damocles":0,"Replay:Accelerometer":13,"HowToJump":6,"Honey Jar":0,"PureWater":0,"HushsDoor":0,"Boot":9,"TungstenRod":8}],"TungstenRod":2},"card_choices":[{"not_picked":[],"picked":"ChaosCard","floor":0},{"not_picked":["FollowUp","Replay:BluntJabs","PathToVictory"],"picked":"Consecrate","floor":1},{"not_picked":["MentalFortress","FlyingSleeves","Replay:DivineShield"],"picked":"Tantrum","floor":2},{"not_picked":["Sanctity","Replay:AtTheReady","ClearTheMind"],"picked":"InnerPeace","floor":3},{"not_picked":["BowlingBash","Replay:BluntJabs","CrushJoints"],"picked":"Halt","floor":4},{"not_picked":["Adaptation","Collect","PathToVictory"],"picked":"Worship","floor":5}],"player_experience":63931,"relics_obtained":[{"floor":1,"key":"Ice Cream"},{"floor":2,"key":"HowToJump"},{"floor":3,"key":"TungstenRod"},{"floor":4,"key":"Boot"},{"floor":5,"key":"Replay:Accelerometer"}],"event_choices":[],"is_beta":false,"boss_relics":[],"items_purged_floors":[],"is_endless":false,"potions_floor_spawned":[3,5],"killed_by":"3 Sentries","ascension_level":20}}