{"host":"8anlmvy5ylhozj27","time":1611165836,"event":{"mods":["2.2 Compatiblity","Act Like it!","Aspiration","BaseMod","Best Route Mod","Better Match","Better Note","Better Sensory Stone","Better Skull","Better Third Choice","BetterRewards","Block Reminder","Colored Map","Colored Powertips","Conspire","Curses Come First","Duelist Mod","Energized Spire","GifTheSpireLib","Gold Saver","Halation","Hermit","Highlight Path","Hubris","Infinite Spire","Ironclad Rager","Minty Spire (QoL Compilation)","Permanent Neow","Quick Restart","Rare Cards Sparkle","Replay The Spire","Robot Space Explorer","Spicy Shops","StSLib","Stuff the Spire","The Bladedancer","The Blue Laboratory","The Disciple","The Exalted","The Necromancer","The Sage","Transform Curses","Wandering Minibosses","vexMod"],"gold_per_floor":[112,128,53,67,107,142,172,172,199,199,226,212,233,249,249,353,353,364,380,380,397,416,449,434,434],"floor_reached":24,"language":"FRA","playtime":2224,"items_purged":[],"score":232,"play_id":"c3332019-4e8b-42ac-8cd4-e015bebd053c","local_time":"20210120190356","is_ascension_mode":false,"campfire_choices":[{"data":"StuffTheSpire:LoadUp","floor":8,"key":"SMITH"},{"data":"Crystallizer","floor":15,"key":"SMITH"}],"circlet_count":0,"master_deck":["Strike_B","Strike_B","Strike_B","Defend_B","Defend_B","Defend_B","Defend_B","Zap","Dualcast","Self Repair","vexMod:StairwayStrike","Redo","Darkness","Deep Breath+1","Glacier+1","Leap","Tempest","StuffTheSpire:LoadUp+1","Coolheaded","Crystallizer+1","Meteor Strike","StuffTheSpire:LoadUp","ReplayTheSpireMod:Dual Polarity","Electrodynamics","BootSequence+1","Panache+1","Ball Lightning","BootSequence"],"relics":["Cracked Core","conspire:TreasureMap","halation:IllGainedPizza","aspiration:Nostalgia","blademaster:DancersAmulet","Onion Ring","Omamori","Replay:Antivirus Software","aspiration:Lifesprig","conspire:RoyalGoblet","Prayer Wheel"],"acts_visited":["Exordium","TheCity"],"potions_floor_usage":[11,16,24,24],"damage_taken":[{"damage":3,"enemies":"Jaw Worm","floor":1,"turns":3},{"damage":1,"enemies":"Cultist","floor":2,"turns":3},{"damage":0,"enemies":"2 Louse","floor":4,"turns":2},{"damage":5,"enemies":"conspire:MimicChest","floor":5,"turns":5},{"damage":2,"enemies":"Replay:BlueRogue","floor":6,"turns":7},{"damage":7,"enemies":"Lots of Slimes","floor":7,"turns":6},{"damage":2,"enemies":"Gremlin Nob","floor":11,"turns":3},{"damage":15,"enemies":"Gremlin Gang","floor":12,"turns":5},{"damage":0,"enemies":"2 Fungi Beasts","floor":13,"turns":3},{"damage":8,"enemies":"Red Slaver","floor":14,"turns":3},{"damage":27,"enemies":"Fading Forest","floor":16,"turns":11},{"damage":1,"enemies":"Spheric Guardian","floor":18,"turns":3},{"damage":10,"enemies":"2 Thieves","floor":19,"turns":4},{"damage":15,"enemies":"Snake Plant","floor":21,"turns":4},{"damage":51,"enemies":"Shelled Parasite and Fungi","floor":22,"turns":6},{"damage":4,"enemies":"conspire:Head Lice","floor":23,"turns":6},{"damage":16,"enemies":"Centurion and Healer","floor":24,"turns":2}],"seed_played":"-6350498374143639950","potions_obtained":[{"floor":2,"key":"blueLaboratory:FrostheartPotion"},{"floor":5,"key":"AttackPotion"},{"floor":6,"key":"blueLaboratory:HeartbeatPotion"},{"floor":12,"key":"SkillPotion"},{"floor":23,"key":"SkillPotion"}],"is_trial":false,"path_per_floor":["M","M","?","M","?","E","M","R","T","T","E","M","M","M","R","B",null,"M","M","?","M","M","E","M"],"character_chosen":"DEFECT","items_purchased":["conspire:TreasureMap","Self Repair","vexMod:StairwayStrike","halation:IllGainedPizza","aspiration:Nostalgia","Onion Ring"],"campfire_rested":0,"item_purchase_floors":[0,0,0,0,0,0],"current_hp_per_floor":[44,50,50,57,59,64,64,64,64,64,69,61,68,60,60,64,75,75,72,72,57,13,16,0,0],"gold":434,"neow_bonus":"","is_daily":false,"chose_seed":false,"campfire_upgraded":2,"win_rate":0.0,"timestamp":1611165836,"path_taken":["M","M","?","?","?","E","M","R","T","?","E","M","M","M","R","BOSS","M","M","?","M","M","E","?"],"items_purchased_type":["Relic","Card","Card","Relic","Relic","Relic"],"build_version":"2020-12-22","purchased_purges":0,"victory":false,"max_hp_per_floor":[75,75,75,75,75,75,75,75,75,75,75,75,75,75,75,75,75,75,75,75,75,75,75,75,75],"card_choices":[{"not_picked":["Compile Driver","Streamline"],"picked":"Redo","floor":1},{"not_picked":["conspire:SharedLibrary","Hologram"],"picked":"Darkness","floor":2},{"not_picked":["ReplayTheSpireMod:Trickstab+1","ReplayTheSpireMod:Uncanny Aura+1"],"picked":"Deep Breath+1","floor":3},{"not_picked":["ReplayTheSpireMod:Calculation Training+1","BootSequence+1"],"picked":"Glacier+1","floor":3},{"not_picked":["StuffTheSpire:CleanHardDrive","Barrage"],"picked":"Leap","floor":4},{"not_picked":["Redo","Scrape"],"picked":"Tempest","floor":5},{"not_picked":["ReplayTheSpireMod:Calculation Training","Cold Snap"],"picked":"StuffTheSpire:LoadUp","floor":6},{"not_picked":["Gash","Hello World"],"picked":"Coolheaded","floor":7},{"not_picked":["ReplayTheSpireMod:GoodbyeWorld","Panic Button"],"picked":"Crystallizer","floor":11},{"not_picked":["BasicCrystalCard","Heatsinks"],"picked":"Meteor Strike","floor":12},{"not_picked":["Rebound","Go for the Eyes"],"picked":"StuffTheSpire:LoadUp","floor":13},{"not_picked":["Redo","BasicCrystalCard"],"picked":"ReplayTheSpireMod:Dual Polarity","floor":14},{"not_picked":["StuffTheSpire:Purify","Meteor Strike"],"picked":"Electrodynamics","floor":16},{"not_picked":["StuffTheSpire:Rend","Reinforced Body"],"picked":"BootSequence+1","floor":18},{"not_picked":["Reinforced Body","Stack","Panic Button"],"picked":"SKIP","floor":19},{"not_picked":["Beam Cell","Skim","Steam Power"],"picked":"SKIP","floor":21},{"not_picked":["Cold Snap","Melter"],"picked":"Ball Lightning","floor":22},{"not_picked":["Panic Button+1","All For One"],"picked":"BootSequence","floor":23}],"player_experience":198336,"relics_obtained":[{"floor":6,"key":"Omamori"},{"floor":9,"key":"infinitespire:Beetle Shell"},{"floor":10,"key":"Replay:Antivirus Software"},{"floor":11,"key":"aspiration:Lifesprig"},{"floor":23,"key":"Prayer Wheel"}],"event_choices":[{"damage_healed":0,"gold_gain":0,"player_choice":"2","damage_taken":0,"max_hp_gain":0,"max_hp_loss":0,"event_name":"betterMatch:BetterMatch","floor":3,"gold_loss":0,"cards_obtained":["betterMatch:ColorlessUncommonCard","betterMatch:UncommonCard"]},{"cards_removed":["Self Repair"],"damage_healed":0,"gold_gain":0,"player_choice":"Take \u0026 Give","damage_taken":0,"max_hp_gain":0,"max_hp_loss":0,"event_name":"betterNote:BetterNote","floor":20,"gold_loss":0,"cards_obtained":["Panache"]}],"is_beta":false,"boss_relics":[{"not_picked":["vexMod:MysteryBossChallenge","energizedSpire:MagnifyingGlass"],"picked":"conspire:RoyalGoblet"}],"items_purged_floors":[],"is_endless":false,"potions_floor_spawned":[2,5,6,12,14,23],"killed_by":"Centurion and Healer","ascension_level":0}}