{"host":"bf9sa99gaumonoeu","time":1611114913,"event":{"mods":["AchievementEnabler","Act Like it!","Aspiration","BaseMod","Bestiary","Better Note","Block Reminder","Colored Map","Colored Powertips","Fox Events","Friendly Minions","Gensokyo","GifTheSpireLib","Googly Eyes","Hallownest","Hermit","Highlight Path","Jorbs\u0027s Wanderer Trilogy","KinomotoSakuraMod(????)","Koishi","Marisa????????","Minty Spire (QoL Compilation)","Rare Cards Sparkle","Relic Stats","Remilia??????","Spire Arcade","StSLib","The Administrix","The Animator","The Bug Knight","The Construct","The Cursed","The Hierophant","The Mystic","The Necromancer","The Poker Player","The Runesmith","The Senshi","The Servant 0.9.4","ojb\u0027s Info Mod"],"gold_per_floor":[12,24,40,51,69,101,101,114,114,114,114],"floor_reached":10,"language":"ENG","playtime":909,"items_purged":[],"score":144,"play_id":"fb9b6fb0-9192-42d8-8c51-ba2e63a1c896","local_time":"20210120015513","is_ascension_mode":true,"campfire_choices":[{"floor":7.0,"key":"REST"}],"circlet_count":0,"master_deck":["AscendersBane","Strike_G","Strike_G","Strike_G","Strike_G","Strike_G","Defend_G","Defend_G","Defend_G","Defend_G","Defend_G","Survivor","Neutralize","Escape Plan","Escape Plan","Footwork","Riddle With Holes","Riddle With Holes","Flying Knee","All Out Attack"],"relics":["Ring of the Snake","Incense Burner","HornCleat","Art of War"],"acts_visited":["Exordium"],"potions_floor_usage":[10],"damage_taken":[{"damage":0.0,"enemies":"Jaw Worm","floor":1.0,"turns":4.0},{"damage":2.0,"enemies":"Cultist","floor":2.0,"turns":5.0},{"damage":0.0,"enemies":"2 Louse","floor":3.0,"turns":4.0},{"damage":4.0,"enemies":"Red Slaver","floor":4.0,"turns":6.0},{"damage":19.0,"enemies":"Gremlin Gang","floor":5.0,"turns":7.0},{"damage":27.0,"enemies":"3 Sentries","floor":6.0,"turns":13.0},{"damage":5.0,"enemies":"Large Slime","floor":8.0,"turns":5.0},{"damage":21,"enemies":"Lagavulin","floor":10,"turns":8}],"seed_played":"-8934244238093389263","potions_obtained":[{"floor":1.0,"key":"EssenceOfSteel"},{"floor":4.0,"key":"Block Potion"},{"floor":5.0,"key":"Weak Potion"}],"is_trial":false,"path_per_floor":["M","M","M","M","M","E","R","M","T","E"],"character_chosen":"THE_SILENT","items_purchased":[],"campfire_rested":1,"item_purchase_floors":[],"current_hp_per_floor":[59,57,57,53,34,7,26,21,21,0,0],"gold":114,"neow_bonus":"ONE_RARE_RELIC","is_daily":false,"chose_seed":false,"campfire_upgraded":0,"win_rate":0.0,"timestamp":1611114913,"path_taken":["M","M","M","M","M","E","R","M","T","E"],"items_purchased_type":[],"build_version":"2020-12-22","purchased_purges":0,"victory":false,"max_hp_per_floor":[66,66,66,66,66,66,66,66,66,66,66],"relic_stats":{"counters":[8,52],"Art of War":[1],"obtain_stats":[{"HornCleat":6,"Incense Burner":0,"Art of War":9,"Ring of the Snake":0},{"HornCleat":6,"Incense Burner":0,"Art of War":7,"Ring of the Snake":0},{"HornCleat":39,"Incense Burner":0,"Art of War":44,"Ring of the Snake":0}],"Ring of the Snake":[16]},"card_choices":[{"not_picked":["Infinite Blades","Quick Slash"],"picked":"Escape Plan","floor":1.0},{"not_picked":["Prepared","Slice"],"picked":"Escape Plan","floor":2.0},{"not_picked":["Underhanded Strike","Sucker Punch"],"picked":"Footwork","floor":3.0},{"not_picked":["Distraction","Backflip"],"picked":"Riddle With Holes","floor":4.0},{"not_picked":["Underhanded Strike","Sucker Punch"],"picked":"Riddle With Holes","floor":5.0},{"not_picked":["Infinite Blades","Accuracy"],"picked":"Flying Knee","floor":6.0},{"not_picked":["Setup","Bane"],"picked":"All Out Attack","floor":8.0}],"player_experience":1018280,"relics_obtained":[{"floor":6.0,"key":"HornCleat"},{"floor":9.0,"key":"Art of War"}],"event_choices":[],"is_beta":false,"boss_relics":[],"items_purged_floors":[],"is_endless":false,"potions_floor_spawned":[1,4,5],"killed_by":"Lagavulin","ascension_level":20}}