{"host":"vc42n08di9czm3e7","time":1611111748,"event":{"mods":["AchievementEnabler","Act Like it!","BaseMod","Colored Powertips","Downfall","Friendly Minions","GifTheSpireLib","Minty Spire (QoL Compilation)","Quick Restart","Rare Cards Sparkle","StSLib"],"gold_per_floor":[113,133,153,166,177,208,208,229,304,323,44,44,144,160,160,290,290,308,326,349,41,41,41,41,41],"floor_reached":24,"language":"ENG","playtime":753,"items_purged":["Strike_B"],"score":202,"play_id":"df4c4a90-c8f2-4fdc-9724-a930075796a3","local_time":"20210119220228","is_ascension_mode":false,"campfire_choices":[{"floor":12,"key":"REST"},{"data":"Fusion","floor":15,"key":"SMITH"},{"data":"Creative AI","floor":23,"key":"SMITH"}],"circlet_count":0,"master_deck":["Strike_B","Strike_B","Strike_B","Defend_B","Defend_B","Defend_B","Defend_B","Zap","Dualcast","Rip and Tear","Leap","Fusion+1","Go for the Eyes","Turbo","Barrage","White Noise","Redo+1","Tempest+1","Leap+1","Double Energy+1","Creative AI+1","Defragment","Melter","Gash","Force Field+1","Core Surge"],"relics":["Cracked Core","NeowsBlessing","Ancient Tea Set","Golden Idol","Toxic Egg 2","Frozen Eye","Sozu"],"acts_visited":["Exordium","TheCity"],"potions_floor_usage":[6],"damage_taken":[{"damage":0,"enemies":"Cultist","floor":1,"turns":1},{"damage":0,"enemies":"Jaw Worm","floor":2,"turns":1},{"damage":0,"enemies":"2 Louse","floor":3,"turns":1},{"damage":13,"enemies":"Red Slaver","floor":4,"turns":3},{"damage":7,"enemies":"Large Slime","floor":5,"turns":5},{"damage":33,"enemies":"Gremlin Nob","floor":6,"turns":5},{"damage":5,"enemies":"3 Louse","floor":8,"turns":3},{"damage":0,"enemies":"2 Fungi Beasts","floor":10,"turns":3},{"damage":0,"enemies":"Large Slime","floor":14,"turns":2},{"damage":25,"enemies":"Slime Boss","floor":16,"turns":5},{"damage":0,"enemies":"Chosen","floor":18,"turns":4},{"damage":17,"enemies":"2 Thieves","floor":19,"turns":4},{"damage":48,"enemies":"Shelled Parasite and Fungi","floor":20,"turns":7},{"damage":28,"enemies":"Centurion and Healer","floor":24,"turns":5}],"seed_played":"-6508146797058282366","potions_obtained":[{"floor":5,"key":"PowerPotion"},{"floor":8,"key":"Ancient Potion"},{"floor":16,"key":"Fruit Juice"}],"is_trial":false,"path_per_floor":["M","M","M","M","M","E","?","M","T","M","$","R","?","M","R","B",null,"M","M","M","$","?","R","M"],"character_chosen":"DEFECT","items_purchased":["Tempest+1","Frozen Eye","Leap+1","Force Field+1","Core Surge"],"campfire_rested":1,"item_purchase_floors":[11,11,11,21,21],"current_hp_per_floor":[75,75,75,62,55,22,22,17,17,17,17,37,37,37,37,12,69,69,52,4,4,27,27,0,0],"gold":41,"neow_bonus":"THREE_ENEMY_KILL","is_daily":false,"chose_seed":false,"campfire_upgraded":2,"win_rate":0.0,"timestamp":1611111748,"path_taken":["M","M","?","M","M","E","?","M","T","M","$","R","?","M","R","BOSS","M","M","M","$","?","R","M"],"items_purchased_type":["Card","Relic","Card","Card","Card"],"build_version":"2020-12-22","purchased_purges":1,"victory":false,"max_hp_per_floor":[75,75,75,75,75,75,69,69,69,69,69,69,69,69,69,69,69,69,69,69,69,69,69,69,69],"card_choices":[{"not_picked":["Compile Driver","Hologram"],"picked":"Rip and Tear","floor":1},{"not_picked":["Hologram","Streamline"],"picked":"Leap","floor":2},{"not_picked":["Compile Driver","Streamline"],"picked":"Fusion","floor":3},{"not_picked":["Gash","Compile Driver"],"picked":"Go for the Eyes","floor":4},{"not_picked":["Aggregate","Hologram"],"picked":"Turbo","floor":5},{"not_picked":["Fusion","Beam Cell"],"picked":"Barrage","floor":6},{"not_picked":["Redo","Skim"],"picked":"White Noise","floor":8},{"not_picked":["Capacitor","Sweeping Beam"],"picked":"Redo+1","floor":10},{"not_picked":["Amplify+1","Stack+1"],"picked":"Double Energy+1","floor":14},{"not_picked":["Machine Learning","Core Surge"],"picked":"Creative AI","floor":16},{"not_picked":["Go for the Eyes","Streamline"],"picked":"Defragment","floor":18},{"not_picked":["Sweeping Beam+1","Compile Driver"],"picked":"Melter","floor":19},{"not_picked":["Stack+1","Compile Driver"],"picked":"Gash","floor":20}],"player_experience":282772,"relics_obtained":[{"floor":6,"key":"Ancient Tea Set"},{"floor":9,"key":"Toxic Egg 2"}],"event_choices":[{"damage_healed":0,"gold_gain":0,"player_choice":"Lose Max HP","damage_taken":0,"relics_obtained":["Golden Idol"],"max_hp_gain":0,"max_hp_loss":6,"event_name":"Golden Idol","floor":7,"gold_loss":0},{"damage_healed":0,"gold_gain":100,"player_choice":"Pray","damage_taken":0,"max_hp_gain":0,"max_hp_loss":0,"event_name":"Golden Shrine","floor":13,"gold_loss":0},{"damage_healed":23,"gold_gain":0,"player_choice":"Heal","damage_taken":0,"max_hp_gain":0,"max_hp_loss":0,"event_name":"The Library","floor":22,"gold_loss":0}],"is_beta":false,"boss_relics":[{"not_picked":["Ectoplasm","SacredBark"],"picked":"Sozu"}],"items_purged_floors":[21],"is_endless":false,"potions_floor_spawned":[5,8,16,20],"killed_by":"Centurion and Healer","ascension_level":0}}