{"host":"1c17lcvl7acx821p","time":1611144852,"event":{"mods":["AchievementEnabler","BaseMod","Colored Map","Minty Spire (QoL Compilation)","StSLib"],"gold_per_floor":[119,3,3,14,34,67,122,122,122,122,122,153,168,133,133,233,233,244,159,84,44,69,69,84,84,84,84,84,107,129,219,219,219,219],"floor_reached":33,"language":"ENG","playtime":1104,"items_purged":[],"score":342,"play_id":"39d6c788-bf0d-4669-b299-20fee1a9e1db","local_time":"20210120141412","is_ascension_mode":true,"campfire_choices":[{"floor":8.0,"key":"REST"},{"data":"Fusion","floor":11.0,"key":"SMITH"},{"floor":15.0,"key":"REST"},{"floor":23.0,"key":"REST"},{"floor":25.0,"key":"REST"},{"floor":27.0,"key":"REST"},{"floor":32,"key":"REST"}],"circlet_count":0,"master_deck":["Strike_B","Strike_B","Strike_B","Defend_B","Defend_B","Defend_B","Defend_B","Zap","Dualcast","Multi-Cast","Capacitor","Fusion+1","Lockon","Sweeping Beam","Sunder","Seek","FTL","Regret","Darkness","Barrage","Creative AI","Defragment+1","Force Field","Redo+1","Coolheaded+1"],"relics":["Cracked Core","Gambling Chip","Potion Belt","Toy Ornithopter","FossilizedHelix","StrikeDummy","Nunchaku","Fusion Hammer","CeramicFish","Darkstone Periapt"],"acts_visited":["TheCity"],"potions_floor_usage":[30,30,30],"damage_taken":[{"damage":0.0,"enemies":"Small Slimes","floor":1.0,"turns":3.0},{"damage":0.0,"enemies":"Cultist","floor":4.0,"turns":2.0},{"damage":6.0,"enemies":"2 Louse","floor":5.0,"turns":2.0},{"damage":18.0,"enemies":"Gremlin Nob","floor":6.0,"turns":3.0},{"damage":25.0,"enemies":"3 Sentries","floor":7.0,"turns":6.0},{"damage":27.0,"enemies":"Lagavulin","floor":12.0,"turns":7.0},{"damage":8.0,"enemies":"Large Slime","floor":13.0,"turns":3.0},{"damage":48.0,"enemies":"The Guardian","floor":16.0,"turns":9.0},{"damage":31.0,"enemies":"Shell Parasite","floor":18.0,"turns":4.0},{"damage":11.0,"enemies":"Spheric Guardian","floor":22.0,"turns":4.0},{"damage":0.0,"enemies":"Snecko","floor":24.0,"turns":5.0},{"damage":41.0,"enemies":"Centurion and Healer","floor":29.0,"turns":6.0},{"damage":19,"enemies":"Snake Plant","floor":30,"turns":4},{"damage":36,"enemies":"Collector","floor":33,"turns":3}],"seed_played":"-5372501283978193214","potions_obtained":[{"floor":1.0,"key":"Weak Potion"},{"floor":5.0,"key":"ColorlessPotion"},{"floor":6.0,"key":"GamblersBrew"},{"floor":12.0,"key":"SpeedPotion"},{"floor":21.0,"key":"Swift Potion"},{"floor":21.0,"key":"LiquidMemories"},{"floor":21.0,"key":"CultistPotion"},{"floor":24.0,"key":"Weak Potion"}],"is_trial":false,"path_per_floor":["M","$","?","M","M","E","?","R","T","?","R","E","M","?","R","B",null,"M","?","?","?","M","R","M","R","T","R","?","M","M","?","R","B"],"character_chosen":"DEFECT","items_purchased":["Fusion","Lockon"],"campfire_rested":6,"item_purchase_floors":[2,2],"current_hp_per_floor":[68,68,68,68,62,44,19,41,41,41,41,14,6,24,46,3,57,26,26,26,26,15,37,37,59,59,75,61,20,16,4,28,0,0],"gold":219,"neow_bonus":"ONE_RANDOM_RARE_CARD","is_daily":false,"chose_seed":false,"campfire_upgraded":1,"win_rate":0.0,"timestamp":1611144852,"path_taken":["M","$","?","?","M","E","?","R","T","?","R","E","M","?","R","BOSS","M","?","?","?","?","R","M","R","T","R","?","M","M","?","R","BOSS"],"items_purchased_type":["Card","Card"],"build_version":"2020-12-22","purchased_purges":0,"victory":false,"max_hp_per_floor":[75,75,75,75,75,75,75,75,75,75,75,75,75,75,75,75,75,75,75,75,75,75,75,75,75,75,75,80,80,80,80,80,80,80],"card_choices":[{"not_picked":["Sweeping Beam","Streamline"],"picked":"Capacitor","floor":1.0},{"not_picked":["Compile Driver","Doom and Gloom"],"picked":"Sweeping Beam","floor":4.0},{"not_picked":["Scrape","Melter"],"picked":"Sunder","floor":5.0},{"not_picked":["Leap","Coolheaded"],"picked":"Seek","floor":6.0},{"not_picked":["Compile Driver","Redo"],"picked":"FTL","floor":7.0},{"not_picked":["Compile Driver","Rip and Tear"],"picked":"Darkness","floor":12.0},{"not_picked":["Loop","Chaos"],"picked":"Barrage","floor":13.0},{"not_picked":["Core Surge","Amplify"],"picked":"Creative AI","floor":16.0},{"not_picked":["Melter+1","Cold Snap"],"picked":"Defragment+1","floor":18.0},{"not_picked":["Fusion","Double Energy"],"picked":"Force Field","floor":22.0},{"not_picked":["Hologram","Doom and Gloom","Stack+1"],"picked":"SKIP","floor":24.0},{"not_picked":["Go for the Eyes","Reprogram"],"picked":"Redo+1","floor":29.0},{"not_picked":["Turbo","Chill"],"picked":"Coolheaded+1","floor":30}],"player_experience":157564,"relics_obtained":[{"floor":6.0,"key":"Potion Belt"},{"floor":7.0,"key":"Toy Ornithopter"},{"floor":9.0,"key":"FossilizedHelix"},{"floor":12.0,"key":"Nunchaku"},{"floor":26.0,"key":"Darkstone Periapt"}],"event_choices":[{"damage_healed":0.0,"max_hp_gain":0.0,"max_hp_loss":0.0,"gold_gain":0.0,"event_name":"WeMeetAgain","player_choice":"Gave Potion","floor":3.0,"gold_loss":0.0,"damage_taken":0.0,"relics_obtained":["Gambling Chip"]},{"damage_healed":0.0,"max_hp_gain":0.0,"max_hp_loss":0.0,"gold_gain":30.0,"event_name":"Dead Adventurer","player_choice":"Searched \u00273\u0027 times","floor":7.0,"gold_loss":0.0,"damage_taken":0.0},{"damage_healed":0.0,"max_hp_gain":0.0,"max_hp_loss":0.0,"gold_gain":0.0,"event_name":"Big Fish","player_choice":"Box","floor":10.0,"gold_loss":0.0,"damage_taken":0.0,"relics_obtained":["StrikeDummy"],"cards_obtained":["Regret"]},{"damage_healed":18.0,"max_hp_gain":0.0,"max_hp_loss":0.0,"gold_gain":0.0,"event_name":"The Cleric","player_choice":"Healed","floor":14.0,"gold_loss":35.0,"damage_taken":0.0},{"damage_healed":0.0,"max_hp_gain":0.0,"max_hp_loss":0.0,"gold_gain":0.0,"event_name":"Addict","player_choice":"Obtained Relic","floor":19.0,"gold_loss":85.0,"damage_taken":0.0,"relics_obtained":["CeramicFish"]},{"cards_removed":["Strike_B"],"damage_healed":0.0,"max_hp_gain":0.0,"max_hp_loss":0.0,"gold_gain":0.0,"event_name":"Beggar","player_choice":"Gave Gold","floor":20.0,"gold_loss":75.0,"damage_taken":0.0},{"damage_healed":0.0,"max_hp_gain":0.0,"max_hp_loss":0.0,"gold_gain":0.0,"event_name":"The Woman in Blue","player_choice":"Bought 3 Potions","floor":21.0,"gold_loss":0.0,"damage_taken":0.0},{"damage_healed":0.0,"max_hp_gain":5.0,"max_hp_loss":0.0,"gold_gain":0.0,"event_name":"Forgotten Altar","player_choice":"Shed Blood","floor":28.0,"gold_loss":0.0,"damage_taken":19.0},{"damage_healed":0,"gold_gain":90,"player_choice":"GOLD ","damage_taken":12,"max_hp_gain":0,"max_hp_loss":0,"event_name":"Knowing Skull","floor":31,"potions_obtained":[],"gold_loss":0,"cards_obtained":[]}],"is_beta":false,"boss_relics":[{"not_picked":["Runic Dome","Ectoplasm"],"picked":"Fusion Hammer"}],"items_purged_floors":[],"is_endless":false,"potions_floor_spawned":[1,5,6,12,24],"killed_by":"Collector","ascension_level":7}}