{"host":"ysalv62a05e493y4","time":1611150141,"event":{"mods":["AchievementEnabler","BaseMod","BetterRewards","Colored Map","Colored Powertips","Downfall","Faster Ascension Climbing","Lobotomy","Minty Spire (QoL Compilation)","Quick Restart","StSLib"],"gold_per_floor":[99,119,119,134,148,163,163,182,193,210,210,239,239,259,279,384,384,384,400,400,416,416,416,440,14,34,47,67,87,87,87,99,194,194,194,194,207,220,232,232,310,322,322,322,322,322],"floor_reached":44,"language":"ENG","playtime":2459,"items_purged":["Doubt"],"score":420,"play_id":"6a59db58-423b-4242-b07a-d758b2f2a03d","local_time":"20210120144221","is_ascension_mode":false,"campfire_choices":[{"data":"Guardian:CurlUp","floor":1,"key":"SMITH"},{"data":"Guardian:CrystalBeam","floor":11,"key":"SMITH"},{"floor":13,"key":"REST"},{"data":"Guardian:BodySlam","floor":18,"key":"SMITH"},{"data":"Slimebound:CheckThePlaybook","floor":23,"key":"SMITH"},{"data":"Guardian:ShieldSpikes","floor":30,"key":"SMITH"},{"data":"Guardian:PrimingBeam","floor":35,"key":"SMITH"},{"data":"Guardian:HyperBeam_Guardian","floor":43,"key":"SMITH"}],"circlet_count":0,"master_deck":["Guardian:Strike_Guardian","Guardian:Strike_Guardian","Guardian:Strike_Guardian","Guardian:Strike_Guardian","Guardian:Defend_Guardian","Guardian:Defend_Guardian","Guardian:Defend_Guardian","Guardian:Defend_Guardian","Guardian:CurlUp+1","Guardian:TwinSlam+1","Guardian:Planning+1","Guardian:CrystalBeam+1","Guardian:ShieldSpikes+1","Guardian:Incinerate","Guardian:BodySlam+1","CurseOfTheBell","Slimebound:CheckThePlaybook+1","Sadistic Nature","Guardian:TimeSifter","Guardian:Reroute+1","Guardian:PrimingBeam+1","Guardian:TemporalStrike+1","Guardian:HyperBeam_Guardian+1","Guardian:Recover+1","Guardian:RollAttack+1","Guardian:BronzeOrb+1","Guardian:EvasiveProtocol+1"],"relics":["Guardian:StasisSlotReductionRelic","Meat on the Bone","Eternal Feather","Calling Bell","Oddly Smooth Stone","Mercury Hourglass","Bird Faced Urn","Bronze Scales","Orichalcum","Darkstone Periapt","Sozu","Toy Ornithopter","Frozen Egg 2"],"acts_visited":["Exordium","TheCity","TheBeyond"],"potions_floor_usage":[16,16,16,21,21,29,33],"damage_taken":[{"damage":1,"enemies":"Cultist","floor":2,"turns":3},{"damage":1,"enemies":"2 Louse","floor":4,"turns":2},{"damage":6,"enemies":"Jaw Worm","floor":5,"turns":4},{"damage":14,"enemies":"Blue Slaver","floor":6,"turns":4},{"damage":9,"enemies":"Lots of Slimes","floor":8,"turns":5},{"damage":7,"enemies":"3 Louse","floor":9,"turns":4},{"damage":6,"enemies":"Exordium Thugs","floor":10,"turns":6},{"damage":5,"enemies":"3 Sentries","floor":12,"turns":12},{"damage":10,"enemies":"Exordium Wildlife","floor":14,"turns":4},{"damage":0,"enemies":"Blue Slaver","floor":15,"turns":3},{"damage":38,"enemies":"IC_STATUS_ARCHETYPE","floor":16,"turns":11},{"damage":23,"enemies":"3 Byrds","floor":19,"turns":4},{"damage":10,"enemies":"Cultist and Chosen","floor":21,"turns":7},{"damage":12,"enemies":"downfall:FleeingMerchant","floor":25,"turns":4},{"damage":11,"enemies":"Centurion and Healer","floor":26,"turns":5},{"damage":0,"enemies":"Sentry and Sphere","floor":27,"turns":3},{"damage":18,"enemies":"Cultist and Chosen","floor":28,"turns":5},{"damage":12,"enemies":"Centurion and Healer","floor":29,"turns":6},{"damage":15,"enemies":"Snecko","floor":32,"turns":5},{"damage":48,"enemies":"SI_MIRROR_ARCHETYPE","floor":33,"turns":9},{"damage":0,"enemies":"3 Shapes","floor":37,"turns":1},{"damage":14,"enemies":"3 Darklings","floor":38,"turns":4},{"damage":10,"enemies":"4 Shapes","floor":39,"turns":4},{"damage":11,"enemies":"Transient","floor":42,"turns":5},{"damage":106,"enemies":"Nemesis","floor":44,"turns":10}],"seed_played":"-8268565592940264973","potions_obtained":[{"floor":2,"key":"Block Potion"},{"floor":6,"key":"BlessingOfTheForge"},{"floor":8,"key":"Fire Potion"},{"floor":16,"key":"PowerPotion"},{"floor":19,"key":"DuplicationPotion"},{"floor":27,"key":"BlessingOfTheForge"},{"floor":28,"key":"Block Potion"}],"is_trial":false,"path_per_floor":["R","M","?","M","M","M","T","M","M","M","R","E","R","M","M","B",null,"R","M","?","M","?","R","T","$","M","M","M","M","R","T","M","B",null,"R","?","M","M","M","?","T","M","R","E"],"character_chosen":"GUARDIAN","items_purchased":["Sadistic Nature","Orichalcum"],"campfire_rested":1,"item_purchase_floors":[25,25],"current_hp_per_floor":[80,79,79,78,72,58,58,49,42,48,48,43,76,66,66,40,80,80,57,57,51,51,63,63,51,42,44,40,44,59,59,48,14,80,80,80,80,68,60,60,60,53,68,0,0,0],"gold":322,"neow_bonus":"BOSS_RELIC","is_daily":false,"chose_seed":false,"campfire_upgraded":7,"win_rate":0.0,"timestamp":1611150141,"path_taken":["R","M","?","M","M","M","T","?","?","M","R","E","R","M","M","BOSS","R","?","?","?","?","R","T","$","M","M","M","M","R","?","M","BOSS","R","?","M","M","?","?","T","M","R","E"],"items_purchased_type":["Card","Relic"],"build_version":"2020-12-22","purchased_purges":1,"victory":false,"max_hp_per_floor":[80,80,80,80,80,80,80,80,80,80,80,80,80,80,80,80,80,80,80,80,80,80,80,80,80,80,80,80,80,80,80,80,80,80,80,80,80,80,80,80,80,80,80,80,80,80],"card_choices":[{"not_picked":["Guardian:MultiBeam","Guardian:ShieldSpikes"],"picked":"Guardian:Planning","floor":2},{"not_picked":["Guardian:PrismaticBeam","Guardian:Gem_Cyan"],"picked":"Guardian:Gem_Green","floor":4},{"not_picked":["Guardian:Preprogram","Guardian:Reroute"],"picked":"Guardian:CrystalBeam","floor":5},{"not_picked":["Guardian:ShieldCharger","Guardian:BodySlam"],"picked":"Guardian:ShieldSpikes","floor":6},{"not_picked":["Guardian:Preprogram","Guardian:VentSteam"],"picked":"Guardian:Gem_Green","floor":8},{"not_picked":["Guardian:PiercingHide","Guardian:RevengeProtocol"],"picked":"Guardian:Gem_Cyan","floor":9},{"not_picked":["Guardian:VentSteam","Guardian:ShieldCharger"],"picked":"Guardian:Gem_White","floor":10},{"not_picked":["Guardian:DonusPower","Guardian:PrimingBeam"],"picked":"Guardian:Incinerate","floor":12},{"not_picked":["Guardian:DonusPower","Guardian:Reroute"],"picked":"Guardian:BodySlam","floor":14},{"not_picked":["Guardian:ShieldCharger","Guardian:PiercingHide"],"picked":"Guardian:Gem_Lightblue","floor":15},{"not_picked":["Guardian:FierceBash","Guardian:BaubleBeam"],"picked":"Guardian:Gem_Orange","floor":16},{"not_picked":["Guardian:Orbwalk","Guardian:Suspension+1"],"picked":"Guardian:Gem_Purple","floor":19},{"not_picked":["Guardian:EvasiveProtocol","Guardian:VentSteam"],"picked":"Guardian:Gem_Cyan","floor":21},{"not_picked":["Guardian:BronzeArmor","Guardian:ChargeCore"],"picked":"Guardian:Gem_Cyan","floor":25},{"not_picked":["Guardian:WalkerClaw","Guardian:ShieldCharger"],"picked":"Guardian:Gem_Crimson","floor":26},{"not_picked":["Guardian:Suspension+1","Guardian:SentryBeam+1"],"picked":"Guardian:TimeSifter","floor":27},{"not_picked":["Guardian:ShieldCharger","Guardian:Emergency"],"picked":"Guardian:Reroute+1","floor":28},{"not_picked":["Guardian:WalkerClaw+1","Guardian:Planning"],"picked":"Guardian:PrimingBeam","floor":29},{"not_picked":["Guardian:FloatingOrbs","Guardian:WalkerClaw"],"picked":"Guardian:TemporalStrike+1","floor":32},{"not_picked":["Guardian:RevengeProtocol","Guardian:SphericShield"],"picked":"Guardian:HyperBeam_Guardian","floor":33},{"not_picked":["Guardian:Planning+1","Guardian:ChargeCore"],"picked":"Guardian:Recover+1","floor":37},{"not_picked":["Guardian:Gem_Cyan","Guardian:BodySlam"],"picked":"Guardian:RollAttack+1","floor":38},{"not_picked":["Guardian:Gem_White","Guardian:PrismaticBeam+1"],"picked":"Guardian:BronzeOrb+1","floor":39},{"not_picked":["Guardian:ShieldCharger+1","Guardian:Gem_Cyan"],"picked":"Guardian:EvasiveProtocol+1","floor":42}],"player_experience":31951,"relics_obtained":[{"floor":7,"key":"Meat on the Bone"},{"floor":12,"key":"Eternal Feather"},{"floor":17,"key":"Oddly Smooth Stone"},{"floor":17,"key":"Mercury Hourglass"},{"floor":17,"key":"Bird Faced Urn"},{"floor":24,"key":"Bronze Scales"},{"floor":31,"key":"Darkstone Periapt"},{"floor":40,"key":"Toy Ornithopter"},{"floor":41,"key":"Frozen Egg 2"}],"event_choices":[{"damage_healed":0,"gold_gain":0,"player_choice":"Relic","damage_taken":0,"max_hp_gain":0,"max_hp_loss":0,"event_name":"Wheel of Change","floor":40,"gold_loss":0}],"is_beta":false,"boss_relics":[{"not_picked":["SlaversCollar","bronze:MakeshiftBattery"],"picked":"Calling Bell"},{"not_picked":["Fusion Hammer","Coffee Dripper"],"picked":"Sozu"}],"items_purged_floors":[25],"is_endless":false,"potions_floor_spawned":[2,6,8,12,14,16,19,27,28,38,42],"killed_by":"Nemesis","ascension_level":0}}