{"host":"iphsb0ccnjx0pfn6","time":1611108498,"event":{"mods":["2.2 Compatiblity","AchievementEnabler","BaseMod","Colored Map","DeckTracker","Keyboard Shortcuts","Minty Spire (QoL Compilation)","Permanent Neow","Quick Restart","Relic Stats","StSLib","SuperFastMode","Uncapped","everything is the same but u backflip on backflip"],"gold_per_floor":[112,112,131,143,143,143,170,170,170,170,170,203,203,214,214,287,287,297,178,190,210,125,125,125],"floor_reached":23,"language":"KOR","playtime":884,"items_purged":["Strike_G"],"score":398,"play_id":"368ba400-23ca-4302-8bf7-cbea5a02ff6c","local_time":"20210120110818","is_ascension_mode":true,"campfire_choices":[{"data":"Noxious Fumes","floor":6.0,"key":"SMITH"},{"data":"Prepared","floor":11.0,"key":"SMITH"},{"data":"Tactician","floor":13.0,"key":"SMITH"},{"data":"Predator","floor":15.0,"key":"SMITH"}],"circlet_count":0,"master_deck":["AscendersBane","Strike_G","Strike_G+1","Strike_G+1","Defend_G","Defend_G","Defend_G","Defend_G","Defend_G","Survivor","Neutralize","Predator+1","Tactician+1","Noxious Fumes+1","Prepared+1","Escape Plan+1","Corpse Explosion+1","Footwork+1","Reflex+1","PiercingWail+1"],"relics":["Ring of the Snake","Snake Skull","Frozen Egg 2","Toxic Egg 2","Letter Opener","HoveringKite","White Beast Statue"],"acts_visited":["Exordium","TheCity"],"potions_floor_usage":[23],"damage_taken":[{"damage":0.0,"enemies":"Jaw Worm","floor":1.0,"turns":7.0},{"damage":4.0,"enemies":"Small Slimes","floor":3.0,"turns":4.0},{"damage":0.0,"enemies":"2 Louse","floor":4.0,"turns":2.0},{"damage":17.0,"enemies":"3 Sentries","floor":7.0,"turns":7.0},{"damage":19.0,"enemies":"Lagavulin","floor":12.0,"turns":7.0},{"damage":3.0,"enemies":"Blue Slaver","floor":14.0,"turns":4.0},{"damage":11.0,"enemies":"Slime Boss","floor":16.0,"turns":9.0},{"damage":21.0,"enemies":"2 Thieves","floor":18.0,"turns":3.0},{"damage":8.0,"enemies":"Chosen","floor":20.0,"turns":5.0},{"damage":1.0,"enemies":"Centurion and Healer","floor":21.0,"turns":6.0},{"damage":30,"enemies":"Book of Stabbing","floor":23,"turns":6}],"seed_played":"-32757352375232866","potions_obtained":[{"floor":1.0,"key":"DuplicationPotion"},{"floor":3.0,"key":"Regen Potion"},{"floor":16.0,"key":"Weak Potion"},{"floor":18.0,"key":"PowerPotion"},{"floor":21.0,"key":"Fruit Juice"}],"is_trial":false,"path_per_floor":["M","?","M","M","?","R","E","?","T","T","R","E","R","M","R","B",null,"M","$","M","M","?","E"],"character_chosen":"THE_SILENT","items_purchased":["Footwork+1"],"campfire_rested":0,"item_purchase_floors":[19],"current_hp_per_floor":[59,39,35,35,57,57,40,33,33,33,33,29,29,26,26,15,53,32,32,24,28,28,0,0],"gold":125,"neow_bonus":"RANDOM_COMMON_RELIC","is_daily":false,"chose_seed":false,"campfire_upgraded":4,"win_rate":0.0,"timestamp":1611108498,"path_taken":["M","?","M","M","?","R","E","?","T","?","R","E","R","M","R","BOSS","M","$","M","M","?","E"],"items_purchased_type":["Card"],"build_version":"2020-12-22","purchased_purges":1,"victory":false,"max_hp_per_floor":[66,66,66,66,66,66,66,66,66,66,66,66,66,66,66,66,66,66,66,66,71,71,71,71],"relic_stats":{"counters":[11,60],"HoveringKite":[10],"Snake Skull":[54],"Letter Opener":[80],"obtain_stats":[{"HoveringKite":17,"Snake Skull":0,"Letter Opener":12,"Frozen Egg 2":9,"Toxic Egg 2":10,"White Beast Statue":22,"Ring of the Snake":0},{"HoveringKite":7,"Snake Skull":0,"Letter Opener":5,"Frozen Egg 2":4,"Toxic Egg 2":4,"White Beast Statue":10,"Ring of the Snake":0},{"HoveringKite":40,"Snake Skull":0,"Letter Opener":27,"Frozen Egg 2":20,"Toxic Egg 2":20,"White Beast Statue":54,"Ring of the Snake":0}],"Ring of the Snake":[22]},"card_choices":[{"not_picked":["All Out Attack","PiercingWail"],"picked":"Predator","floor":1.0},{"not_picked":["Underhanded Strike","Prepared"],"picked":"Tactician","floor":3.0},{"not_picked":["Dagger Throw","Skewer"],"picked":"Noxious Fumes","floor":4.0},{"not_picked":["Bane","Quick Slash"],"picked":"Prepared","floor":7.0},{"not_picked":["Choke","Heel Hook"],"picked":"Escape Plan+1","floor":12.0},{"not_picked":["Distraction+1","Underhanded Strike","Flechettes"],"picked":"SKIP","floor":14.0},{"not_picked":["Adrenaline+1","Bullet Time+1"],"picked":"Corpse Explosion+1","floor":16.0},{"not_picked":["Dodge and Roll+1","Bane","Underhanded Strike"],"picked":"SKIP","floor":18.0},{"not_picked":["Endless Agony","Flechettes+1"],"picked":"Reflex+1","floor":20.0},{"not_picked":["Dagger Throw+1","Caltrops+1"],"picked":"PiercingWail+1","floor":21.0}],"player_experience":1268418,"relics_obtained":[{"floor":9.0,"key":"Frozen Egg 2"},{"floor":10.0,"key":"Toxic Egg 2"},{"floor":12.0,"key":"Letter Opener"}],"event_choices":[{"damage_healed":0.0,"max_hp_gain":0.0,"max_hp_loss":0.0,"gold_gain":0.0,"event_name":"Shining Light","player_choice":"Entered Light","floor":2.0,"gold_loss":0.0,"damage_taken":20.0,"cards_upgraded":["Strike_G","Strike_G"]},{"damage_healed":22.0,"max_hp_gain":0.0,"max_hp_loss":0.0,"gold_gain":0.0,"event_name":"Big Fish","player_choice":"Banana","floor":5.0,"gold_loss":0.0,"damage_taken":0.0},{"cards_removed":["Strike_G"],"damage_healed":0.0,"max_hp_gain":0.0,"max_hp_loss":0.0,"gold_gain":0.0,"event_name":"Golden Wing","player_choice":"Card Removal","floor":8.0,"gold_loss":0.0,"damage_taken":7.0},{"damage_healed":0.0,"max_hp_gain":0.0,"max_hp_loss":0.0,"gold_gain":0.0,"event_name":"Addict","player_choice":"Obtained Relic","floor":22.0,"gold_loss":85.0,"damage_taken":0.0,"relics_obtained":["White Beast Statue"]}],"is_beta":false,"boss_relics":[{"not_picked":["Coffee Dripper","WristBlade"],"picked":"HoveringKite"}],"items_purged_floors":[19],"is_endless":false,"potions_floor_spawned":[1,3,16,18,21],"killed_by":"Book of Stabbing","ascension_level":20}}