{"host":"ojezjkpqju62j8xy","time":1611130849,"event":{"mods":["ATMod(°¢èªMod)","Act Like it!","Aspiration","BaseMod","Conspire","Hermit","Minty Spire (QoL Compilation)","Pale of the Ancients","Replay The Spire","Spicy Shops","StSLib","¡¾ÒÅÎï¿¨ÅÆ¡¿REMEMod","²ÐÁôÖ®Îï"],"gold_per_floor":[114,129,192,142,152,177,194,194,194,229,229,229,241,241,241],"floor_reached":14,"language":"ZHS","playtime":484,"items_purged":[],"score":155,"play_id":"67f73957-6e61-4b5c-80c8-b76de3e5feb6","local_time":"20210120162049","is_ascension_mode":true,"campfire_choices":[{"floor":8,"key":"RECALL"},{"floor":11,"key":"REST"}],"circlet_count":0,"master_deck":["AscendersBane","Strike_B","Strike_B","Strike_B","Strike_B","Defend_B","Defend_B","Defend_B+1","Defend_B","Zap","Dualcast","AT_OneInchPunch","REME_ACTH+1","Heatsinks","REME_SelfUpgrade","Cold Snap","Capacitor","Hologram","Steam","Aggregate"],"relics":["Cracked Core","AT_ATBox","REME_ComplimentaryCards","Emotion Chip","War Paint","Replay:Ringing Soul","REME_PuzzleBoxRelic"],"acts_visited":["Exordium"],"potions_floor_usage":[13],"damage_taken":[{"damage":0,"enemies":"Cultist","floor":1,"turns":3},{"damage":0,"enemies":"Small Slimes","floor":2,"turns":2},{"damage":0,"enemies":"2 Louse","floor":5,"turns":1},{"damage":28,"enemies":"Gremlin Nob","floor":6,"turns":4},{"damage":2,"enemies":"2 Fungi Beasts","floor":7,"turns":2},{"damage":13,"enemies":"Lagavulin","floor":10,"turns":6},{"damage":1,"enemies":"Red Slaver","floor":13,"turns":2},{"damage":78,"enemies":"Gremlin Nob","floor":14,"turns":4}],"seed_played":"-413216942236377470","potions_obtained":[{"floor":2,"key":"PotionOfCapacity"},{"floor":7,"key":"SkillPotion"}],"is_trial":false,"path_per_floor":["M","M","?","?","M","E","M","R","T","E","R","?","M","E"],"character_chosen":"DEFECT","items_purchased":[],"campfire_rested":1,"item_purchase_floors":[],"current_hp_per_floor":[68,68,68,68,68,40,38,38,38,28,51,51,53,0,0],"gold":241,"neow_bonus":"ONE_RARE_RELIC","is_daily":false,"chose_seed":false,"campfire_upgraded":0,"win_rate":0.0,"timestamp":1611130849,"path_taken":["M","M","?","?","M","E","M","R","T","E","R","?","M","E"],"items_purchased_type":[],"build_version":"2020-12-22","purchased_purges":0,"victory":false,"max_hp_per_floor":[75,75,75,75,75,75,75,75,75,78,78,78,81,81,81],"card_choices":[{"not_picked":["Panic Button","ReplayTheSpireMod:Reroute Power"],"picked":"Heatsinks","floor":1},{"not_picked":["Tempest","Ball Lightning"],"picked":"REME_SelfUpgrade","floor":2},{"not_picked":["Rebound","Streamline"],"picked":"Cold Snap","floor":5},{"not_picked":["Streamline","AT_ThreeBodyProblem","Undo"],"picked":"Capacitor","floor":6},{"not_picked":["ReplayTheSpireMod:GoodbyeWorld","Fusion","Go for the Eyes"],"picked":"Hologram","floor":7},{"not_picked":["AT_HeatAcrobatics","Auto Shields","AT_StudyProgram"],"picked":"Steam","floor":10},{"not_picked":["Compile Driver","Coolheaded"],"picked":"Aggregate","floor":13}],"player_experience":1433897,"relics_obtained":[{"floor":6,"key":"War Paint"},{"floor":9,"key":"Replay:Ringing Soul"},{"floor":10,"key":"REME_PuzzleBoxRelic"}],"event_choices":[{"damage_healed":0,"gold_gain":63,"player_choice":"Gained Gold","damage_taken":0,"max_hp_gain":0,"max_hp_loss":0,"event_name":"Golden Wing","floor":3,"gold_loss":0},{"cards_removed":["conspire:Blindness"],"damage_healed":0,"gold_gain":0,"player_choice":"Card Removal","damage_taken":0,"max_hp_gain":0,"max_hp_loss":0,"event_name":"The Cleric","floor":4,"gold_loss":50},{"damage_healed":0,"gold_gain":0,"player_choice":"Leave","damage_taken":0,"max_hp_gain":0,"max_hp_loss":0,"event_name":"conspire:Investor","floor":12,"gold_loss":0}],"is_beta":false,"boss_relics":[],"items_purged_floors":[],"is_endless":false,"potions_floor_spawned":[2,7],"killed_by":"Gremlin Nob","ascension_level":11}}