{"host":"hfbeeaxchx6djfso","time":1611176981,"event":{"mods":["AchievementEnabler","Aspiration","BaseMod","Better Third Choice","Colored Map","Downfall","GungeonMod","Hermit","HololiveMod","Infinite Spire","Marisa????????","Minty Spire (QoL Compilation)","Rare Cards Sparkle","StSLib","The Cursed","The Servant 0.9.4","The Wild Card"],"gold_per_floor":[86,86,86,100,20,20,36,36,36,36,36,61,61,96,96,225,225,239,239,255,272,272,272,272,272],"floor_reached":24,"language":"ENG","playtime":1005,"items_purged":[],"score":269,"play_id":"a6f17696-7c38-4000-9fd5-e3daa82db7cd","local_time":"20210120180941","is_ascension_mode":false,"campfire_choices":[{"data":"Hololive_CallHimemoriLuna","floor":6,"key":"SMITH"},{"data":"Hololive_CallNakiriAyame","floor":10,"key":"SMITH"},{"data":"Hololive_CallUsadaPekora","floor":13,"key":"SMITH"},{"data":"Hololive_CallAZKi","floor":15,"key":"SMITH"},{"data":"Hololive_OvertimeWork","floor":23,"key":"SMITH"}],"circlet_count":0,"master_deck":["Hololive_StrengthChampion","Hololive_CallNakiriAyame+1","Hololive_CallMinatoAqua","Hololive_CallUsadaPekora+1","Hololive_CallAZKi+1","Hololive_CallHimemoriLuna+1","Hololive_HuntDinosaur","Hololive_OvertimeWork+1","Hololive_CandyCastle","Hololive_CallManoAloe","Hololive_CallKiryuuCoco","Hololive_CallOzoraSubaru","Hololive_MaximGun","Hololive_DevilCharm+1","Hololive_Recruit+1","Hololive_ScarfAndHalo+1","Hololive_RevenueBasedLive+1","Hololive_CallMomosuzuNene+2","Hololive_CallAkaiHaato","Insight"],"relics":["Hololive_TheStar","NeowsBlessing","Golden Idol","infinitespire:ShieldingShard","Ice Cream","Astrolabe"],"acts_visited":["Exordium","TheCity"],"potions_floor_usage":[],"damage_taken":[{"damage":0,"enemies":"2 Louse","floor":1,"turns":2},{"damage":0,"enemies":"Small Slimes","floor":4,"turns":2},{"damage":0,"enemies":"Cultist","floor":7,"turns":1},{"damage":0,"enemies":"Looter","floor":12,"turns":3},{"damage":0,"enemies":"Lagavulin","floor":14,"turns":5},{"damage":0,"enemies":"Hexaghost","floor":16,"turns":7},{"damage":0,"enemies":"3 Byrds","floor":18,"turns":4},{"damage":0,"enemies":"Chosen","floor":20,"turns":4},{"damage":0,"enemies":"Snecko","floor":21,"turns":4},{"damage":37,"enemies":"Slavers","floor":24,"turns":2}],"seed_played":"1701150471865547917","potions_obtained":[{"floor":1,"key":"Regen Potion"},{"floor":12,"key":"PowerPotion"},{"floor":16,"key":"Strength Potion"},{"floor":19,"key":"SkillPotion"}],"is_trial":false,"path_per_floor":["M","?","?","M","$","R","M","$","T","R","?","M","R","E","R","B",null,"M","?","M","M","?","R","E"],"character_chosen":"Hololive_HololiveCharacter","items_purchased":["Hololive_CandyCastle"],"campfire_rested":0,"item_purchase_floors":[5],"current_hp_per_floor":[35,27,27,27,27,27,27,27,27,27,27,27,27,27,27,27,35,35,35,35,35,35,35,0,0],"gold":272,"neow_bonus":"THREE_ENEMY_KILL","is_daily":false,"chose_seed":false,"campfire_upgraded":5,"win_rate":0.0,"timestamp":1611176981,"path_taken":["M","?","?","M","$","R","M","$","T","R","?","?","R","E","R","BOSS","M","?","?","M","?","R","E"],"items_purchased_type":["Card"],"build_version":"2020-12-22","purchased_purges":0,"victory":false,"max_hp_per_floor":[35,35,35,35,35,35,35,35,35,35,35,35,35,35,35,35,35,35,35,35,35,35,35,35,35],"card_choices":[{"not_picked":["Hololive_BringToTrial","Hololive_Drill","Hololive_LuckPotion"],"picked":"Hololive_HuntDinosaur","floor":1},{"not_picked":["Hololive_Rebound","Hololive_Trident","Hololive_StrengthChampion"],"picked":"Hololive_OvertimeWork","floor":4},{"not_picked":["Hololive_OvertimeWork","Hololive_CallNakiriAyame","Hololive_Sequa"],"picked":"Hololive_CallManoAloe","floor":7},{"not_picked":["Hololive_Trident","Hololive_StrengthChampion","Hololive_CallNakiriAyame"],"picked":"Hololive_CallKiryuuCoco","floor":12},{"not_picked":["Hololive_Breathe","Hololive_CallAiraniIofifteen","Hololive_CallMoonaHoshinova"],"picked":"Hololive_CallOzoraSubaru","floor":14},{"not_picked":["Hololive_Recruit","Hololive_HighAtkLowDef","Hololive_Thief"],"picked":"Hololive_MaximGun","floor":16},{"not_picked":["Hololive_CallManoAloe","Hololive_Psychosis","Hololive_StrengthChampion+1"],"picked":"Hololive_RevenueBasedLive+1","floor":18},{"not_picked":["Hololive_RevenueBasedLive","Hololive_Trident+1","Hololive_Sequa"],"picked":"Hololive_CallMomosuzuNene","floor":20},{"not_picked":["Hololive_RevenueBasedLive+1","Hololive_Recruit","Hololive_FlyingPonyTail"],"picked":"Hololive_CallAkaiHaato","floor":21}],"player_experience":127449,"relics_obtained":[{"floor":9,"key":"infinitespire:ShieldingShard"},{"floor":14,"key":"Ice Cream"}],"event_choices":[{"damage_healed":0,"gold_gain":0,"player_choice":"Take Damage","damage_taken":8,"relics_obtained":["Golden Idol"],"max_hp_gain":0,"max_hp_loss":0,"event_name":"Golden Idol","floor":2,"gold_loss":0},{"cards_removed":["Hololive_Strike"],"damage_healed":0,"gold_gain":0,"player_choice":"Forget","damage_taken":0,"max_hp_gain":0,"max_hp_loss":0,"event_name":"Living Wall","floor":3,"gold_loss":0},{"damage_healed":0,"gold_gain":0,"player_choice":"Ignored","damage_taken":0,"max_hp_gain":0,"max_hp_loss":0,"event_name":"NoteForYourself","floor":11,"gold_loss":0},{"damage_healed":0,"gold_gain":0,"player_choice":"Got Potions","damage_taken":0,"max_hp_gain":0,"max_hp_loss":0,"event_name":"Lab","floor":19,"gold_loss":0},{"damage_healed":0,"gold_gain":0,"player_choice":"Insight","damage_taken":0,"max_hp_gain":0,"max_hp_loss":0,"event_name":"betterThird:BetterWriting","floor":22,"gold_loss":0,"cards_obtained":["Insight"]}],"is_beta":false,"boss_relics":[{"not_picked":["aspiration:RunicSpoon","Empty Cage"],"picked":"Astrolabe"}],"items_purged_floors":[],"is_endless":false,"potions_floor_spawned":[1,12,16,21],"killed_by":"Slavers","ascension_level":0}}