{"host":"bdmpeii1zp0n0r13","time":1611111853,"event":{"mods":["BaseMod","Googly Eyes","Marisa????????","Minty Spire (QoL Compilation)","StSLib"],"gold_per_floor":[112,112,112,14,39,82,82,142,142,181,131,78,120,219,219,363,363,428,495,495,495,495],"floor_reached":21,"language":"ENG","playtime":1312,"items_purged":["Strike_MRS"],"score":207,"play_id":"396ebf24-9249-4adc-9bfb-3d92f68794aa","local_time":"20210120140413","is_ascension_mode":true,"campfire_choices":[{"data":"WitchOfGreed","floor":7,"key":"SMITH"},{"floor":15,"key":"REST"}],"circlet_count":0,"master_deck":["Strike_MRS","Strike_MRS+1","Defend_MRS","Defend_MRS+1","MasterSpark","UpSweep","BinaryStars","EarthLightRay","WitchOfGreed+1","DC","DeepEcoloBomb","StarBarrage","WitchOfGreed","WitchOfGreed","GalacticHalo","UltimateShortwave","ChargeUpSpray","MaximisePower","AlicesGift"],"relics":["MiniHakkero","Sundial","Dream Catcher","Regal Pillow","MealTicket","Empty Cage","Blue Candle"],"acts_visited":["Exordium","TheCity"],"potions_floor_usage":[6,8,8,10,13,14,14,14,16,19,21],"damage_taken":[{"damage":5,"enemies":"Small Slimes","floor":1,"turns":2},{"damage":2,"enemies":"Jaw Worm","floor":5,"turns":5},{"damage":18,"enemies":"Lagavulin","floor":6,"turns":5},{"damage":31,"enemies":"3 Sentries","floor":8,"turns":6},{"damage":0,"enemies":"Cultist","floor":10,"turns":2},{"damage":2,"enemies":"Gremlin Gang","floor":13,"turns":4},{"damage":11,"enemies":"Gremlin Nob","floor":14,"turns":4},{"damage":17,"enemies":"Hexaghost","floor":16,"turns":9},{"damage":6,"enemies":"Shell Parasite","floor":18,"turns":6},{"damage":48,"enemies":"3 Byrds","floor":19,"turns":7},{"damage":31,"enemies":"Snake Plant","floor":21,"turns":4}],"seed_played":"-5568102474431965735","potions_obtained":[{"floor":1,"key":"StarNLove"},{"floor":5,"key":"SneckoOil"},{"floor":5,"key":"Weak Potion"},{"floor":6,"key":"LiquidBronze"},{"floor":8,"key":"AttackPotion"},{"floor":10,"key":"PowerPotion"},{"floor":13,"key":"BlessingOfTheForge"},{"floor":13,"key":"Regen Potion"},{"floor":14,"key":"PowerPotion"},{"floor":14,"key":"ColorlessPotion"},{"floor":18,"key":"BlessingOfTheForge"},{"floor":19,"key":"CultistPotion"}],"is_trial":false,"path_per_floor":["M","?","?","$","M","E","R","E","T","M","?","$","M","E","R","B",null,"M","M","T","M"],"character_chosen":"MARISA","items_purchased":["WitchOfGreed","WitchOfGreed"],"campfire_rested":1,"item_purchase_floors":[4,12],"current_hp_per_floor":[70,55,55,55,57,43,43,16,16,16,16,16,18,19,56,43,75,69,25,25,0,0],"gold":495,"neow_bonus":"ONE_RANDOM_RARE_CARD","is_daily":false,"chose_seed":false,"campfire_upgraded":1,"win_rate":0.0,"timestamp":1611111853,"path_taken":["M","?","?","$","M","E","R","E","T","M","?","?","M","E","R","BOSS","M","M","?","M"],"items_purchased_type":["Card","Card"],"build_version":"2020-12-22","purchased_purges":1,"victory":false,"max_hp_per_floor":[75,75,75,75,75,75,75,75,75,75,75,75,75,75,75,75,75,75,75,75,75,75],"card_choices":[{"not_picked":["OpenUniverse","FairyDestructionRay"],"picked":"EarthLightRay","floor":1},{"not_picked":["LuminesStrike","NonDirectionalLaser"],"picked":"DC","floor":5},{"not_picked":["MachineGunSpark","Robbery"],"picked":"DeepEcoloBomb","floor":6},{"not_picked":["MilkyWay","PropBag"],"picked":"StarBarrage","floor":8},{"not_picked":["LuminesStrike","Singularity"],"picked":"WitchOfGreed","floor":10},{"not_picked":["Acceleration","NonDirectionalLaser"],"picked":"GalacticHalo","floor":13},{"not_picked":["SprinkleStarSeal","6A"],"picked":"UltimateShortwave","floor":14},{"not_picked":["AsteroidBelt","MysteriousBeam"],"picked":"ChargeUpSpray","floor":15},{"not_picked":["JA","SatelliteIllusion"],"picked":"MaximisePower","floor":16},{"not_picked":["MagicAbsorber","PowerUp"],"picked":"AlicesGift","floor":18},{"not_picked":["GalacticHalo","LuminesStrike+1","ShootingEcho+1"],"picked":"SKIP","floor":19}],"player_experience":678635,"relics_obtained":[{"floor":6,"key":"Sundial"},{"floor":8,"key":"Dream Catcher"},{"floor":9,"key":"Regal Pillow"},{"floor":14,"key":"MealTicket"},{"floor":20,"key":"Blue Candle"}],"event_choices":[{"damage_healed":0,"gold_gain":0,"player_choice":"Entered Light","damage_taken":15,"max_hp_gain":0,"max_hp_loss":0,"event_name":"Shining Light","floor":2,"gold_loss":0,"cards_upgraded":["Defend_MRS","Strike_MRS"]},{"damage_healed":0,"gold_gain":0,"player_choice":"Ignored","damage_taken":0,"max_hp_gain":0,"max_hp_loss":0,"event_name":"Liars Game","floor":3,"gold_loss":0},{"cards_removed":["Strike_MRS"],"damage_healed":0,"gold_gain":0,"player_choice":"Card Removal","damage_taken":0,"max_hp_gain":0,"max_hp_loss":0,"event_name":"The Cleric","floor":11,"gold_loss":50}],"is_beta":false,"boss_relics":[{"not_picked":["Ectoplasm","Cursed Key"],"picked":"Empty Cage"}],"items_purged_floors":[4],"is_endless":false,"potions_floor_spawned":[1,5,13,18],"killed_by":"Snake Plant","ascension_level":1}}