{"host":"urvvf8749ekcxo1a","time":1611112666,"event":{"mods":["AchievementEnabler","BaseMod","Better Sensory Stone","BetterRewards","Colored Powertips","Evolution","Gold Saver","Marisa????????","Minty Spire (QoL Compilation)","Quick Restart","StSLib","SuperFastMode","The Cursed","The Hierophant","The Saiyan","The Servant 0.9.4","The Wild Card"],"gold_per_floor":[1461,1475,1095,1105,630,630,647,677,677,709,719,740,740,740,740,740,740],"floor_reached":16,"language":"ENG","playtime":476,"items_purged":["Strike_G"],"score":110,"play_id":"143c0c03-c5c8-4746-a24c-8e14a879a111","local_time":"20210119221746","is_ascension_mode":false,"campfire_choices":[{"data":"Catalyst","floor":6,"key":"SMITH"},{"floor":15,"key":"REST"}],"circlet_count":0,"master_deck":["Strike_G","Strike_G","Strike_G","Strike_G","Defend_G","Defend_G","Defend_G","Survivor","Neutralize","Dagger Throw","Poisoned Stab","Catalyst+1","Catalyst+1","Poisoned Stab","Dagger Spray","Skewer","Envenom","Crippling Poison","Quick Slash","All Out Attack","Clumsy"],"relics":["Ring of the Snake","EVO:Axolotl","Oddly Smooth Stone","DollysMirror","Chemical X","Paper Crane","CaptainsWheel","Ornamental Fan","Matryoshka","Odd Mushroom"],"acts_visited":["Exordium"],"potions_floor_usage":[12,12,16],"damage_taken":[{"damage":0,"enemies":"Cultist","floor":1,"turns":3},{"damage":0,"enemies":"Jaw Worm","floor":2,"turns":4},{"damage":7,"enemies":"Small Slimes","floor":4,"turns":3},{"damage":6,"enemies":"Looter","floor":7,"turns":2},{"damage":10,"enemies":"Lagavulin","floor":8,"turns":4},{"damage":31,"enemies":"3 Sentries","floor":10,"turns":7},{"damage":0,"enemies":"Exordium Wildlife","floor":11,"turns":3},{"damage":4,"enemies":"The Mushroom Lair","floor":12,"turns":3},{"damage":24,"enemies":"The Guardian","floor":16,"turns":4}],"seed_played":"-5126318641201973232","potions_obtained":[{"floor":2,"key":"EssenceOfSteel"},{"floor":8,"key":"GhostInAJar"},{"floor":10,"key":"Weak Potion"}],"is_trial":false,"path_per_floor":["M","M","$","M","$","R","M","E","T","E","M","?","?","?","R","B"],"character_chosen":"THE_SILENT","items_purchased":["Oddly Smooth Stone","Catalyst","DollysMirror","Chemical X","Paper Crane"],"campfire_rested":1,"item_purchase_floors":[3,3,3,5,5],"current_hp_per_floor":[63,63,63,56,56,56,50,40,40,9,9,5,5,5,23,0,0],"gold":740,"neow_bonus":"REMOVE_TWO","is_daily":false,"chose_seed":false,"campfire_upgraded":1,"win_rate":0.0,"timestamp":1611112666,"path_taken":["M","M","$","M","$","R","M","E","T","E","M","?","?","?","R","BOSS"],"items_purchased_type":["Relic","Card","Relic","Relic","Relic"],"build_version":"2020-12-22","purchased_purges":1,"victory":false,"max_hp_per_floor":[63,63,63,63,63,63,63,63,63,63,63,63,63,63,63,63,63],"card_choices":[{"not_picked":["PiercingWail","Acrobatics"],"picked":"Dagger Throw","floor":1},{"not_picked":["Bane","Choke"],"picked":"Poisoned Stab","floor":2},{"not_picked":["Finisher","Dodge and Roll"],"picked":"Poisoned Stab","floor":4},{"not_picked":["Poisoned Stab","Dodge and Roll"],"picked":"Dagger Spray","floor":7},{"not_picked":["Flying Knee","Slice"],"picked":"Skewer","floor":8},{"not_picked":["Glass Knife","Quick Slash"],"picked":"Envenom","floor":10},{"not_picked":["Leg Sweep","Acrobatics"],"picked":"Crippling Poison","floor":11},{"not_picked":["Poisoned Stab","Outmaneuver"],"picked":"Quick Slash","floor":12}],"player_experience":122613,"relics_obtained":[{"floor":8,"key":"CaptainsWheel"},{"floor":9,"key":"Ornamental Fan"},{"floor":10,"key":"Matryoshka"},{"floor":12,"key":"Odd Mushroom"}],"event_choices":[{"damage_healed":0,"gold_gain":0,"player_choice":"Fought Mushrooms","damage_taken":0,"max_hp_gain":0,"max_hp_loss":0,"event_name":"Mushrooms","floor":12,"gold_loss":0},{"damage_healed":0,"gold_gain":0,"player_choice":"Grow","damage_taken":0,"max_hp_gain":0,"max_hp_loss":0,"event_name":"Living Wall","floor":13,"gold_loss":0,"cards_upgraded":["Catalyst"]},{"damage_healed":0,"gold_gain":0,"player_choice":"2 cards matched","damage_taken":0,"max_hp_gain":0,"max_hp_loss":0,"event_name":"Match and Keep!","floor":14,"gold_loss":0,"cards_obtained":["All Out Attack","Clumsy"]}],"is_beta":false,"boss_relics":[],"items_purged_floors":[5],"is_endless":false,"potions_floor_spawned":[2,8,10],"killed_by":"The Guardian","ascension_level":0}}