{"host":"gsgpu9obojnqwpp0","time":1611108831,"event":{"mods":["2.2 Compatiblity","AchievementEnabler","Alarm Clock","BaseMod","Bestiary","Block Reminder","Dark Map","DeckTracker","Highlight Path","Minty Spire (QoL Compilation)","Permanent Neow","Quick Restart","Relic Stats","Slay-I","SuperFastMode","Uncapped","slay the spire mod where everything is the same but ironclad has a cowboy hat"],"gold_per_floor":[117,117,42,61,61,61,21,21,97,123,298,12,29,40,40,141,141,161,181,197,213,19,19,19],"floor_reached":23,"language":"ENG","playtime":876,"items_purged":["Strike_R","Doubt"],"score":248,"play_id":"768852ab-4ec3-44c6-b48f-453f43d43e9d","local_time":"20210119211351","is_ascension_mode":true,"campfire_choices":[{"data":"Defend_R","floor":6,"key":"SMITH"},{"data":"Searing Blow","floor":8,"key":"SMITH"},{"data":"Searing Blow+1","floor":15,"key":"SMITH"}],"circlet_count":0,"master_deck":["Strike_R","Strike_R","Strike_R","Strike_R","Defend_R+1","Defend_R","Defend_R","Defend_R","Bash","Searing Blow+2","Metallicize","Disarm","Barricade","Ghostly Armor+1","Carnage","Reckless Charge","Feel No Pain"],"relics":["Burning Blood","NeowsBlessing","Vajra","The Courier","Dream Catcher","CaptainsWheel","Snecko Eye"],"acts_visited":["Exordium","TheCity"],"potions_floor_usage":[18,20,20,21],"damage_taken":[{"damage":0,"enemies":"2 Louse","floor":1,"turns":1},{"damage":0,"enemies":"Cultist","floor":4,"turns":1},{"damage":0,"enemies":"3 Sentries","floor":10,"turns":2},{"damage":0,"enemies":"Small Slimes","floor":13,"turns":3},{"damage":8,"enemies":"Looter","floor":14,"turns":4},{"damage":30,"enemies":"Slime Boss","floor":16,"turns":12},{"damage":19,"enemies":"Shell Parasite","floor":18,"turns":6},{"damage":7,"enemies":"Chosen","floor":19,"turns":4},{"damage":18,"enemies":"Centurion and Healer","floor":20,"turns":9},{"damage":7,"enemies":"Snake Plant","floor":21,"turns":5},{"damage":56,"enemies":"Book of Stabbing","floor":23,"turns":6}],"seed_played":"-6902258944267533833","potions_obtained":[{"floor":4,"key":"Block Potion"},{"floor":14,"key":"FearPotion"},{"floor":16,"key":"LiquidMemories"},{"floor":19,"key":"BlessingOfTheForge"}],"is_trial":false,"path_per_floor":["M","?","$","M","$","R","$","R","T","E","?","$","M","M","R","B",null,"M","M","M","M","$","E"],"character_chosen":"IRONCLAD","items_purchased":["Searing Blow","Metallicize","CaptainsWheel","Reckless Charge","Feel No Pain"],"campfire_rested":0,"item_purchase_floors":[7,12,12,22,22],"current_hp_per_floor":[80,80,80,80,80,80,80,80,80,80,80,80,80,78,78,54,80,67,66,54,53,53,0,0],"gold":19,"neow_bonus":"THREE_ENEMY_KILL","is_daily":false,"chose_seed":false,"campfire_upgraded":3,"win_rate":0.0,"timestamp":1611108831,"path_taken":["M","?","$","M","?","R","$","R","T","E","?","$","M","M","R","BOSS","M","M","M","M","$","E"],"items_purchased_type":["Card","Card","Relic","Card","Card"],"build_version":"2020-12-22","purchased_purges":2,"victory":false,"max_hp_per_floor":[80,80,80,80,80,80,80,80,80,80,80,80,80,80,80,80,80,80,80,80,80,80,80,80],"relic_stats":{"Dream Catcher":0,"counters":[11,53],"Snecko Eye":[39,47,53,49],"obtain_stats":[{"Dream Catcher":10,"CaptainsWheel":12,"NeowsBlessing":0,"Vajra":2,"Snecko Eye":17,"The Courier":9,"Burning Blood":0},{"Dream Catcher":3,"CaptainsWheel":3,"NeowsBlessing":0,"Vajra":1,"Snecko Eye":6,"The Courier":2,"Burning Blood":0},{"Dream Catcher":4,"CaptainsWheel":4,"NeowsBlessing":0,"Vajra":1,"Snecko Eye":23,"The Courier":2,"Burning Blood":0}],"Burning Blood":36},"card_choices":[{"not_picked":["Clothesline","Heavy Blade"],"picked":"Clash","floor":1},{"not_picked":["Cleave","Headbutt","Clothesline"],"picked":"SKIP","floor":4},{"not_picked":["Body Slam","Perfected Strike","Headbutt"],"picked":"SKIP","floor":10},{"not_picked":["Headbutt","Cleave","Anger"],"picked":"SKIP","floor":13},{"not_picked":["Body Slam","Perfected Strike"],"picked":"Disarm","floor":14},{"not_picked":["Offering","Feed"],"picked":"Barricade","floor":16},{"not_picked":["Iron Wave","Twin Strike","Thunderclap"],"picked":"SKIP","floor":18},{"not_picked":["Pommel Strike","Iron Wave"],"picked":"Ghostly Armor+1","floor":19},{"not_picked":["Anger+1","Cleave+1"],"picked":"Carnage","floor":20},{"not_picked":["Pummel","Cleave","Pommel Strike"],"picked":"SKIP","floor":21}],"player_experience":265100,"relics_obtained":[{"floor":9,"key":"The Courier"},{"floor":10,"key":"Dream Catcher"}],"event_choices":[{"cards_removed":["Clash"],"damage_healed":0,"gold_gain":0,"player_choice":"Gave Card","damage_taken":0,"relics_obtained":["Vajra"],"max_hp_gain":0,"max_hp_loss":0,"event_name":"WeMeetAgain","floor":2,"gold_loss":0},{"damage_healed":0,"gold_gain":175,"player_choice":"AGREE","damage_taken":0,"max_hp_gain":0,"max_hp_loss":0,"event_name":"Liars Game","floor":11,"gold_loss":0,"cards_obtained":["Doubt"]}],"is_beta":false,"boss_relics":[{"not_picked":["Ectoplasm","SacredBark"],"picked":"Snecko Eye"}],"items_purged_floors":[3,22],"is_endless":false,"potions_floor_spawned":[4,14,16,19],"killed_by":"Book of Stabbing","ascension_level":3}}