{"host":"pf9sh7nh6rpu9sau","time":1611117873,"event":{"mods":["2.2 Compatiblity","BaseMod","BetterRewards","Clockwork Mod","Downfall","Hermit","Mad Scientist","Minty Spire (QoL Compilation)","Permanent Neow","Quick Restart","Somnambulant","StSLib","The Clintock","The Cursed","The Disciple","The Hierophant","The Necromancer","The Runesmith"],"gold_per_floor":[349,368,368,386,400,417,417,517,548,24,24,24,9,42,62,157,157,57,72,72,88,88,88,161,85,113,132,147,21,21,49,59,59,59,59],"floor_reached":33,"language":"ENG","playtime":3441,"items_purged":["champ:Strike"],"score":395,"play_id":"46d8c03f-68c4-43e8-a97c-549fda481e36","local_time":"20210119234433","is_ascension_mode":false,"campfire_choices":[{"data":"champ:Execute","floor":1,"key":"SMITH"},{"data":"champ:Duel","floor":11,"key":"SMITH"},{"data":"champ:CheapShot","floor":18,"key":"SMITH"},{"data":"champ:UltimateStance","floor":30,"key":"SMITH"}],"circlet_count":0,"master_deck":["champ:Defend","champ:Defend","champ:Defend","champ:Execute+1","champ:Taunt+1","champ:Duel+1","champ:Shatter+1","champ:AdrenalArmor","champ:StanceDance","champ:BringItOn","champ:ArenaPreparation","champ:RageSigil","champ:StanceDance","champ:BerserkersShout","champ:EndlessRage+1","champ:CheapShot+1","J.A.X.","champ:BerserkerStyle+1","RitualDagger","champ:UltimateStance+1","champ:CheapShot+1","champ:EndlessRage+1","champ:ShieldWall+1","champ:Backstep","champ:HeartStrike+1"],"relics":["champ:ChampionCrown","The Courier","Lantern","Whetstone","Frozen Egg 2","Sling","champ:FightingForDummies","Sozu","downfall:HeartBlessingGreen","Shuriken","DollysMirror","Vajra","Anchor","Frozen Eye","MealTicket"],"acts_visited":["Exordium","TheCity"],"potions_floor_usage":[8,8,8,8,9,16,26,33],"damage_taken":[{"damage":13,"enemies":"Jaw Worm","floor":2,"turns":5},{"damage":0,"enemies":"Cultist","floor":4,"turns":3},{"damage":10,"enemies":"2 Louse","floor":5,"turns":2},{"damage":28,"enemies":"Large Slime","floor":6,"turns":5},{"damage":35,"enemies":"downfall:Heads","floor":8,"turns":5},{"damage":67,"enemies":"3 Sentries","floor":9,"turns":9},{"damage":35,"enemies":"downfall:FleeingMerchant","floor":10,"turns":4},{"damage":79,"enemies":"downfall:FleeingMerchant","floor":13,"turns":4},{"damage":52,"enemies":"Lagavulin","floor":14,"turns":4},{"damage":15,"enemies":"Blue Slaver","floor":15,"turns":2},{"damage":62,"enemies":"IC_STATUS_ARCHETYPE","floor":16,"turns":6},{"damage":60,"enemies":"Chosen","floor":19,"turns":3},{"damage":35,"enemies":"Shell Parasite","floor":21,"turns":3},{"damage":69,"enemies":"downfall:FleeingMerchant","floor":25,"turns":4},{"damage":89,"enemies":"Gremlin Leader","floor":26,"turns":7},{"damage":58,"enemies":"Snake Plant","floor":27,"turns":5},{"damage":86,"enemies":"Centurion and Healer","floor":28,"turns":6},{"damage":80,"enemies":"Slavers","floor":31,"turns":5},{"damage":85,"enemies":"3 Cultists","floor":32,"turns":5},{"damage":89,"enemies":"DF_ARCHETYPE_CLAW","floor":33,"turns":5}],"seed_played":"-1508688421989226263","potions_obtained":[{"floor":2,"key":"EntropicBrew"},{"floor":4,"key":"champ:CounterPotion"},{"floor":5,"key":"EssenceOfSteel"},{"floor":14,"key":"Weak Potion"},{"floor":15,"key":"PowerPotion"},{"floor":16,"key":"DistilledChaos"}],"is_trial":false,"path_per_floor":["R","M","?","M","M","M","T","?","E","$","R","?","$","E","M","B",null,"R","M","?","M","?","?","T","$","E","M","M","$","R","E","M","B"],"character_chosen":"THE_CHAMP","items_purchased":["Whetstone","Frozen Egg 2","Sling","DollysMirror","Vajra","champ:EndlessRage+1","champ:ShieldWall+1","champ:Backstep","Frozen Eye"],"campfire_rested":0,"item_purchase_floors":[10,10,10,25,25,25,25,25,29],"current_hp_per_floor":[81,78,63,63,63,60,60,60,38,38,38,38,38,38,38,38,81,81,81,81,76,70,70,70,67,59,56,53,53,53,36,30,0,0,0],"gold":59,"neow_bonus":"TWO_FIFTY_GOLD","is_daily":false,"chose_seed":false,"campfire_upgraded":4,"win_rate":0.0,"timestamp":1611117873,"path_taken":["R","M","?","?","M","M","T","?","E","$","R","?","?","E","M","BOSS","R","M","?","M","?","?","T","$","E","?","M","?","R","E","M","BOSS"],"items_purchased_type":["Relic","Relic","Relic","Relic","Relic","Card","Card","Card","Relic"],"build_version":"2020-12-22","purchased_purges":1,"victory":false,"max_hp_per_floor":[81,81,81,81,81,81,81,81,81,81,81,81,81,81,81,81,81,81,81,81,81,81,81,81,81,81,81,81,81,81,81,81,81,81,81],"card_choices":[{"not_picked":["champ:FaceSlap","champ:ShieldSigil"],"picked":"champ:Duel","floor":2},{"not_picked":["champ:Duel","champ:PreemptiveStrike"],"picked":"champ:Shatter","floor":4},{"not_picked":["champ:DefensiveShout","champ:Backstep"],"picked":"champ:AdrenalArmor","floor":5},{"not_picked":["champ:Backstep","champ:AdrenalArmor"],"picked":"champ:StanceDance","floor":6},{"not_picked":["champ:BladeFlurry","champ:TornadoPunch"],"picked":"champ:ArenaPreparation","floor":9},{"not_picked":["champ:BladeFlurry","champ:AdrenalArmor"],"picked":"champ:RageSigil","floor":10},{"not_picked":["champ:HeavySlash","champ:Backstep"],"picked":"champ:StanceDance","floor":13},{"not_picked":["champ:PerfectedStrike","champ:RageSigil"],"picked":"champ:BerserkersShout","floor":14},{"not_picked":["champ:StanceDance","champ:BladeFlurry"],"picked":"champ:EndlessRage+1","floor":15},{"not_picked":["champ:EnchantSword","champ:ShieldThrow"],"picked":"champ:CheapShot","floor":16},{"not_picked":["champ:StanceDance","champ:GutPunch","champ:RisingSlash"],"picked":"SKIP","floor":19},{"not_picked":["champ:Encircle","champ:DeathBlow"],"picked":"champ:BerserkerStyle+1","floor":21},{"not_picked":["champ:Parry+1","champ:StanceDance"],"picked":"champ:UltimateStance","floor":25},{"not_picked":["champ:FalseCounter","champ:BerserkersShout+1","champ:CrownThrow"],"picked":"SKIP","floor":26},{"not_picked":["champ:FalseCounter","champ:BerserkersShout+1","champ:CrownThrow"],"picked":"SKIP","floor":26},{"not_picked":["champ:BladeFlurry+1","champ:FlashCut","champ:BerserkersShout"],"picked":"SKIP","floor":27},{"not_picked":["champ:SkillfulDodge","champ:SwordSigil"],"picked":"champ:HeartStrike+1","floor":28},{"not_picked":["champ:BladeFlurry","champ:ShieldSigil","champ:AdrenalArmor"],"picked":"SKIP","floor":31},{"not_picked":["champ:ArenaPreparation","champ:SkillfulDodge","champ:Circumvent+1"],"picked":"SKIP","floor":32}],"player_experience":802071,"relics_obtained":[{"floor":7,"key":"The Courier"},{"floor":9,"key":"Lantern"},{"floor":14,"key":"champ:FightingForDummies"},{"floor":24,"key":"Shuriken"},{"floor":26,"key":"Anchor"},{"floor":31,"key":"MealTicket"}],"event_choices":[{"damage_healed":0,"gold_gain":0,"player_choice":"Obtain J.A.X.","damage_taken":0,"max_hp_gain":0,"max_hp_loss":0,"event_name":"Drug Dealer","floor":20,"gold_loss":0,"cards_obtained":["J.A.X."]}],"is_beta":false,"boss_relics":[{"not_picked":["Pandora\u0027s Box","Empty Cage"],"picked":"Sozu"}],"items_purged_floors":[10],"is_endless":false,"potions_floor_spawned":[2,4,5,14,15,16,19,21,26,27,32],"killed_by":"DF_ARCHETYPE_CLAW","ascension_level":0}}