{"host":"sav7uxregyirlf69","time":1611144154,"event":{"mods":["AchievementEnabler","BaseMod","Colored Map","DeckTracker","Keyboard Shortcuts","Minty Spire (QoL Compilation)","READ ME - Guardian Mod","StSLib","SuperFastMode"],"gold_per_floor":[113,113,113,136,5,5,20,20,66,87,105,148,148,191,191,284,284,302,352,368,316,68,68,108,3,3,3,3],"floor_reached":27,"language":"KOR","playtime":445,"items_purged":["Strike_R","Strike_R"],"score":578,"play_id":"67394fdc-71ea-4fd3-8319-a6a94115836f","local_time":"20210120210234","is_ascension_mode":true,"campfire_choices":[{"data":"Mayhem","floor":6,"key":"SMITH"},{"data":"Fire Breathing","floor":8,"key":"SMITH"},{"floor":13,"key":"REST"},{"data":"Burning Pact","floor":15,"key":"SMITH"},{"data":"Barricade","floor":23,"key":"SMITH"}],"circlet_count":0,"master_deck":["AscendersBane","Strike_R","Strike_R","Defend_R","Defend_R","Defend_R","Defend_R","Bash+1","Mayhem+1","Uppercut+1","Fire Breathing+1","Wild Strike","Shrug It Off","Anger","Burning Pact+1","Offering","Barricade+1","Ghostly Armor","Second Wind","Feel No Pain","Battle Trance","Finesse"],"relics":["Burning Blood","Golden Idol","Whetstone","Darkstone Periapt","Pear","Sozu","MawBank","Peace Pipe","Kunai"],"acts_visited":["Exordium","TheCity"],"potions_floor_usage":[16,24],"damage_taken":[{"damage":7,"enemies":"Small Slimes","floor":1,"turns":4},{"damage":9,"enemies":"2 Louse","floor":4,"turns":3},{"damage":2,"enemies":"Jaw Worm","floor":7,"turns":3},{"damage":2,"enemies":"2 Fungi Beasts","floor":10,"turns":4},{"damage":19,"enemies":"Large Slime","floor":11,"turns":5},{"damage":12,"enemies":"Lagavulin","floor":12,"turns":7},{"damage":13,"enemies":"3 Sentries","floor":14,"turns":3},{"damage":6,"enemies":"Slime Boss","floor":16,"turns":5},{"damage":22,"enemies":"3 Byrds","floor":18,"turns":4},{"damage":35,"enemies":"2 Thieves","floor":20,"turns":4},{"damage":18,"enemies":"Book of Stabbing","floor":24,"turns":5},{"damage":20,"enemies":"3 Cultists","floor":27,"turns":4}],"seed_played":"6408275860967490847","potions_obtained":[{"floor":11,"key":"LiquidMemories"},{"floor":14,"key":"PowerPotion"},{"floor":16,"key":"Strength Potion"}],"is_trial":false,"path_per_floor":["M","?","?","M","$","R","M","R","T","M","M","E","R","E","R","B",null,"M","?","M","?","$","R","E","$","T","M"],"character_chosen":"IRONCLAD","items_purchased":["Wild Strike","Second Wind","Feel No Pain","Finesse"],"campfire_rested":1,"item_purchase_floors":[5,22,22,25],"current_hp_per_floor":[67,60,37,34,34,34,38,38,38,42,29,23,43,46,46,46,70,54,54,25,25,25,25,13,13,13,0,0],"gold":3,"neow_bonus":"RANDOM_COLORLESS_2","is_daily":false,"chose_seed":false,"campfire_upgraded":4,"win_rate":0.0,"timestamp":1611144154,"path_taken":["M","?","?","M","$","R","M","R","T","M","?","E","R","E","R","BOSS","M","?","M","?","$","R","E","$","T","M"],"items_purchased_type":["Card","Card","Card","Card"],"build_version":"2020-12-22","purchased_purges":2,"victory":false,"max_hp_per_floor":[68,68,68,68,68,68,68,68,68,68,68,68,68,78,78,78,78,78,78,78,78,78,78,78,78,78,78,78],"card_choices":[{"not_picked":["Violence","Secret Technique"],"picked":"Mayhem","floor":0},{"not_picked":["Twin Strike","Body Slam"],"picked":"Uppercut","floor":1},{"not_picked":["Thunderclap","Twin Strike"],"picked":"Fire Breathing","floor":4},{"not_picked":["Cleave","Pommel Strike"],"picked":"Shrug It Off","floor":7},{"not_picked":["Heavy Blade","Carnage"],"picked":"Anger","floor":10},{"not_picked":["Sever Soul","Sword Boomerang"],"picked":"Burning Pact","floor":11},{"not_picked":["Searing Blow","Infernal Blade"],"picked":"Offering","floor":12},{"not_picked":["Armaments","Sword Boomerang","Clothesline"],"picked":"SKIP","floor":14},{"not_picked":["Offering","Berserk"],"picked":"Barricade","floor":16},{"not_picked":["Sever Soul","Searing Blow","Perfected Strike"],"picked":"SKIP","floor":18},{"not_picked":["Headbutt","Dropkick"],"picked":"Ghostly Armor","floor":20},{"not_picked":["Dropkick","Combust"],"picked":"Battle Trance","floor":24}],"player_experience":1331204,"relics_obtained":[{"floor":9,"key":"Whetstone"},{"floor":12,"key":"Darkstone Periapt"},{"floor":14,"key":"Pear"},{"floor":24,"key":"Peace Pipe"},{"floor":26,"key":"Kunai"}],"event_choices":[{"cards_removed":["Strike_R"],"damage_healed":0,"gold_gain":0,"player_choice":"Card Removal","damage_taken":7,"max_hp_gain":0,"max_hp_loss":0,"event_name":"Golden Wing","floor":2,"gold_loss":0},{"damage_healed":0,"gold_gain":0,"player_choice":"Take Damage","damage_taken":23,"relics_obtained":["Golden Idol"],"max_hp_gain":0,"max_hp_loss":0,"event_name":"Golden Idol","floor":3,"gold_loss":0},{"damage_healed":0,"gold_gain":50,"player_choice":"Stole From Cult","damage_taken":0,"max_hp_gain":0,"max_hp_loss":0,"event_name":"Nest","floor":19,"gold_loss":0},{"damage_healed":0,"gold_gain":0,"player_choice":"Paid Gold","damage_taken":0,"relics_obtained":["MawBank"],"max_hp_gain":0,"max_hp_loss":0,"event_name":"WeMeetAgain","floor":21,"gold_loss":52}],"is_beta":false,"boss_relics":[{"not_picked":["Tiny House","Calling Bell"],"picked":"Sozu"}],"items_purged_floors":[5,22],"is_endless":false,"potions_floor_spawned":[11,14,16],"killed_by":"3 Cultists","ascension_level":20}}