{"host":"jpzdg3po3tjxdjri","time":1611184252,"event":{"mods":["BaseMod","Better Third Choice","Colored Map","Colored Powertips","Minty Spire (QoL Compilation)","StSLib"],"gold_per_floor":[119,119,129,48,67,102,102,102,102,126,2,38,56,131,131,262,262,286,286,30,53,80,80,80,80],"floor_reached":24,"language":"ENG","playtime":828,"items_purged":["Strike_P"],"score":332,"play_id":"cce80b56-198b-4257-a34c-eb893d8234e8","local_time":"20210120231052","is_ascension_mode":true,"campfire_choices":[{"floor":8,"key":"REST"},{"floor":15,"key":"REST"},{"data":"Establishment","floor":23,"key":"SMITH"}],"circlet_count":0,"master_deck":["Strike_P","Strike_P","Strike_P","Defend_P","Defend_P","Defend_P","Eruption","Vigilance","EmptyBody","MentalFortress","Wallop","FearNoEvil","SashWhip","DeceiveReality","EmptyFist","WheelKick","BattleHymn","Establishment+1","EmptyFist","Adaptation","Prostrate","SashWhip"],"relics":["PureWater","Lantern","Tiny Chest","Golden Idol","Regal Pillow","VioletLotus","Nloth\u0027s Gift","TheAbacus","Pen Nib"],"acts_visited":["Exordium","TheCity"],"potions_floor_usage":[12,13,16,18],"damage_taken":[{"damage":5,"enemies":"2 Louse","floor":1,"turns":3},{"damage":1,"enemies":"Small Slimes","floor":3,"turns":5},{"damage":0,"enemies":"Cultist","floor":5,"turns":3},{"damage":11,"enemies":"3 Sentries","floor":6,"turns":10},{"damage":0,"enemies":"Exordium Wildlife","floor":10,"turns":3},{"damage":0,"enemies":"Lagavulin","floor":12,"turns":4},{"damage":1,"enemies":"Lots of Slimes","floor":13,"turns":4},{"damage":14,"enemies":"Slime Boss","floor":16,"turns":9},{"damage":15,"enemies":"Shell Parasite","floor":18,"turns":4},{"damage":8,"enemies":"Spheric Guardian","floor":21,"turns":5},{"damage":68,"enemies":"Slavers","floor":24,"turns":3}],"seed_played":"6527590416232329231","potions_obtained":[{"floor":3,"key":"Block Potion"},{"floor":6,"key":"FearPotion"},{"floor":10,"key":"SteroidPotion"},{"floor":16,"key":"Block Potion"}],"is_trial":false,"path_per_floor":["M","?","M","$","M","E","?","R","T","M","$","E","M","?","R","B",null,"M","?","$","M","T","R","E"],"character_chosen":"WATCHER","items_purchased":["Wallop","EmptyFist","Adaptation","TheAbacus","Prostrate"],"campfire_rested":2,"item_purchase_floors":[4,11,20,20,20],"current_hp_per_floor":[60,53,52,52,52,41,23,44,44,44,44,44,43,32,68,54,68,53,53,53,45,45,45,0,0],"gold":80,"neow_bonus":"RANDOM_COMMON_RELIC","is_daily":false,"chose_seed":false,"campfire_upgraded":1,"win_rate":0.0,"timestamp":1611184252,"path_taken":["M","?","M","$","M","E","?","R","T","M","$","E","M","?","R","BOSS","M","?","$","M","?","R","E"],"items_purchased_type":["Card","Card","Card","Relic","Card"],"build_version":"2020-12-22","purchased_purges":1,"victory":false,"max_hp_per_floor":[72,72,72,72,72,72,72,72,72,72,72,72,72,72,72,72,72,72,72,72,72,72,72,72,72],"card_choices":[{"not_picked":["ClearTheMind","Study"],"picked":"EmptyBody","floor":1},{"not_picked":["Crescendo","ClearTheMind"],"picked":"MentalFortress","floor":3},{"not_picked":["ForeignInfluence","EmptyFist"],"picked":"FearNoEvil","floor":5},{"not_picked":["ThirdEye","Study"],"picked":"SashWhip","floor":6},{"not_picked":["WreathOfFlame","Halt"],"picked":"DeceiveReality","floor":10},{"not_picked":["JustLucky","CutThroughFate"],"picked":"WheelKick","floor":12},{"not_picked":["Halt","BowlingBash"],"picked":"BattleHymn","floor":13},{"not_picked":["Ragnarok","Omniscience"],"picked":"Establishment","floor":16},{"not_picked":["Evaluate","Consecrate+1"],"picked":"EmptyFist","floor":18},{"not_picked":["SignatureMove","ClearTheMind"],"picked":"SashWhip","floor":21}],"player_experience":848155,"relics_obtained":[{"floor":6,"key":"Tiny Chest"},{"floor":9,"key":"InkBottle"},{"floor":12,"key":"Regal Pillow"},{"floor":22,"key":"Pen Nib"}],"event_choices":[{"cards_removed":["Defend_P"],"damage_healed":0,"gold_gain":0,"player_choice":"Card Removal","damage_taken":7,"max_hp_gain":0,"max_hp_loss":0,"event_name":"Golden Wing","floor":2,"gold_loss":0},{"damage_healed":0,"gold_gain":0,"player_choice":"Take Damage","damage_taken":18,"relics_obtained":["Golden Idol"],"max_hp_gain":0,"max_hp_loss":0,"event_name":"Golden Idol","floor":7,"gold_loss":0},{"damage_healed":0,"gold_gain":75,"player_choice":"Gold","damage_taken":11,"max_hp_gain":0,"max_hp_loss":0,"event_name":"betterThird:BetterGoop","floor":14,"gold_loss":0},{"damage_healed":0,"gold_gain":0,"player_choice":"Traded Relic","damage_taken":0,"relics_obtained":["Nloth\u0027s Gift"],"max_hp_gain":0,"max_hp_loss":0,"event_name":"N\u0027loth","floor":19,"relics_lost":["InkBottle"],"gold_loss":0}],"is_beta":false,"boss_relics":[{"not_picked":["Sozu","Runic Pyramid"],"picked":"VioletLotus"}],"items_purged_floors":[11],"is_endless":false,"potions_floor_spawned":[3,6,10,16],"killed_by":"Slavers","ascension_level":9}}