{"host":"fevvm7bbzuh4s1jc","time":1611162891,"event":{"mods":["BaseMod","Highlight Path","Minty Spire (QoL Compilation)","Relic Stats"],"gold_per_floor":[109,119,119,10,24,55,75,108,188,188,206,8,19,30,30,109,109,120,82,101,51,70,70,80,105,105,105,131,149,149,149,149],"floor_reached":31,"language":"ENG","playtime":1117,"items_purged":["Strike_R","Defend_R"],"score":828,"play_id":"015199a0-aa1c-4661-96fa-a2e3de7a38dd","local_time":"20210120121451","is_ascension_mode":true,"campfire_choices":[{"data":"Bash","floor":15.0,"key":"SMITH"},{"floor":23,"key":"REST"},{"floor":27,"key":"REST"},{"floor":30,"key":"REST"}],"circlet_count":0,"master_deck":["AscendersBane","Strike_R","Strike_R","Strike_R","Defend_R","Defend_R","Defend_R","Bash+1","Clothesline","Inflame","Clash","Heavy Blade","Fire Breathing","Exhume","True Grit","Shrug It Off","Cleave","Bludgeon","CurseOfTheBell","Shrug It Off+1","Ghostly Armor+1","Pummel","Warcry+1"],"relics":["Busted Crown","Du-Vu Doll","Turnip","Tiny Chest","White Beast Statue","Membership Card","Calling Bell","Nunchaku","Toxic Egg 2","StoneCalendar","Shuriken","Girya"],"acts_visited":["TheCity"],"potions_floor_usage":[20,22,25,25,28,29,31],"damage_taken":[{"damage":1.0,"enemies":"Cultist","floor":1.0,"turns":4.0},{"damage":6.0,"enemies":"Small Slimes","floor":2.0,"turns":4.0},{"damage":1.0,"enemies":"2 Louse","floor":5.0,"turns":2.0},{"damage":15.0,"enemies":"Lagavulin","floor":6.0,"turns":6.0},{"damage":2.0,"enemies":"Exordium Wildlife","floor":7.0,"turns":2.0},{"damage":6.0,"enemies":"Gremlin Nob","floor":8.0,"turns":3.0},{"damage":5.0,"enemies":"Gremlin Gang","floor":11.0,"turns":5.0},{"damage":2.0,"enemies":"Red Slaver","floor":13.0,"turns":2.0},{"damage":6.0,"enemies":"Large Slime","floor":14.0,"turns":4.0},{"damage":19.0,"enemies":"Hexaghost","floor":16.0,"turns":6.0},{"damage":4.0,"enemies":"Spheric Guardian","floor":18.0,"turns":3.0},{"damage":18,"enemies":"3 Byrds","floor":20,"turns":6},{"damage":9,"enemies":"Cultist and Chosen","floor":22,"turns":5},{"damage":34,"enemies":"Sentry and Sphere","floor":24,"turns":6},{"damage":0,"enemies":"Gremlin Leader","floor":25,"turns":7},{"damage":29,"enemies":"Book of Stabbing","floor":28,"turns":4},{"damage":10,"enemies":"Snecko","floor":29,"turns":4},{"damage":32,"enemies":"Gremlin Leader","floor":31,"turns":3}],"seed_played":"2781395345412111556","potions_obtained":[{"floor":1.0,"key":"Swift Potion"},{"floor":6.0,"key":"Swift Potion"},{"floor":8.0,"key":"ElixirPotion"},{"floor":11.0,"key":"DuplicationPotion"},{"floor":13.0,"key":"AttackPotion"},{"floor":16.0,"key":"Weak Potion"},{"floor":18.0,"key":"HeartOfIron"},{"floor":20,"key":"Energy Potion"},{"floor":22,"key":"PowerPotion"},{"floor":24,"key":"DuplicationPotion"},{"floor":25,"key":"FearPotion"},{"floor":28,"key":"Regen Potion"},{"floor":29,"key":"Strength Potion"}],"is_trial":false,"path_per_floor":["M","M","T","$","M","E","M","E","T","?","M","$","M","M","R","B",null,"M","$","M","$","M","R","M","E","T","R","E","M","R","E"],"character_chosen":"IRONCLAD","items_purchased":["Clothesline","Inflame","Membership Card","True Grit","Shrug It Off"],"campfire_rested":3,"item_purchase_floors":[4,4,12,12,12],"current_hp_per_floor":[67,61,61,61,60,45,43,37,37,37,32,32,30,24,24,5,58,54,54,36,36,27,49,15,15,15,37,8,10,32,0,0],"gold":149,"neow_bonus":"BOSS_RELIC","is_daily":false,"chose_seed":false,"campfire_upgraded":1,"win_rate":0.0,"timestamp":1611162891,"path_taken":["M","?","?","$","M","E","M","E","T","?","M","$","M","M","R","BOSS","M","$","M","$","M","R","M","E","T","R","E","?","R","E"],"items_purchased_type":["Card","Card","Relic","Card","Card"],"build_version":"2020-12-22","purchased_purges":2,"victory":false,"max_hp_per_floor":[75,75,75,75,75,75,75,75,75,75,75,75,75,75,75,75,75,75,75,75,75,75,75,75,75,75,75,75,75,75,75,75],"relic_stats":{"Nunchaku":[6],"Busted Crown":36,"counters":[18,76],"Shuriken":[2],"Tiny Chest":0,"StoneCalendar":[34],"Turnip":[16],"obtain_stats":[{"Du-Vu Doll":3,"Calling Bell":17,"Girya":28,"Nunchaku":17,"Busted Crown":0,"Shuriken":26,"Tiny Chest":8,"StoneCalendar":17,"Turnip":6,"Membership Card":12,"Toxic Egg 2":17,"White Beast Statue":9},{"Du-Vu Doll":2,"Calling Bell":10,"Girya":16,"Nunchaku":10,"Busted Crown":0,"Shuriken":15,"Tiny Chest":6,"StoneCalendar":10,"Turnip":4,"Membership Card":7,"Toxic Egg 2":10,"White Beast Statue":6},{"Du-Vu Doll":8,"Calling Bell":38,"Girya":69,"Nunchaku":38,"Busted Crown":0,"Shuriken":65,"Tiny Chest":21,"StoneCalendar":38,"Turnip":16,"Membership Card":26,"Toxic Egg 2":38,"White Beast Statue":21}]},"card_choices":[{"not_picked":["Entrench"],"picked":"SKIP","floor":1.0},{"not_picked":["Havoc"],"picked":"SKIP","floor":2.0},{"not_picked":[],"picked":"Clash","floor":5.0},{"not_picked":[],"picked":"Heavy Blade","floor":6.0},{"not_picked":["Carnage"],"picked":"SKIP","floor":7.0},{"not_picked":[],"picked":"Fire Breathing","floor":8.0},{"not_picked":["Flex"],"picked":"SKIP","floor":11.0},{"not_picked":[],"picked":"Cleave","floor":13.0},{"not_picked":["Whirlwind"],"picked":"SKIP","floor":14.0},{"not_picked":[],"picked":"Bludgeon","floor":16.0},{"not_picked":[],"picked":"Shrug It Off+1","floor":18.0},{"not_picked":[],"picked":"Ghostly Armor+1","floor":20},{"not_picked":["Carnage"],"picked":"SKIP","floor":22},{"not_picked":[],"picked":"Pummel","floor":24},{"not_picked":["Heavy Blade"],"picked":"SKIP","floor":25},{"not_picked":[],"picked":"Warcry+1","floor":28},{"not_picked":["Wild Strike"],"picked":"SKIP","floor":29}],"player_experience":2701601,"relics_obtained":[{"floor":3.0,"key":"Du-Vu Doll"},{"floor":6.0,"key":"Turnip"},{"floor":8.0,"key":"Tiny Chest"},{"floor":9.0,"key":"White Beast Statue"},{"floor":17.0,"key":"Nunchaku"},{"floor":17.0,"key":"Toxic Egg 2"},{"floor":17.0,"key":"StoneCalendar"},{"floor":26,"key":"Shuriken"},{"floor":28,"key":"Girya"}],"event_choices":[{"damage_healed":0.0,"max_hp_gain":0.0,"max_hp_loss":0.0,"gold_gain":0.0,"cards_transformed":["Strike_R"],"event_name":"Transmorgrifier","player_choice":"Transformed","floor":10.0,"gold_loss":0.0,"damage_taken":0.0,"cards_obtained":["Exhume"]}],"is_beta":false,"boss_relics":[{"not_picked":["Coffee Dripper","Runic Cube"],"picked":"Calling Bell"}],"items_purged_floors":[19,21],"is_endless":false,"potions_floor_spawned":[1,6,8,11,13,14,16,18,20,22,24,25,28,29],"killed_by":"Gremlin Leader","ascension_level":20}}