{"host":"00f1p9ihhzi7hxfk","time":1611165164,"event":{"mods":["BaseMod","Colored Map","Colored Powertips","Minty Spire (QoL Compilation)","Rare Cards Sparkle","Relic Stats"],"gold_per_floor":[115,131,142,142,142,142,142,161,184,203,220,233,233,243,243,243,243],"floor_reached":16,"language":"DEU","playtime":691,"items_purged":[],"score":96,"play_id":"b9664b38-43cb-4736-8710-e3b660da0c03","local_time":"20210120185244","is_ascension_mode":false,"campfire_choices":[{"floor":6,"key":"REST"},{"floor":13,"key":"REST"},{"floor":15,"key":"REST"}],"circlet_count":0,"master_deck":["Strike_B","Strike_B+1","Strike_B","Defend_B","Defend_B","Defend_B","Defend_B","Zap","Dualcast","Chaos","Conserve Battery","Ball Lightning+1","Scrape","Blizzard","BootSequence","Streamline","Cold Snap"],"relics":["Cracked Core","Bronze Scales","Potion Belt"],"acts_visited":["Exordium"],"potions_floor_usage":[16,16,16],"damage_taken":[{"damage":3,"enemies":"Cultist","floor":1,"turns":5},{"damage":0,"enemies":"Small Slimes","floor":2,"turns":2},{"damage":6,"enemies":"Jaw Worm","floor":3,"turns":3},{"damage":3,"enemies":"Looter","floor":8,"turns":3},{"damage":31,"enemies":"Gremlin Gang","floor":10,"turns":3},{"damage":11,"enemies":"3 Louse","floor":11,"turns":3},{"damage":15,"enemies":"Large Slime","floor":12,"turns":4},{"damage":22,"enemies":"Exordium Wildlife","floor":14,"turns":3},{"damage":37,"enemies":"The Guardian","floor":16,"turns":10}],"seed_played":"5625277206828649417","potions_obtained":[{"floor":1,"key":"Swift Potion"},{"floor":10,"key":"Block Potion"},{"floor":12,"key":"Block Potion"}],"is_trial":false,"path_per_floor":["M","M","M","?","?","R","?","M","T","M","M","M","R","M","R","B"],"character_chosen":"DEFECT","items_purchased":[],"campfire_rested":3,"item_purchase_floors":[],"current_hp_per_floor":[72,72,66,66,63,75,75,72,72,41,30,15,37,15,37,0,0],"gold":243,"neow_bonus":"UPGRADE_CARD","is_daily":false,"chose_seed":false,"campfire_upgraded":0,"win_rate":0.0,"timestamp":1611165164,"path_taken":["M","M","?","?","?","R","?","M","T","M","M","M","R","M","R","BOSS"],"items_purchased_type":[],"build_version":"2020-12-22","purchased_purges":0,"victory":false,"max_hp_per_floor":[75,75,75,75,75,75,75,75,75,75,75,75,75,75,75,75,75],"relic_stats":{"counters":[9,36],"Bronze Scales":[86],"obtain_stats":[{"Potion Belt":9,"Bronze Scales":5,"Cracked Core":0},{"Potion Belt":4,"Bronze Scales":3,"Cracked Core":0},{"Potion Belt":13,"Bronze Scales":10,"Cracked Core":0}]},"card_choices":[{"not_picked":["Leap","Rebound"],"picked":"Chaos","floor":1},{"not_picked":["Fusion","Gash"],"picked":"Conserve Battery","floor":2},{"not_picked":["Steam","Cold Snap"],"picked":"Ball Lightning","floor":3},{"not_picked":["Rebound","Melter"],"picked":"Scrape","floor":8},{"not_picked":["Hologram","Auto Shields"],"picked":"Blizzard","floor":10},{"not_picked":["Heatsinks","Conserve Battery"],"picked":"BootSequence","floor":11},{"not_picked":["Coolheaded","White Noise"],"picked":"Streamline","floor":12},{"not_picked":["Stack","White Noise"],"picked":"Cold Snap","floor":14}],"player_experience":65508,"relics_obtained":[{"floor":9,"key":"Potion Belt"}],"event_choices":[{"damage_healed":0,"gold_gain":0,"player_choice":"Grow","damage_taken":0,"max_hp_gain":0,"max_hp_loss":0,"event_name":"Living Wall","floor":4,"gold_loss":0,"cards_upgraded":["Ball Lightning"]},{"damage_healed":0,"gold_gain":0,"player_choice":"Success","damage_taken":3,"relics_obtained":["Bronze Scales"],"max_hp_gain":0,"max_hp_loss":0,"event_name":"Scrap Ooze","floor":5,"gold_loss":0},{"cards_removed":["Strike_B"],"damage_healed":0,"gold_gain":0,"player_choice":"Purged","damage_taken":0,"max_hp_gain":0,"max_hp_loss":0,"event_name":"Purifier","floor":7,"gold_loss":0}],"is_beta":false,"boss_relics":[],"items_purged_floors":[],"is_endless":false,"potions_floor_spawned":[1,10,12],"killed_by":"The Guardian","ascension_level":0}}