{"host":"och2iitg9ibgz06n","time":1611180645,"event":{"mods":["Abigail Mod","AchievementEnabler","Aspiration","BaseMod","Colored Powertips","Dio Mod","Hubris","Hyrulean Relics","Infinite Spire","Minty Spire (QoL Compilation)","Replay The Spire","Small Relic Pack","StSLib","The Animator","The Bug Knight","The Hierophant","The Jungle","The Saiyan","TheHero","Wandering Minibosses","everything is the same but u backflip on backflip","slay the spire mod where everything is the same but ironclad has a cowboy hat","vexMod"],"gold_per_floor":[216,216,216,216,216,216,251,237,237,261,261,247,247,274,274,400,400,415,435,435,435],"floor_reached":20,"language":"ENG","playtime":1015,"items_purged":[],"score":181,"play_id":"84db5d3b-f4aa-4723-8ebf-254ab01dcd48","local_time":"20210120161045","is_ascension_mode":true,"campfire_choices":[{"floor":6,"key":"REST"},{"floor":11,"key":"REST"},{"data":"AbbyMod:ExposeNavel","floor":15,"key":"SMITH"}],"circlet_count":0,"master_deck":["AbbyMod:Ab_Strike","AbbyMod:Ab_Strike","AbbyMod:Ab_Strike+1","AbbyMod:Ab_Defend","AbbyMod:Ab_Defend","AbbyMod:Ab_Defend+1","AbbyMod:FleetingSanity","AbbyMod:ForeheadBeam","AbbyMod:ExposeNavel+1","AbbyMod:PapaProtection","AbbyMod:Dabigail","AbbyMod:PrayerOfFaith","AbbyMod:BlackKey","AbbyMod:BlackKey+1","AbbyMod:Ygna+1","AbbyMod:OldOneLimb+1","AbbyMod:HeroCreationA+1","AbbyMod:TentacleSwarm+1"],"relics":["Golden Idol","Onion Ring","Juzu Bracelet","Astrolabe"],"acts_visited":["Exordium","TheCity"],"potions_floor_usage":[12,16,16,16],"damage_taken":[{"damage":15,"enemies":"Jaw Worm","floor":1,"turns":4},{"damage":2,"enemies":"HollowMod:MossKnight","floor":7,"turns":12},{"damage":1,"enemies":"2 Louse","floor":8,"turns":6},{"damage":0,"enemies":"Small Slimes","floor":10,"turns":3},{"damage":2,"enemies":"Exordium Wildlife","floor":12,"turns":5},{"damage":7,"enemies":"The Guardian","floor":16,"turns":13},{"damage":35,"enemies":"3 Byrds","floor":18,"turns":9},{"damage":18,"enemies":"Chosen","floor":19,"turns":7},{"damage":0,"enemies":"Centurion and Healer","floor":20,"turns":1}],"seed_played":"2507390304158843415","potions_obtained":[{"floor":5,"key":"Energy Potion"},{"floor":5,"key":"EntropicBrew"},{"floor":5,"key":"FearPotion"},{"floor":10,"key":"PowerPotion"},{"floor":18,"key":"SteroidPotion"}],"is_trial":false,"path_per_floor":["M","$","?","?","?","R","E","M","T","M","R","M","?","T","R","B",null,"M","M","M"],"character_chosen":"Ab_Foreigner","items_purchased":[],"campfire_rested":2,"item_purchase_floors":[],"current_hp_per_floor":[45,45,30,18,18,36,34,33,33,33,51,49,49,49,49,42,60,25,7,7,7],"gold":435,"neow_bonus":"HUNDRED_GOLD","is_daily":false,"chose_seed":false,"campfire_upgraded":1,"win_rate":0.0,"timestamp":1611180645,"path_taken":["M","$","?","?","?","R","E","M","T","M","R","?","?","?","R","BOSS","M","M","M"],"items_purchased_type":[],"build_version":"2020-12-22","purchased_purges":0,"victory":false,"max_hp_per_floor":[60,60,60,60,60,60,60,60,60,60,60,60,60,60,60,60,60,60,60,60,60],"card_choices":[{"not_picked":["AbbyMod:FlyingMascot","AbbyMod:Ab_DarkestPact"],"picked":"AbbyMod:ExposeNavel","floor":1},{"not_picked":["AbbyMod:LargeTentacle","AbbyMod:Ab_PuppyEyes"],"picked":"AbbyMod:PapaProtection","floor":7},{"not_picked":["AbbyMod:CommandSpell","AbbyMod:ChocoKey"],"picked":"AbbyMod:Dabigail","floor":8},{"not_picked":["AbbyMod:ChocoKey","AbbyMod:AttoSecond"],"picked":"AbbyMod:AdultWords","floor":10},{"not_picked":["AbbyMod:ConsumeFlesh","AbbyMod:CosmicSpark"],"picked":"AbbyMod:PrayerOfFaith","floor":12},{"not_picked":["AbbyMod:VoidPriest","AbbyMod:AbsoluteCorruption"],"picked":"AbbyMod:BlackKey","floor":16},{"not_picked":["AbbyMod:Kuroboshi+1","AbbyMod:AttoSecond"],"picked":"AbbyMod:HeroCreationA+1","floor":18},{"not_picked":["AbbyMod:CloneArmy","AbbyMod:SilverKey"],"picked":"AbbyMod:TentacleSwarm+1","floor":19}],"player_experience":414135,"relics_obtained":[{"floor":7,"key":"Oddly Smooth Stone"},{"floor":9,"key":"Onion Ring"},{"floor":14,"key":"Juzu Bracelet"}],"event_choices":[{"damage_healed":0,"gold_gain":0,"player_choice":"Take Damage","damage_taken":15,"relics_obtained":["Golden Idol"],"max_hp_gain":0,"max_hp_loss":0,"event_name":"Golden Idol","floor":3,"gold_loss":0},{"damage_healed":0,"gold_gain":0,"player_choice":"Entered Light","damage_taken":12,"max_hp_gain":0,"max_hp_loss":0,"event_name":"Shining Light","floor":4,"gold_loss":0,"cards_upgraded":["AbbyMod:Ab_Defend","AbbyMod:Ab_Strike"]},{"damage_healed":0,"gold_gain":0,"player_choice":"Got Potions","damage_taken":0,"max_hp_gain":0,"max_hp_loss":0,"event_name":"Lab","floor":5,"gold_loss":0}],"is_beta":false,"boss_relics":[{"not_picked":["aspiration:RunicSpoon","vexMod:MegatonBomb"],"picked":"Astrolabe"}],"items_purged_floors":[],"is_endless":false,"potions_floor_spawned":[7,8,10,18],"killed_by":"Centurion and Healer","ascension_level":1}}