{"host":"lp8gi2x5rrw4z3b7","time":1611116064,"event":{"mods":["AchievementEnabler","BaseMod","Colored Map","Downfall","Minty Spire (QoL Compilation)","Quick Restart","Rare Cards Sparkle","StSLib"],"gold_per_floor":[99,112,112,132,132,165,191,91,107,7,7,23,23,123,142,142,142,142],"floor_reached":16,"language":"ENG","playtime":1294,"items_purged":[],"score":100,"play_id":"e4d3fa91-ee59-4d12-9436-624d93829413","local_time":"20210119231424","is_ascension_mode":false,"campfire_choices":[{"floor":1,"key":"RECALL"},{"data":"champ:Backstep","floor":8,"key":"SMITH"},{"data":"champ:CalledShot","floor":10,"key":"SMITH"},{"data":"champ:BerserkersShout","floor":13,"key":"SMITH"}],"circlet_count":0,"master_deck":["champ:Strike","champ:Strike","champ:Strike","champ:Defend","champ:Defend","champ:Defend","champ:Defend","champ:Execute","champ:Taunt","champ:CalledShot+1","champ:Backstep+1","champ:SteelEdge","champ:BerserkersShout+1","champ:Duel+1","champ:Encircle","champ:FaceSlap"],"relics":["champ:ChampionCrown","PreservedInsect","Bronze Scales","Ice Cream","Juzu Bracelet","downfall:HeartBlessingRed","downfall:HeartBlessingGreen"],"acts_visited":["Exordium"],"potions_floor_usage":[6,16,16],"damage_taken":[{"damage":14,"enemies":"2 Louse","floor":2,"turns":4},{"damage":25,"enemies":"Cultist","floor":4,"turns":4},{"damage":37,"enemies":"Gremlin Nob","floor":6,"turns":4},{"damage":12,"enemies":"Small Slimes","floor":9,"turns":3},{"damage":13,"enemies":"3 Louse","floor":12,"turns":4},{"damage":49,"enemies":"downfall:Heads","floor":14,"turns":5},{"damage":15,"enemies":"2 Fungi Beasts","floor":15,"turns":2},{"damage":42,"enemies":"DF_ARCHETYPE_STREAMLINE","floor":16,"turns":6}],"seed_played":"-2573175789147860981","potions_obtained":[{"floor":4,"key":"Energy Potion"},{"floor":12,"key":"hexamod:SoulburnPotion"},{"floor":14,"key":"bronze:BurnAndBuffPotion"}],"is_trial":false,"path_per_floor":["R","M","?","M","?","E","T","R","M","R","?","M","R","?","M","B"],"character_chosen":"THE_CHAMP","items_purchased":[],"campfire_rested":0,"item_purchase_floors":[],"current_hp_per_floor":[90,86,86,81,81,64,64,64,62,62,62,59,59,25,25,0,0,0],"gold":142,"neow_bonus":"RANDOM_COMMON_RELIC","is_daily":false,"chose_seed":false,"campfire_upgraded":3,"win_rate":0.0,"timestamp":1611116064,"path_taken":["R","M","?","?","?","E","T","R","M","R","?","M","R","?","M","BOSS"],"items_purchased_type":[],"build_version":"2020-12-22","purchased_purges":0,"victory":false,"max_hp_per_floor":[90,90,90,90,90,90,90,90,90,90,90,90,90,90,90,90,90,90],"card_choices":[{"not_picked":["champ:SetATrap","champ:GladiatorStyle"],"picked":"champ:CalledShot","floor":2},{"not_picked":["champ:DefensiveShout","champ:TornadoPunch"],"picked":"champ:Backstep","floor":4},{"not_picked":["champ:StanceDance","champ:RisingSlash"],"picked":"champ:SteelEdge","floor":6},{"not_picked":["champ:PerfectedStrike","champ:Circumvent"],"picked":"champ:BerserkersShout","floor":9},{"not_picked":["champ:DeathBlow","champ:Parry"],"picked":"champ:Duel","floor":12},{"not_picked":["champ:Encircle","champ:TornadoPunch"],"picked":"champ:FaceSlap","floor":15}],"player_experience":924110,"relics_obtained":[{"floor":6,"key":"Ice Cream"},{"floor":7,"key":"Juzu Bracelet"}],"event_choices":[{"damage_healed":0,"gold_gain":0,"player_choice":"Ignored","damage_taken":0,"max_hp_gain":0,"max_hp_loss":0,"event_name":"NoteForYourself","floor":3,"gold_loss":0},{"damage_healed":0,"gold_gain":0,"player_choice":"Box","damage_taken":0,"relics_obtained":["Bronze Scales"],"max_hp_gain":0,"max_hp_loss":0,"event_name":"Big Fish","floor":5,"gold_loss":0,"cards_obtained":["Regret"]}],"is_beta":false,"boss_relics":[],"items_purged_floors":[],"is_endless":false,"potions_floor_spawned":[4,12,14],"killed_by":"DF_ARCHETYPE_STREAMLINE","ascension_level":0}}