{"host":"46dxij13gllk3u9t","time":1611102341,"event":{"mods":["BaseMod","Better Note","BetterRewards","Colored Powertips","Custom Start","Downfall","Minty Spire (QoL Compilation)","Relic Sorter","Shop Mod","StSLib","The IronCluck","slay the spire mod where everything is the same but ironclad has a cowboy hat"],"gold_per_floor":[99,115,128,128,142,142,142,154,171,171,185,205,76,93,107,212,212,112,126,139,24,35,35,108,108,108,108],"floor_reached":25,"language":"ENG","playtime":4915,"items_purged":["bronze:Strike","bronze:Strike"],"score":199,"play_id":"6ddbf927-f532-4a5e-9a80-1286abe87c8f","local_time":"20210119192541","is_ascension_mode":false,"campfire_choices":[{"floor":1.0,"key":"RECALL"},{"data":"bronze:GetLatest","floor":6.0,"key":"SMITH"},{"data":"bronze:Goto","floor":10.0,"key":"SMITH"},{"data":"bronze:OilSpill","floor":18.0,"key":"SMITH"},{"floor":23,"key":"REST"}],"circlet_count":0,"master_deck":["bronze:Strike","bronze:Strike","bronze:Defend","bronze:Defend","bronze:Defend","bronze:Defend","bronze:Replicate","bronze:Goto+1","bronze:CutThrough","bronze:GetLatest+1","bronze:Frontload","bronze:DelayedGuard","bronze:Branch","bronze:Repair","bronze:ForLoop","bronze:OilSpill+1","bronze:GetLatest","bronze:Iterate","bronze:Iterate","bronze:AlphaBuild","bronze:BuggyMess+1","bronze:FineTuning"],"relics":["bronze:BronzeCore","Bird Faced Urn","Snecko Eye","downfall:HeartBlessingRed","Meat on the Bone"],"acts_visited":["Exordium","TheCity"],"potions_floor_usage":[20,20],"damage_taken":[{"damage":0.0,"enemies":"Small Slimes","floor":2.0,"turns":3.0},{"damage":1.0,"enemies":"Cultist","floor":3.0,"turns":4.0},{"damage":6.0,"enemies":"Jaw Worm","floor":5.0,"turns":3.0},{"damage":2.0,"enemies":"Blue Slaver","floor":8.0,"turns":5.0},{"damage":6.0,"enemies":"Lots of Slimes","floor":9.0,"turns":5.0},{"damage":8.0,"enemies":"Exordium Wildlife","floor":11.0,"turns":3.0},{"damage":0.0,"enemies":"Red Slaver","floor":12.0,"turns":3.0},{"damage":0.0,"enemies":"downfall:FleeingMerchant","floor":13.0,"turns":4.0},{"damage":0.0,"enemies":"Looter","floor":14.0,"turns":4.0},{"damage":6.0,"enemies":"Exordium Wildlife","floor":15.0,"turns":5.0},{"damage":73.0,"enemies":"DF_ARCHETYPE_STREAMLINE","floor":16.0,"turns":11.0},{"damage":10,"enemies":"Chosen","floor":19,"turns":5},{"damage":24,"enemies":"Snake Plant","floor":20,"turns":4},{"damage":0,"enemies":"downfall:FleeingMerchant","floor":21,"turns":4},{"damage":27,"enemies":"Sentry and Sphere","floor":22,"turns":5},{"damage":0,"enemies":"SI_SHIV_ARCHETYPE","floor":25,"turns":1}],"seed_played":"890347880754612483","potions_obtained":[{"floor":3.0,"key":"BlessingOfTheForge"},{"floor":5.0,"key":"bronze:FreeFunctionsPotion"},{"floor":8.0,"key":"EssenceOfSteel"},{"floor":20,"key":"Weak Potion"}],"is_trial":false,"path_per_floor":["R","M","M","?","M","R","T","M","M","R","M","M","$","M","M","B",null,"R","M","M","$","M","R","T","?"],"character_chosen":"THE_AUTOMATON","items_purchased":["bronze:GetLatest"],"campfire_rested":1,"item_purchase_floors":[13],"current_hp_per_floor":[77,77,76,76,70,70,70,68,62,62,54,61,68,75,71,5,77,77,67,43,50,23,46,46,46,46,46],"gold":108,"neow_bonus":"TEN_PERCENT_HP_BONUS","is_daily":false,"chose_seed":false,"campfire_upgraded":3,"win_rate":0.0,"timestamp":1611102341,"path_taken":["R","M","M","?","M","R","T","M","?","R","?","M","$","M","M","BOSS","R","M","M","$","M","R","T","?"],"items_purchased_type":["Card"],"build_version":"2020-12-22","purchased_purges":2,"victory":false,"max_hp_per_floor":[77,77,77,77,77,77,77,77,77,77,77,77,77,77,77,77,77,77,77,77,77,77,77,77,77,77,77],"card_choices":[{"not_picked":["bronze:FineTuning","bronze:DelayedGuard"],"picked":"bronze:CutThrough","floor":2.0},{"not_picked":["bronze:DelayedSlice","bronze:Overheat"],"picked":"bronze:GetLatest","floor":3.0},{"not_picked":["bronze:Return","bronze:BronzeArmor"],"picked":"bronze:Frontload","floor":5.0},{"not_picked":["bronze:Overheat","bronze:Invalidate"],"picked":"bronze:DelayedGuard","floor":8.0},{"not_picked":["bronze:Repair","bronze:DelayedGuard"],"picked":"bronze:Branch","floor":9.0},{"not_picked":["bronze:ItsAFeature","bronze:Turbo"],"picked":"bronze:Repair","floor":11.0},{"not_picked":["bronze:Fortify","bronze:Overheat"],"picked":"bronze:ForLoop","floor":12.0},{"not_picked":["bronze:WildBeam","bronze:Turbo"],"picked":"bronze:OilSpill","floor":13.0},{"not_picked":["bronze:ForLoop","bronze:FineTuning"],"picked":"bronze:Iterate","floor":14.0},{"not_picked":["bronze:Boost","bronze:Philosophize"],"picked":"bronze:Iterate","floor":15.0},{"not_picked":["bronze:BurnOut","bronze:FindAndReplace"],"picked":"bronze:AlphaBuild","floor":16.0},{"not_picked":["bronze:Frontload+1","bronze:Repair"],"picked":"bronze:BuggyMess+1","floor":19},{"not_picked":["bronze:WhirlingStrike+1","bronze:WildBeam+1","bronze:Frontload"],"picked":"SKIP","floor":20},{"not_picked":["bronze:HardenedForm","bronze:Turbo+1"],"picked":"bronze:FineTuning","floor":21},{"not_picked":["bronze:Shield","bronze:BuggyMess","bronze:Deprecate+1"],"picked":"SKIP","floor":22}],"player_experience":427342,"relics_obtained":[{"floor":7.0,"key":"Bird Faced Urn"},{"floor":24,"key":"Meat on the Bone"}],"event_choices":[{"cards_removed":["bronze:Strike"],"damage_healed":0.0,"max_hp_gain":0.0,"max_hp_loss":0.0,"gold_gain":0.0,"event_name":"betterNote:BetterNote","player_choice":"Give","floor":4.0,"gold_loss":0.0,"damage_taken":0.0,"cards_obtained":["None"]}],"is_beta":false,"boss_relics":[{"not_picked":["Busted Crown","Philosopher\u0027s Stone"],"picked":"Snecko Eye"}],"items_purged_floors":[13,21],"is_endless":false,"potions_floor_spawned":[3,5,8,12,15,16,20],"killed_by":"SI_SHIV_ARCHETYPE","ascension_level":0}}