{"host":"t0dtoggyaif518ut","time":1611137966,"event":{"mods":["AchievementEnabler","BaseMod","Best Route Mod","Bestiary","Better Altar","Better Match","Better Note","Better Sensory Stone","Better Silent Start","Better Skull","Better Synergies","Better Third Choice","Better Vampires","BetterRewards","Block Reminder","Colored Powertips","Dark Map","DeckTracker","Displayed Cursed Tome","Energized Spire","Evolution","Gold Saver","Ironclad Rager","Minty Spire (QoL Compilation)","Practice Mode","Quick Restart","RNG Fix","Random Character Button","Relic Stats","Retaliation","Reworked Bosses","StSLib","Treasure Hunter"],"gold_per_floor":[251,265,277,52,52,83,83,93,139,139,152,178,195,195,195,274,274,286,305,305,305,305,305,324,324,351,361,361,361],"floor_reached":28,"language":"ENG","playtime":4210,"items_purged":["Defend_R"],"score":405,"play_id":"8fb5f623-9a3c-490b-a85a-a43213783643","local_time":"20210120171926","is_ascension_mode":true,"campfire_choices":[{"data":"Iron Wave","floor":7,"key":"SMITH"},{"data":"Twin Strike","floor":10,"key":"SMITH"},{"floor":15,"key":"REST"},{"floor":23,"key":"REST"},{"data":"Bludgeon","floor":25,"key":"SMITH"}],"circlet_count":0,"master_deck":["AscendersBane","Strike_R","Strike_R","Strike_R","Strike_R","Defend_R","Defend_R","Defend_R","Bash","Cleave","Shrug It Off","TH:CopperCoins","Iron Wave+1","Twin Strike+1","TH:ElvenBoots","Pommel Strike","TH:TreasureMap","Rampage","Intimidate","Flex","TH:CursedSword","Bludgeon+1","DDmod:SpikedSkill","Shrug It Off","Bloodletting+1","Shrug It Off","TH:TreasureMap","Necronomicurse","Iron Wave+1","Shrug It Off","TH:PixieDust","Headbutt+1"],"relics":["Burning Blood","EVO:Axolotl","Dream Catcher","Smiling Mask","Potion Belt","Prayer Wheel","energizedSpire:DeadBattery","Happy Flower","Necronomicon","Vajra"],"acts_visited":["Exordium","TheCity"],"potions_floor_usage":[5,12,13,16,18,18,28],"damage_taken":[{"damage":10,"enemies":"Cultist","floor":1,"turns":5},{"damage":13,"enemies":"Jaw Worm","floor":2,"turns":4},{"damage":0,"enemies":"Small Slimes","floor":3,"turns":3},{"damage":40,"enemies":"Gremlin Nob","floor":6,"turns":5},{"damage":3,"enemies":"Looter","floor":8,"turns":3},{"damage":20,"enemies":"3 Louse","floor":11,"turns":3},{"damage":23,"enemies":"3 Sentries","floor":12,"turns":9},{"damage":2,"enemies":"Exordium Thugs","floor":13,"turns":4},{"damage":59,"enemies":"The Guardian","floor":16,"turns":14},{"damage":1,"enemies":"3 Byrds","floor":18,"turns":3},{"damage":23,"enemies":"2 Thieves","floor":19,"turns":4},{"damage":26,"enemies":"Centurion and Healer","floor":24,"turns":7},{"damage":28,"enemies":"Snake Plant","floor":27,"turns":4},{"damage":22,"enemies":"Gremlin Leader","floor":28,"turns":4}],"seed_played":"6814492412357274925","potions_obtained":[{"floor":1,"key":"LiquidBronze"},{"floor":3,"key":"Strength Potion"},{"floor":5,"key":"Fruit Juice"},{"floor":5,"key":"Dexterity Potion"},{"floor":5,"key":"HeartOfIron"},{"floor":11,"key":"Explosive Potion"},{"floor":13,"key":"Strength Potion"},{"floor":16,"key":"Explosive Potion"},{"floor":19,"key":"Fire Potion"}],"is_trial":false,"path_per_floor":["M","M","M","$","?","E","R","M","T","R","M","E","M","?","R","B",null,"M","M","?","T","?","R","M","R","T","M","E"],"character_chosen":"IRONCLAD","items_purchased":["Dream Catcher"],"campfire_rested":2,"item_purchase_floors":[4],"current_hp_per_floor":[68,61,67,67,72,38,38,41,41,41,27,10,14,42,67,14,67,72,55,55,55,39,64,44,44,44,22,0,0],"gold":361,"neow_bonus":"REMOVE_CARD","is_daily":false,"chose_seed":false,"campfire_upgraded":3,"win_rate":0.0,"timestamp":1611137966,"path_taken":["M","M","M","$","?","E","R","M","T","R","M","E","?","?","R","BOSS","M","M","?","?","?","R","M","R","T","?","E"],"items_purchased_type":["Relic"],"build_version":"2020-12-22","purchased_purges":1,"victory":false,"max_hp_per_floor":[80,80,80,80,85,85,85,85,85,85,85,85,85,85,85,85,85,85,85,85,85,85,85,85,85,85,85,85,85],"relic_stats":{"Dream Catcher":2,"Happy Flower":[12],"counters":[21,112],"Prayer Wheel":5,"Necronomicon":[5],"Smiling Mask":0,"obtain_stats":[{"Potion Belt":9,"Singing Bowl":0,"Happy Flower":10,"Golden Idol":5,"Vajra":26,"EVO:Axolotl":0,"Smiling Mask":6,"energizedSpire:DeadBattery":17,"Burning Blood":0,"Du-Vu Doll":9,"Dream Catcher":4,"Toolbox":0,"Tiny Chest":0,"Molten Egg 2":12,"Prayer Wheel":12,"Necronomicon":22,"Pocketwatch":7},{"Potion Belt":12,"Singing Bowl":0,"Happy Flower":4,"Golden Idol":2,"Vajra":19,"EVO:Axolotl":0,"Smiling Mask":11,"energizedSpire:DeadBattery":16,"Burning Blood":0,"Du-Vu Doll":3,"Dream Catcher":10,"Toolbox":0,"Tiny Chest":0,"Molten Egg 2":5,"Prayer Wheel":14,"Necronomicon":18,"Pocketwatch":3},{"Potion Belt":60,"Singing Bowl":0,"Happy Flower":19,"Golden Idol":8,"Vajra":104,"EVO:Axolotl":0,"Smiling Mask":57,"energizedSpire:DeadBattery":90,"Burning Blood":0,"Du-Vu Doll":12,"Dream Catcher":52,"Toolbox":0,"Tiny Chest":0,"Molten Egg 2":22,"Prayer Wheel":72,"Necronomicon":97,"Pocketwatch":12}],"Burning Blood":112},"card_choices":[{"not_picked":["Searing Blow","DDmod:PokeAttack"],"picked":"Cleave","floor":1},{"not_picked":["Heavy Blade","DDmod:EasePowerCard","Cleave"],"picked":"SKIP","floor":2},{"not_picked":["Power Through","Seeing Red"],"picked":"Shrug It Off","floor":3},{"not_picked":["TH:Mimic"],"picked":"TH:CopperCoins","floor":6},{"not_picked":["DDmod:PokeAttack","Headbutt"],"picked":"Iron Wave","floor":6},{"not_picked":["Sever Soul","Body Slam"],"picked":"Twin Strike","floor":8},{"not_picked":["TH:CopperCoins"],"picked":"TH:ElvenBoots","floor":9},{"not_picked":["Heavy Blade","Entrench"],"picked":"Pommel Strike","floor":11},{"not_picked":["TH:Mimic"],"picked":"TH:TreasureMap","floor":12},{"not_picked":["Warcry","Flame Barrier"],"picked":"Rampage","floor":12},{"not_picked":["DDmod:EasePowerCard","Armaments"],"picked":"Intimidate","floor":13},{"not_picked":["Impervious","DDmod:RapidStrikeAttack","Warcry"],"picked":"SKIP","floor":13},{"not_picked":["Armaments","Intimidate"],"picked":"Flex","floor":15},{"not_picked":["TH:ElvenBoots"],"picked":"TH:CursedSword","floor":16},{"not_picked":["Exhume","DDmod:GrandUltimatumAttack"],"picked":"Bludgeon","floor":16},{"not_picked":["Intimidate","DDmod:SpikeMailSkill"],"picked":"DDmod:SpikedSkill","floor":18},{"not_picked":["Armaments","Thunderclap"],"picked":"Shrug It Off","floor":18},{"not_picked":["Evolve+1","Body Slam+1"],"picked":"Bloodletting+1","floor":19},{"not_picked":["Rampage","Ghostly Armor"],"picked":"Shrug It Off","floor":19},{"not_picked":["TH:Mimic"],"picked":"TH:TreasureMap","floor":21},{"not_picked":["Intimidate","Thunderclap"],"picked":"Iron Wave+1","floor":23},{"not_picked":["Body Slam","Brutality"],"picked":"Shrug It Off","floor":24},{"not_picked":["Havoc","Dual Wield+1","DDmod:ScaleUpSkill"],"picked":"SKIP","floor":24},{"not_picked":["TH:EnergyPotion"],"picked":"TH:PixieDust","floor":26},{"not_picked":["Clothesline+1","Rage+1"],"picked":"Headbutt+1","floor":27},{"not_picked":["Inflame","Wild Strike","Heavy Blade"],"picked":"SKIP","floor":27}],"player_experience":276767,"relics_obtained":[{"floor":6,"key":"Smiling Mask"},{"floor":9,"key":"Potion Belt"},{"floor":12,"key":"Prayer Wheel"},{"floor":21,"key":"Happy Flower"},{"floor":26,"key":"Vajra"}],"event_choices":[{"damage_healed":0,"gold_gain":0,"player_choice":"Got Potions","damage_taken":0,"max_hp_gain":0,"max_hp_loss":0,"event_name":"Lab","floor":5,"gold_loss":0},{"damage_healed":28,"gold_gain":0,"player_choice":"Banana","damage_taken":0,"max_hp_gain":0,"max_hp_loss":0,"event_name":"Big Fish","floor":14,"gold_loss":0},{"cards_removed":["Shrug It Off"],"damage_healed":0,"gold_gain":0,"player_choice":"Give","damage_taken":0,"max_hp_gain":0,"max_hp_loss":0,"event_name":"betterNote:BetterNote","floor":20,"gold_loss":0,"cards_obtained":["Defend_R"]},{"damage_healed":0,"gold_gain":0,"player_choice":"Obtained Book","damage_taken":16,"max_hp_gain":0,"max_hp_loss":0,"event_name":"Cursed Tome","floor":22,"gold_loss":0}],"is_beta":false,"boss_relics":[{"not_picked":["Coffee Dripper","energizedSpire:SpiderWeb"],"picked":"energizedSpire:DeadBattery"}],"items_purged_floors":[4],"is_endless":false,"potions_floor_spawned":[1,3,6,11,13,16,19],"killed_by":"Gremlin Leader","ascension_level":13}}