{"host":"wvaiab5ya9pyia0u","time":1611149484,"event":{"mods":["2.2 Compatiblity","Act Like it!","Alarm Clock","Aspiration","Bard","BaseMod","Bestiary","Better Vampires","BetterRewards","Challenge The Spire","Colored Map","Colored Powertips","Conspire","Curses Come First","Custom Start","Dark Map","DeckTracker","Dio Mod","Filter the Spire","Fox Events","Hermit","Highlight Path","Hubris","Humility","Infinite Spire","Lobotomy","Mimic Mod","Minty Spire (QoL Compilation)","Pale of the Ancients","Poor People Problems","Practice Mode","Quarter Circle Forward PUNCH!","Quick Restart","Rare Cards Sparkle","Relic Sorter","Relic Stats","Replay The Spire","Reworked Bosses","SacredBarkPlus","Shop Mod","Small Relic Pack","Spicy Shops","StSLib","The Blue Laboratory","The Construct","The Cursed","The Disciple","The Factory","The Hierophant","The Jungle","The Marked","The Mystic","The Runesmith","The Servant 0.9.4","TheBandit","Thieving Mod","Wandering Minibosses","everything is the same but u backflip on backflip","slay the spire mod where everything is the same but ironclad has a cowboy hat"],"gold_per_floor":[118,118,138,155,155,155,188,188,188,188,208,237,249,280,280,377,377,392,411,37,136,136,189,189,215,215,235,41,51,67,67,67,172,172,188,26,26,36,36,36,50,50,96,96,96,113,126,143,143,143,143,143,15,50,50],"floor_reached":56,"language":"ENG","playtime":4252,"items_purged":["dioMod:Strike","dioMod:Strike"],"score":1072,"play_id":"ce6c8d3e-9e2e-4a96-b85e-f2d979073222","local_time":"20210120143124","is_ascension_mode":false,"campfire_choices":[{"data":"dioMod:Roundabout","floor":6.0,"key":"SMITH"},{"data":"dioMod:Freeze","floor":15.0,"key":"SMITH"},{"data":"dioMod:BlendIn","floor":24.0,"key":"SMITH"},{"data":"dioMod:ZaWarudo","floor":24.0,"key":"SMITH"},{"data":"dioMod:Minions","floor":42,"key":"SMITH"},{"data":"dioMod:Minions","floor":42,"key":"SMITH"},{"floor":44,"key":"RECALL"},{"data":"Panache","floor":49,"key":"SMITH"},{"data":"dioMod:GoodbyeJojo","floor":49,"key":"SMITH"},{"data":"dioMod:Freeze","floor":52,"key":"SMITH"},{"data":"dioMod:DarkRebirth","floor":52,"key":"SMITH"}],"circlet_count":0,"master_deck":["dioMod:Strike","Bite","dioMod:Defend","dioMod:Defend","dioMod:Defend","dioMod:Defend","dioMod:Roundabout+1","dioMod:BlendIn+1","dioMod:Minions+1","dioMod:WRYYY","dioMod:Regeneration","dioMod:Freeze+1","dioMod:PhantomBlood","dioMod:FlyAway+1","dioMod:Minions+1","dioMod:WRYYY","conspire:Banana","hubris:Fate","dioMod:ZaWarudo+1","dioMod:BlendIn+1","dioMod:DisarmingVoice+1","Panache+1","dioMod:Freeze+1","dioMod:KonoDioDa","dioMod:DarkRebirth+1","dioMod:GoodbyeJojo+1","dioMod:DoubleTime+1","dioMod:Roundabout+1","dioMod:Freeze+1","dioMod:WRYYY"],"relics":["relicPack:ShieldShield","hubris:Spice","hubris:Towel","Ring of Peace","aspiration:ArtOfWarUpgrade","hubris:Backtick","Replay:Arrowhead","conspire:TreasureMap","conspire:GiftBox","Replay:Baseball","relicPack:DSword","hubris:Icosahedron"],"acts_visited":["Exordium","TheCity","TheBeyond","TheEnding"],"potions_floor_usage":[38,50,54,55],"damage_taken":[{"damage":16.0,"enemies":"Jaw Worm","floor":1.0,"turns":7.0},{"damage":0.0,"enemies":"Small Slimes","floor":3.0,"turns":4.0},{"damage":0.0,"enemies":"2 Louse","floor":4.0,"turns":2.0},{"damage":34.0,"enemies":"Gremlin Nob","floor":7.0,"turns":5.0},{"damage":0.0,"enemies":"Blue Slaver","floor":11.0,"turns":3.0},{"damage":0.0,"enemies":"conspire:MimicChest","floor":12.0,"turns":6.0},{"damage":0.0,"enemies":"Exordium Wildlife","floor":13.0,"turns":4.0},{"damage":0.0,"enemies":"Lagavulin","floor":14.0,"turns":7.0},{"damage":0.0,"enemies":"Fading Forest","floor":16.0,"turns":11.0},{"damage":0.0,"enemies":"2 Thieves","floor":18.0,"turns":4.0},{"damage":0.0,"enemies":"Spheric Guardian","floor":19.0,"turns":4.0},{"damage":12.0,"enemies":"Slavers","floor":23.0,"turns":6.0},{"damage":0.0,"enemies":"Book of Stabbing","floor":25.0,"turns":6.0},{"damage":0.0,"enemies":"Chosen and Byrds","floor":27.0,"turns":1.0},{"damage":0.0,"enemies":"Snecko","floor":29.0,"turns":4.0},{"damage":0.0,"enemies":"Shelled Parasite and Fungi","floor":30.0,"turns":7.0},{"damage":0.0,"enemies":"bossMod:newChamp","floor":33.0,"turns":11.0},{"damage":0,"enemies":"3 Darklings","floor":35,"turns":6},{"damage":0,"enemies":"Orb Walker","floor":38,"turns":5},{"damage":0,"enemies":"4 Shapes","floor":41,"turns":2},{"damage":0,"enemies":"Sphere and 2 Shapes","floor":46,"turns":6},{"damage":0,"enemies":"Writhing Mass","floor":47,"turns":6},{"damage":0,"enemies":"4 Shapes","floor":48,"turns":3},{"damage":0,"enemies":"Replay:Hell Engine","floor":50,"turns":11},{"damage":4,"enemies":"Shield and Spear","floor":54,"turns":6},{"damage":110,"enemies":"The Heart","floor":55,"turns":15}],"seed_played":"4189192148243157050","potions_obtained":[{"floor":4.0,"key":"SpeedPotion"},{"floor":11.0,"key":"blueLaboratory:NullPotion"},{"floor":13.0,"key":"blueLaboratory:Moonshine"},{"floor":18.0,"key":"Weak Potion"},{"floor":23.0,"key":"FairyPotion"},{"floor":30.0,"key":"blueLaboratory:FruitPunch"},{"floor":38,"key":"Block Potion"}],"is_trial":false,"path_per_floor":["M","?","M","M","?","R","E","?","T","?","M","?","M","E","R","B",null,"M","M","$","?","?","E","R","E","T","M","$","M","M","?","R","B",null,"M","$","?","M","?","R","M","R","T","R","?","M","M","M","R","B",null,"R","$","E","B",null],"character_chosen":"THE_DEFAULT","items_purchased":["conspire:TreasureMap","dioMod:WRYYY","conspire:Banana","Panache","dioMod:DarkRebirth","LiquidBronze","dioMod:WRYYY"],"campfire_rested":0,"item_purchase_floors":[20,20,20,28,36,53,53],"current_hp_per_floor":[63,56,60,62,62,62,36,36,44,44,46,50,52,54,54,56,75,75,75,75,75,57,46,46,47,47,47,47,63,79,79,79,80,80,81,81,81,84,49,49,49,49,49,49,49,65,66,66,66,67,87,87,87,85,24],"gold":50,"neow_bonus":"BOSS_RELIC","is_daily":false,"chose_seed":false,"campfire_upgraded":10,"win_rate":0.0,"timestamp":1611149484,"path_taken":["M","?","M","M","?","R","E","?","T","?","M","?","M","E","R","BOSS","M","M","$","?","?","E","R","E","T","M","$","M","M","?","R","BOSS","M","$","?","?","?","R","M","R","T","R","?","?","M","M","R","BOSS","R","$","E","BOSS"],"items_purchased_type":["Relic","Card","Card","Card","Card","Potion","Card"],"build_version":"2020-12-22","purchased_purges":2,"victory":true,"max_hp_per_floor":[75,75,75,75,75,75,83,83,91,91,91,75,75,75,75,75,75,75,75,75,75,75,76,76,77,77,77,77,78,79,79,79,80,80,81,81,81,84,84,84,84,84,84,84,84,85,86,86,86,87,87,87,87,88,89],"relic_stats":{"counters":[26,152],"obtain_stats":[{"conspire:TreasureMap":20,"relicPack:DSword":39,"relicPack:ShieldShield":0,"hubris:Towel":8,"Replay:Arrowhead":17,"conspire:GiftBox":23,"Replay:Baseball":26,"hubris:Backtick":17,"hubris:Icosahedron":45,"dioMod:VampireBlood":0,"hubris:Spice":7,"Ring of Peace":10,"aspiration:ArtOfWarUpgrade":40,"Art of War":14},{"conspire:TreasureMap":11,"relicPack:DSword":19,"relicPack:ShieldShield":0,"hubris:Towel":4,"Replay:Arrowhead":9,"conspire:GiftBox":12,"Replay:Baseball":13,"hubris:Backtick":9,"hubris:Icosahedron":20,"dioMod:VampireBlood":0,"hubris:Spice":4,"Ring of Peace":4,"aspiration:ArtOfWarUpgrade":19,"Art of War":8},{"conspire:TreasureMap":57,"relicPack:DSword":103,"relicPack:ShieldShield":0,"hubris:Towel":18,"Replay:Arrowhead":49,"conspire:GiftBox":63,"Replay:Baseball":69,"hubris:Backtick":49,"hubris:Icosahedron":105,"dioMod:VampireBlood":0,"hubris:Spice":18,"Ring of Peace":18,"aspiration:ArtOfWarUpgrade":103,"Art of War":38}]},"card_choices":[{"not_picked":["dioMod:BloodSplash","dioMod:ComboFever"],"picked":"dioMod:Roundabout","floor":1.0},{"not_picked":["dioMod:BloodSplash","dioMod:SadisticLaugh","dioMod:DaggerToss"],"picked":"SKIP","floor":3.0},{"not_picked":["dioMod:TripleThreat","dioMod:DarkRebirth"],"picked":"dioMod:BlendIn","floor":4.0},{"not_picked":["dioMod:Pluck","dioMod:DoubleTime"],"picked":"dioMod:Minions","floor":7.0},{"not_picked":["dioMod:SecretPlan","dioMod:Hiss"],"picked":"dioMod:WRYYY","floor":11.0},{"not_picked":["dioMod:Donut","dioMod:Hiss"],"picked":"hubris:SpiceAddiction","floor":12.0},{"not_picked":["dioMod:Donut","dioMod:HeavyLifting"],"picked":"dioMod:Regeneration","floor":13.0},{"not_picked":["dioMod:CautiousMuda","dioMod:Pluck"],"picked":"dioMod:Freeze","floor":14.0},{"not_picked":["hubris:SpiceAddiction","dioMod:Refresh"],"picked":"dioMod:PhantomBlood","floor":16.0},{"not_picked":["dioMod:DaggerToss","dioMod:TripleThreat"],"picked":"dioMod:FlyAway+1","floor":18.0},{"not_picked":["dioMod:DaggerToss+1","dioMod:StreetSign+1"],"picked":"dioMod:Minions","floor":19.0},{"not_picked":["infinitespire:Execution","infinitespire:SealOfDarkness+"],"picked":"hubris:Fate","floor":22.0},{"not_picked":["dioMod:TheWalk","dioMod:Refresh"],"picked":"dioMod:ZaWarudo","floor":23.0},{"not_picked":["dioMod:Minions","dioMod:FlyAway"],"picked":"dioMod:BlendIn","floor":23.0},{"not_picked":["dioMod:DaggerSpree","dioMod:BloodShield+1"],"picked":"dioMod:DisarmingVoice+1","floor":25.0},{"not_picked":["dioMod:DominatingPresence+1","dioMod:MudaMudaMuda","dioMod:CautiousMuda"],"picked":"SKIP","floor":27.0},{"not_picked":["dioMod:StreetSign+1","dioMod:TripleThreat+1"],"picked":"dioMod:Freeze","floor":29.0},{"not_picked":["dioMod:Roundabout","hubris:SpiceAddiction","dioMod:StreetSign+1"],"picked":"SKIP","floor":30.0},{"not_picked":["dioMod:SevenPageMuda","dioMod:PhantomBlood"],"picked":"dioMod:KonoDioDa","floor":33.0},{"not_picked":["dioMod:DaggerToss","dioMod:FlyAway","hubris:SpiceAddiction"],"picked":"SKIP","floor":35},{"not_picked":["dioMod:DominatingPresence","dioMod:LaserVision+1"],"picked":"dioMod:DoubleTime+1","floor":38},{"not_picked":["dioMod:DaggerToss+1","dioMod:GoodbyeJojo+1"],"picked":"dioMod:Roundabout+1","floor":41},{"not_picked":["dioMod:Hiss+1","hubris:SpiceAddiction","dioMod:Muda"],"picked":"SKIP","floor":46},{"not_picked":["hubris:SpiceAddiction","dioMod:TripleThreat+1"],"picked":"dioMod:Freeze+1","floor":47},{"not_picked":["dioMod:BloodSplash","dioMod:LaserVision","dioMod:BloodShield+1"],"picked":"SKIP","floor":48},{"not_picked":["hubris:SpiceAddiction","hubris:SpiceAddiction","dioMod:Muda"],"picked":"SKIP","floor":54}],"player_experience":252121,"relics_obtained":[{"floor":7.0,"key":"hubris:Spice"},{"floor":9.0,"key":"hubris:Spice"},{"floor":10.0,"key":"Ring of Peace"},{"floor":12.0,"key":"hubris:Spice"},{"floor":14.0,"key":"Art of War"},{"floor":23.0,"key":"conspire:GiftBox"},{"floor":26.0,"key":"Replay:Baseball"}],"event_choices":[{"cards_removed":["dioMod:Strike"],"damage_healed":0.0,"max_hp_gain":0.0,"max_hp_loss":0.0,"gold_gain":0.0,"event_name":"Golden Wing","player_choice":"Card Removal","floor":2.0,"gold_loss":0.0,"damage_taken":7.0},{"damage_healed":0.0,"max_hp_gain":0.0,"max_hp_loss":0.0,"gold_gain":99.0,"event_name":"Nest","player_choice":"Stole From Cult","floor":21.0,"gold_loss":0.0,"damage_taken":0.0},{"damage_healed":0,"gold_gain":0,"player_choice":"1 cards matched","damage_taken":0,"max_hp_gain":0,"max_hp_loss":0,"event_name":"Match and Keep!","floor":37,"gold_loss":0,"cards_obtained":["dioMod:GoodbyeJojo"]}],"is_beta":false,"boss_relics":[{"not_picked":["SlaversCollar","hubris:HollowSoul"],"picked":"hubris:Backtick"},{"not_picked":["Runesmith:UraniumAnvil","hubris:Spice","hubris:Spice"]}],"items_purged_floors":[20,36],"is_endless":false,"potions_floor_spawned":[4,11,13,18,23,29,30,38,48],"ascension_level":0}}