{"host":"j9baodu4kuls384b","time":1611114247,"event":{"mods":["BaseMod","Colored Map","Colored Powertips","Minty Spire (QoL Compilation)","Replay The Spire","StSLib"],"gold_per_floor":[113,132,145,3,21,53,65,105,144,168,205,217,229,241,253,389,401,407,419,54,78,98,129,129,167,218,239,263,203,228,8,8,127,127,147,147,163,177,177,217,217,217,217,217,217],"floor_reached":44,"language":"ENG","playtime":3410,"items_purged":["Sickly"],"score":575,"play_id":"d242378f-49ed-4d8b-a663-83e544e9bc54","local_time":"20210119224407","is_ascension_mode":true,"campfire_choices":[{"floor":7.0,"key":"REST"},{"floor":12.0,"key":"REST"},{"floor":15.0,"key":"REST"},{"floor":24,"key":"REST"},{"data":"After Image","floor":32,"key":"SMITH"},{"data":"ReplayTheSpireMod:Scrap Shanks","floor":41,"key":"SMITH"}],"circlet_count":0,"master_deck":["Strike_G","Strike_G+1","Strike_G","Defend_G","Defend_G+1","Defend_G+1","Defend_G","Defend_G","Survivor","Neutralize","Hidden Blade","Poisoned Stab","ReplayTheSpireMod:The Works+1","After Image+1","Sucker Punch","Acrobatics","Quick Slash","Prepared","Replay:Bag of Tricks","Blade Dance+1","Footwork","ReplayTheSpireMod:Scrap Shanks+1","Backstab+1","Choke","Dagger Throw+1","Backflip+1","Concentrate","Die Die Die","Hallucinations","Fluid Movement+1","Footwork","Reflex+1","Regret","Injury"],"relics":["Ring of the Snake","Tough Bandages","MawBank","MealTicket","Simple Rune","Dream Catcher","Golden Idol","Cursed Key","Ninja Scroll","Replay:Wax Seal","Bird Faced Urn","Tiny Chest","Bronze Scales","Empty Cage","Ring of Hypnosis","ReplayTheSpireMod:Ring of Addiction","Potion Belt","White Beast Statue","Replay:PocketPolymizer","TungstenRod","ReplayTheSpireMod:Shallot","Garlic"],"acts_visited":["Exordium","TheCity","TheBeyond"],"potions_floor_usage":[33,33,37,40,44],"damage_taken":[{"damage":0.0,"enemies":"Cultist","floor":1.0,"turns":4.0},{"damage":0.0,"enemies":"Jaw Worm","floor":2.0,"turns":4.0},{"damage":0.0,"enemies":"Small Slimes","floor":3.0,"turns":3.0},{"damage":16.0,"enemies":"Gremlin Gang","floor":5.0,"turns":7.0},{"damage":21.0,"enemies":"3 Sentries","floor":6.0,"turns":11.0},{"damage":19.0,"enemies":"Lagavulin","floor":8.0,"turns":10.0},{"damage":6.0,"enemies":"Exordium Wildlife","floor":10.0,"turns":8.0},{"damage":2.0,"enemies":"3 Sentries","floor":11.0,"turns":10.0},{"damage":12.0,"enemies":"Slime Boss","floor":16.0,"turns":5.0},{"damage":2.0,"enemies":"2 Thieves","floor":18.0,"turns":4.0},{"damage":0.0,"enemies":"3 Byrds","floor":21.0,"turns":3.0},{"damage":13,"enemies":"Cultist and Chosen","floor":22,"turns":6},{"damage":15,"enemies":"Replay:Snechameleon","floor":23,"turns":6},{"damage":14,"enemies":"Book of Stabbing","floor":25,"turns":5},{"damage":0,"enemies":"Snecko","floor":27,"turns":3},{"damage":15,"enemies":"Shelled Parasite and Fungi","floor":28,"turns":6},{"damage":1,"enemies":"3 Cultists","floor":30,"turns":5},{"damage":37,"enemies":"Automaton","floor":33,"turns":12},{"damage":0,"enemies":"3 Darklings","floor":35,"turns":3},{"damage":0,"enemies":"3 Shapes","floor":37,"turns":2},{"damage":10,"enemies":"Jaw Worm Horde","floor":38,"turns":5},{"damage":25,"enemies":"Giant Head","floor":40,"turns":10},{"damage":51,"enemies":"Transient","floor":44,"turns":5}],"seed_played":"-6725596545696977678","potions_obtained":[{"floor":5.0,"key":"Fire Potion"},{"floor":6.0,"key":"Death Potion"},{"floor":21.0,"key":"AttackPotion"},{"floor":22,"key":"BlessingOfTheForge"},{"floor":23,"key":"Weak Potion"},{"floor":28,"key":"Elixir"},{"floor":35,"key":"Milkshake"},{"floor":36,"key":"SneckoOil"},{"floor":36,"key":"Explosive Potion"},{"floor":36,"key":"DuplicationPotion"},{"floor":37,"key":"AttackPotion"},{"floor":40,"key":"BlessingOfTheForge"}],"is_trial":false,"path_per_floor":["M","M","M","$","M","E","R","E","T","M","E","R","?","?","R","B",null,"M","?","$","M","M","E","R","E","T","M","M","?","M","$","R_BF","B",null,"M","?","M","M","?","E","R","T","T","M"],"character_chosen":"THE_SILENT","items_purchased":["After Image","ReplayTheSpireMod:Scrap Shanks","Ninja Scroll","Backstab+1","Bronze Scales"],"campfire_rested":4,"item_purchase_floors":[4,20,20,20,31],"current_hp_per_floor":[49,49,49,49,33,12,33,14,14,8,6,27,27,14,33,21,65,63,63,65,65,52,37,56,42,42,48,35,35,38,53,53,22,65,65,65,65,57,57,40,40,40,40,0,0],"gold":217,"neow_bonus":"ONE_RARE_RELIC","is_daily":false,"chose_seed":false,"campfire_upgraded":2,"win_rate":0.0,"timestamp":1611114247,"path_taken":["M","M","M","$","M","E","R","E","T","M","E","R","?","?","R","BOSS","M","?","$","M","M","E","R","E","T","M","M","?","M","$","R_BF","BOSS","M","?","M","M","?","E","R","?","T","M"],"items_purchased_type":["Card","Card","Relic","Card","Relic"],"build_version":"2020-12-22","purchased_purges":1,"victory":false,"max_hp_per_floor":[70,70,70,70,70,70,70,70,70,70,70,70,65,65,65,65,65,65,65,65,65,65,65,65,65,65,65,65,65,65,65,65,65,65,65,65,65,65,65,65,65,65,65,63,63],"card_choices":[{"not_picked":["Flying Knee","Quick Slash"],"picked":"Hidden Blade","floor":1.0},{"not_picked":["PiercingWail","Acrobatics"],"picked":"Poisoned Stab","floor":2.0},{"not_picked":["Finisher","Masterful Stab"],"picked":"ReplayTheSpireMod:The Works","floor":3.0},{"not_picked":["Deflect","Tactician","Toxin Wave"],"picked":"SKIP","floor":5.0},{"not_picked":["Deflect","ReplayTheSpireMod:Tripwire","Heel Hook"],"picked":"SKIP","floor":6.0},{"not_picked":["Burst","Slice"],"picked":"Sucker Punch","floor":8.0},{"not_picked":["Flechettes","Sneak Up"],"picked":"Acrobatics","floor":10.0},{"not_picked":["Eviscerate","Flechettes","Quick Slash"],"picked":"SKIP","floor":11.0},{"not_picked":["Eviscerate","Flechettes"],"picked":"Quick Slash","floor":11.0},{"not_picked":["Sucker Punch","Crippling Poison"],"picked":"Prepared","floor":12.0},{"not_picked":["Unload","Malaise"],"picked":"Replay:Bag of Tricks","floor":16.0},{"not_picked":["Quick Slash+1","Escape Plan"],"picked":"Blade Dance+1","floor":18.0},{"not_picked":["Sneak Up","Deflect"],"picked":"Choke","floor":21.0},{"not_picked":["Deadly Poison","Flying Knee+1"],"picked":"Dagger Throw+1","floor":22},{"not_picked":["Malaise","Outmaneuver"],"picked":"Backflip+1","floor":23},{"not_picked":["PiercingWail","Setup","Bullet Time"],"picked":"SKIP","floor":25},{"not_picked":["Concentrate","ReplayTheSpireMod:Shiv Toss+1","Dodge and Roll"],"picked":"SKIP","floor":27},{"not_picked":["ReplayTheSpireMod:Shiv Toss+1","Dodge and Roll"],"picked":"Concentrate","floor":27},{"not_picked":["Dagger Spray","Well Laid Plans+1","Sucker Punch"],"picked":"SKIP","floor":28},{"not_picked":["Dodge and Roll","Outmaneuver+1","Deflect"],"picked":"SKIP","floor":30},{"not_picked":["ReplayTheSpireMod:Necrosis","Doppelganger"],"picked":"Die Die Die","floor":33},{"not_picked":["Deadly Poison","Deflect","ReplayTheSpireMod:Tripwire+1"],"picked":"SKIP","floor":35},{"not_picked":["Dagger Spray","Cloak And Dagger"],"picked":"Fluid Movement+1","floor":37},{"not_picked":["Deadly Poison+1","Dagger Spray"],"picked":"Footwork","floor":38},{"not_picked":["Sucker Punch","Distraction+1"],"picked":"Reflex+1","floor":40}],"player_experience":202913,"relics_obtained":[{"floor":6.0,"key":"MawBank"},{"floor":8.0,"key":"MealTicket"},{"floor":9.0,"key":"Simple Rune"},{"floor":11.0,"key":"Dream Catcher"},{"floor":23,"key":"Replay:Wax Seal"},{"floor":25,"key":"Bird Faced Urn"},{"floor":26,"key":"Tiny Chest"},{"floor":36,"key":"Ring of Hypnosis"},{"floor":36,"key":"ReplayTheSpireMod:Ring of Addiction"},{"floor":36,"key":"Potion Belt"},{"floor":36,"key":"White Beast Statue"},{"floor":40,"key":"TungstenRod"},{"floor":42,"key":"ReplayTheSpireMod:Shallot"},{"floor":43,"key":"Garlic"}],"event_choices":[{"damage_healed":0.0,"max_hp_gain":0.0,"max_hp_loss":5.0,"gold_gain":0.0,"event_name":"Golden Idol","player_choice":"Lose Max HP","floor":13.0,"gold_loss":0.0,"damage_taken":0.0,"relics_obtained":["Golden Idol"]},{"damage_healed":0.0,"max_hp_gain":0.0,"max_hp_loss":0.0,"gold_gain":0.0,"event_name":"Shining Light","player_choice":"Entered Light","floor":14.0,"gold_loss":0.0,"damage_taken":13.0,"cards_upgraded":["Strike_G","ReplayTheSpireMod:The Works"]},{"damage_healed":0.0,"max_hp_gain":0.0,"max_hp_loss":0.0,"gold_gain":0.0,"event_name":"The Library","player_choice":"Read","floor":19.0,"gold_loss":0.0,"damage_taken":0.0,"cards_obtained":["Footwork"]},{"damage_healed":0,"gold_gain":0,"player_choice":"Gave Potion","damage_taken":0,"relics_obtained":["Replay:PocketPolymizer"],"max_hp_gain":0,"max_hp_loss":0,"event_name":"WeMeetAgain","floor":39,"gold_loss":0}],"is_beta":false,"boss_relics":[{"not_picked":["ChewingGum","SlaversCollar"],"picked":"Cursed Key"},{"not_picked":["SacredBark","Black Star"],"picked":"Empty Cage"}],"items_purged_floors":[31],"is_endless":false,"potions_floor_spawned":[5,6,21,22,23,28,30,35,37,38,40],"killed_by":"Transient","ascension_level":1}}