{"host":"3zmssa4s99zhxek5","time":1611148212,"event":{"mods":["AchievementEnabler","BaseMod","Minty Spire (QoL Compilation)","Permanent Neow","Relic Stats"],"gold_per_floor":[118,133,133,152,162,192,192,222,304,62,137,153,164,177,177,254,254,265,165,182,57,57,86,86,111,111,111,111,128,148,162,162,235,235,245,245,260,280,43,70,101,138,177,202,47,77,77,93,93,93,93],"floor_reached":50,"language":"KOR","playtime":5218,"items_purged":["Strike_G","Strike_G","Strike_G","Parasite"],"score":1212,"play_id":"ee0726b7-8b1b-45e9-a681-3a10f0464302","local_time":"20210120221012","is_ascension_mode":true,"campfire_choices":[{"data":"Glass Knife","floor":7,"key":"SMITH"},{"data":"PiercingWail","floor":15,"key":"SMITH"},{"data":"Terror","floor":24,"key":"SMITH"},{"floor":28,"key":"REST"},{"data":"Footwork","floor":32,"key":"SMITH"},{"data":"Footwork","floor":47,"key":"SMITH"},{"data":"Footwork","floor":49,"key":"SMITH"}],"circlet_count":0,"master_deck":["AscendersBane","Strike_G","Defend_G","Defend_G","Defend_G","Defend_G","Defend_G","Survivor","Neutralize","Apotheosis+1","Quick Slash","Dagger Spray","Terror+1","Slice","Glass Knife+1","Blade Dance","PiercingWail+1","Deflect","Dagger Spray","Unload","Crippling Poison","Acrobatics","After Image","Leg Sweep","Footwork+1","Deflect","Backflip","Wraith Form v2","Blur","All Out Attack","Footwork+1","Backflip+1","Dagger Spray","Blur","Leg Sweep","Dodge and Roll+1","Footwork+1","Dagger Spray+1"],"relics":["Ring of the Serpent","Orichalcum","Lizard Tail","Meat on the Bone","Ancient Tea Set","Bag of Preparation","Regal Pillow","Mummified Hand","Coffee Dripper","MawBank","Prayer Wheel","Anchor","Oddly Smooth Stone","Happy Flower"],"acts_visited":["Exordium","TheCity","TheBeyond"],"potions_floor_usage":[6,25,33,33,46,50],"damage_taken":[{"damage":0,"enemies":"2 Louse","floor":1,"turns":3},{"damage":0,"enemies":"Cultist","floor":2,"turns":3},{"damage":0,"enemies":"Small Slimes","floor":4,"turns":3},{"damage":14,"enemies":"3 Louse","floor":5,"turns":5},{"damage":0,"enemies":"Lagavulin","floor":6,"turns":5},{"damage":5,"enemies":"Gremlin Nob","floor":8,"turns":3},{"damage":8,"enemies":"Blue Slaver","floor":12,"turns":3},{"damage":7,"enemies":"Exordium Thugs","floor":13,"turns":4},{"damage":9,"enemies":"3 Louse","floor":14,"turns":5},{"damage":15,"enemies":"Hexaghost","floor":16,"turns":10},{"damage":0,"enemies":"2 Thieves","floor":18,"turns":3},{"damage":11,"enemies":"Shell Parasite","floor":20,"turns":4},{"damage":2,"enemies":"Gremlin Leader","floor":23,"turns":5},{"damage":35,"enemies":"Slavers","floor":25,"turns":5},{"damage":2,"enemies":"Snecko","floor":29,"turns":5},{"damage":0,"enemies":"Centurion and Healer","floor":30,"turns":7},{"damage":1,"enemies":"3 Cultists","floor":31,"turns":5},{"damage":64,"enemies":"Collector","floor":33,"turns":10},{"damage":0,"enemies":"3 Shapes","floor":35,"turns":4},{"damage":0,"enemies":"Orb Walker","floor":37,"turns":3},{"damage":11,"enemies":"Writhing Mass","floor":38,"turns":9},{"damage":2,"enemies":"Nemesis","floor":40,"turns":11},{"damage":9,"enemies":"Transient","floor":41,"turns":6},{"damage":2,"enemies":"Mind Bloom Boss Battle","floor":42,"turns":7},{"damage":6,"enemies":"4 Shapes","floor":44,"turns":18},{"damage":16,"enemies":"Reptomancer","floor":46,"turns":9},{"damage":6,"enemies":"Jaw Worm Horde","floor":48,"turns":13},{"damage":40,"enemies":"Awakened One","floor":50,"turns":18}],"seed_played":"-515685714108443033","potions_obtained":[{"floor":4,"key":"SteroidPotion"},{"floor":6,"key":"FearPotion"},{"floor":8,"key":"LiquidBronze"},{"floor":13,"key":"CunningPotion"},{"floor":16,"key":"PowerPotion"},{"floor":18,"key":"Ancient Potion"},{"floor":25,"key":"Fire Potion"},{"floor":30,"key":"CunningPotion"},{"floor":40,"key":"Swift Potion"},{"floor":42,"key":"SkillPotion"},{"floor":44,"key":"Weak Potion"}],"is_trial":false,"path_per_floor":["M","M","?","M","M","E","R","E","T","$","?","M","M","M","R","B",null,"M","$","M","$","?","E","R","E","T","?","R","M","M","M","R","B",null,"M","?","M","M","$","E","M","?","T","M","$","E","R","M","R","B"],"character_chosen":"THE_SILENT","items_purchased":["Ancient Tea Set","Footwork","Oddly Smooth Stone"],"campfire_rested":1,"item_purchase_floors":[10,39,45],"current_hp_per_floor":[59,59,59,59,45,45,45,40,40,40,29,33,38,41,41,38,55,55,55,44,44,44,42,42,19,19,19,52,50,50,49,49,42,56,56,56,56,45,45,43,34,32,32,38,38,34,34,40,40,0,0],"gold":93,"neow_bonus":"RANDOM_COLORLESS_2","is_daily":false,"chose_seed":false,"campfire_upgraded":6,"win_rate":0.0,"timestamp":1611148212,"path_taken":["M","M","?","?","M","E","R","E","T","$","?","M","M","M","R","BOSS","M","$","M","$","?","E","R","E","T","?","R","M","M","?","R","BOSS","M","?","?","M","$","E","M","?","T","M","$","E","R","M","R","BOSS"],"items_purchased_type":["Relic","Card","Relic"],"build_version":"2020-12-22","purchased_purges":4,"victory":false,"max_hp_per_floor":[60,60,60,60,60,60,60,60,60,60,60,60,60,60,60,60,60,60,60,60,60,60,60,60,60,60,60,60,60,60,60,60,60,60,60,60,60,60,57,57,57,57,57,57,57,57,57,57,57,57,57],"relic_stats":{"Lizard Tail":30,"Regal Pillow":15,"Happy Flower":[10],"counters":[28,186],"Mummified Hand":[45],"Prayer Wheel":2,"Bag of Preparation":[30],"Orichalcum":[144],"MawBank":60,"obtain_stats":[{"Regal Pillow":25,"Happy Flower":46,"Oddly Smooth Stone":45,"Bag of Preparation":23,"Orichalcum":6,"Ancient Tea Set":10,"MawBank":40,"Lizard Tail":8,"Anchor":43,"Mummified Hand":26,"Prayer Wheel":42,"Coffee Dripper":34,"Ring of the Serpent":17,"Ring of the Snake":0,"Meat on the Bone":9},{"Regal Pillow":14,"Happy Flower":26,"Oddly Smooth Stone":25,"Bag of Preparation":13,"Orichalcum":5,"Ancient Tea Set":6,"MawBank":22,"Lizard Tail":6,"Anchor":24,"Mummified Hand":14,"Prayer Wheel":24,"Coffee Dripper":18,"Ring of the Serpent":10,"Ring of the Snake":0,"Meat on the Bone":6},{"Regal Pillow":61,"Happy Flower":155,"Oddly Smooth Stone":146,"Bag of Preparation":56,"Orichalcum":19,"Ancient Tea Set":22,"MawBank":115,"Lizard Tail":22,"Anchor":128,"Mummified Hand":61,"Prayer Wheel":128,"Coffee Dripper":88,"Ring of the Serpent":44,"Ring of the Snake":0,"Meat on the Bone":22}],"Meat on the Bone":108},"card_choices":[{"not_picked":["Master of Strategy","Mayhem"],"picked":"Apotheosis","floor":0},{"not_picked":["Dodge and Roll","Accuracy"],"picked":"Quick Slash","floor":1},{"not_picked":["Slice","Sucker Punch"],"picked":"Dagger Spray","floor":2},{"not_picked":["Deflect","Flying Knee"],"picked":"Terror","floor":4},{"not_picked":["Reflex","Blur"],"picked":"Slice","floor":5},{"not_picked":["Bane","Backflip"],"picked":"Glass Knife","floor":6},{"not_picked":["Dagger Throw","Bane"],"picked":"Blade Dance","floor":8},{"not_picked":["Flying Knee","Tactician"],"picked":"PiercingWail","floor":12},{"not_picked":["Poisoned Stab","PiercingWail"],"picked":"Deflect","floor":13},{"not_picked":["Acrobatics","Prepared"],"picked":"Dagger Spray","floor":14},{"not_picked":["Doppelganger","A Thousand Cuts"],"picked":"Unload","floor":16},{"not_picked":["Concentrate","All Out Attack"],"picked":"Crippling Poison","floor":18},{"not_picked":["Bouncing Flask","Bane+1"],"picked":"Acrobatics","floor":20},{"not_picked":["Finisher","Heel Hook","Masterful Stab"],"picked":"SKIP","floor":23},{"not_picked":["Quick Slash","Storm of Steel","Sucker Punch"],"picked":"SKIP","floor":25},{"not_picked":["PiercingWail+1","Sucker Punch"],"picked":"Footwork","floor":29},{"not_picked":["Slice","PiercingWail"],"picked":"Deflect","floor":30},{"not_picked":["Endless Agony","Underhanded Strike+1"],"picked":"Backflip","floor":31},{"not_picked":["A Thousand Cuts","Envenom"],"picked":"Wraith Form v2","floor":33},{"not_picked":["Sucker Punch","Tactician","Dagger Spray+1"],"picked":"SKIP","floor":35},{"not_picked":["Outmaneuver","Dodge and Roll"],"picked":"Blur","floor":37},{"not_picked":["Infinite Blades","PiercingWail"],"picked":"All Out Attack","floor":38},{"not_picked":["Skewer","Underhanded Strike","Deadly Poison"],"picked":"SKIP","floor":40},{"not_picked":["Concentrate","Sucker Punch"],"picked":"Backflip+1","floor":41},{"not_picked":["Cloak And Dagger","Tactician"],"picked":"Dagger Spray","floor":42},{"not_picked":["Flying Knee","All Out Attack"],"picked":"Blur","floor":44},{"not_picked":["Prepared","Backflip"],"picked":"Leg Sweep","floor":44},{"not_picked":["Bullet Time","Quick Slash"],"picked":"Dodge and Roll+1","floor":46},{"not_picked":["Cloak And Dagger","Quick Slash"],"picked":"Footwork","floor":48},{"not_picked":["Poisoned Stab","Bouncing Flask"],"picked":"Dagger Spray+1","floor":48}],"player_experience":1546335,"relics_obtained":[{"floor":6,"key":"Orichalcum"},{"floor":8,"key":"Lizard Tail"},{"floor":9,"key":"Meat on the Bone"},{"floor":23,"key":"Bag of Preparation"},{"floor":25,"key":"Regal Pillow"},{"floor":26,"key":"Mummified Hand"},{"floor":40,"key":"MawBank"},{"floor":42,"key":"Prayer Wheel"},{"floor":43,"key":"Anchor"},{"floor":46,"key":"Happy Flower"}],"event_choices":[{"damage_healed":0,"gold_gain":0,"player_choice":"Upgraded","damage_taken":0,"max_hp_gain":0,"max_hp_loss":0,"event_name":"Upgrade Shrine","floor":3,"gold_loss":0,"cards_upgraded":["Apotheosis"]},{"damage_healed":0,"gold_gain":75,"player_choice":"Gather Gold","damage_taken":11,"max_hp_gain":0,"max_hp_loss":0,"event_name":"World of Goop","floor":11,"gold_loss":0},{"damage_healed":0,"gold_gain":0,"player_choice":"Ignored","damage_taken":0,"max_hp_gain":0,"max_hp_loss":0,"event_name":"Ghosts","floor":22,"gold_loss":0},{"damage_healed":0,"gold_gain":0,"player_choice":"2 cards matched","damage_taken":0,"max_hp_gain":0,"max_hp_loss":0,"event_name":"Match and Keep!","floor":27,"gold_loss":0,"cards_obtained":["After Image","Leg Sweep"]},{"cards_removed":["Strike_G"],"damage_healed":0,"gold_gain":0,"player_choice":"Purged","damage_taken":0,"max_hp_gain":0,"max_hp_loss":0,"event_name":"Purifier","floor":36,"gold_loss":0},{"damage_healed":0,"gold_gain":0,"player_choice":"Fight","damage_taken":0,"max_hp_gain":0,"max_hp_loss":0,"event_name":"MindBloom","floor":42,"gold_loss":0}],"is_beta":false,"boss_relics":[{"not_picked":["Empty Cage","Tiny House"],"picked":"Ring of the Serpent"},{"not_picked":["Runic Dome","Snecko Eye"],"picked":"Coffee Dripper"}],"items_purged_floors":[10,19,21,39],"is_endless":false,"potions_floor_spawned":[4,6,8,13,16,18,20,25,30,40,42,44],"killed_by":"Awakened One","ascension_level":20}}