{"host":"oigynbtg272c19pw","time":1611158014,"event":{"mods":["BaseMod","Colored Map","Minty Spire (QoL Compilation)","Relic Stats","Slay the Relics Exporter","StSLib"],"gold_per_floor":[13,33,33,53,72,72,85,85,111,111,111,142,154,169,169,243,243,258,5,17,28,45,45,45,45],"floor_reached":24,"playtime":1090,"items_purged":["Strike_G"],"score":404,"play_id":"3282124f-b941-4d05-9d1c-73084407b49a","local_time":"20210120165334","is_ascension_mode":true,"campfire_choices":[{"data":"Poisoned Stab","floor":6.0,"key":"SMITH"},{"data":"Catalyst","floor":8.0,"key":"SMITH"},{"data":"Bane","floor":10.0,"key":"SMITH"},{"floor":15.0,"key":"REST"},{"floor":23,"key":"REST"}],"circlet_count":0,"master_deck":["AscendersBane","Strike_G","Strike_G","Strike_G+1","Strike_G+1","Defend_G","Defend_G","Defend_G","Defend_G","Defend_G","Survivor","Neutralize","Terror+1","Catalyst+1","Poisoned Stab+1","Deflect","Bane+1","Sucker Punch","Dagger Throw","Wraith Form v2","Bouncing Flask","Dash","Bandage Up","Blade Dance+1","Deadly Poison"],"relics":["Ring of the Snake","Ice Cream","Omamori","Whetstone","Runic Dome"],"acts_visited":["Exordium","TheCity"],"potions_floor_usage":[16,20,24],"damage_taken":[{"damage":0.0,"enemies":"Cultist","floor":1.0,"turns":4.0},{"damage":0.0,"enemies":"2 Louse","floor":2.0,"turns":4.0},{"damage":5.0,"enemies":"Jaw Worm","floor":4.0,"turns":4.0},{"damage":24.0,"enemies":"Large Slime","floor":5.0,"turns":8.0},{"damage":3.0,"enemies":"Looter","floor":7.0,"turns":4.0},{"damage":18.0,"enemies":"3 Sentries","floor":12.0,"turns":11.0},{"damage":5.0,"enemies":"Red Slaver","floor":13.0,"turns":3.0},{"damage":0.0,"enemies":"Large Slime","floor":14.0,"turns":4.0},{"damage":12,"enemies":"Hexaghost","floor":16,"turns":8},{"damage":19,"enemies":"Spheric Guardian","floor":18,"turns":6},{"damage":7,"enemies":"Shell Parasite","floor":20,"turns":5},{"damage":17,"enemies":"Centurion and Healer","floor":21,"turns":7},{"damage":3,"enemies":"Snake Plant","floor":22,"turns":4},{"damage":50,"enemies":"Slavers","floor":24,"turns":4}],"seed_played":"7939127581669776600","potions_obtained":[{"floor":2.0,"key":"SteroidPotion"},{"floor":5.0,"key":"Weak Potion"},{"floor":7.0,"key":"Dexterity Potion"},{"floor":12.0,"key":"SpeedPotion"},{"floor":20,"key":"Explosive Potion"},{"floor":22,"key":"CultistPotion"}],"is_trial":false,"path_per_floor":["M","M","$","M","M","R","M","R","T","R","?","E","M","M","R","B",null,"M","$","M","M","M","R","E"],"character_chosen":"THE_SILENT","items_purchased":["Dash","Bandage Up"],"campfire_rested":2,"item_purchase_floors":[19,19],"current_hp_per_floor":[59,59,59,54,30,30,27,27,27,27,27,9,4,4,23,11,52,33,33,30,17,18,37,0,0],"gold":45,"neow_bonus":"ONE_RARE_RELIC","is_daily":false,"chose_seed":false,"campfire_upgraded":3,"win_rate":0.0,"timestamp":1611158014,"path_taken":["M","?","$","M","?","R","?","R","T","R","?","E","M","?","R","BOSS","M","$","M","M","M","R","E"],"items_purchased_type":["Card","Card"],"build_version":"2020-12-13","purchased_purges":1,"victory":false,"max_hp_per_floor":[66,66,66,66,66,66,66,66,66,66,66,66,66,66,66,66,66,66,66,66,66,66,66,66,66],"relic_stats":{"counters":[14,76],"Whetstone":["Strike_G","Strike_G"],"obtain_stats":[{"Ice Cream":0,"Runic Dome":17,"Omamori":9,"Whetstone":12,"Ring of the Snake":0},{"Ice Cream":0,"Runic Dome":9,"Omamori":5,"Whetstone":6,"Ring of the Snake":0},{"Ice Cream":0,"Runic Dome":50,"Omamori":24,"Whetstone":35,"Ring of the Snake":0}],"Ring of the Snake":[28]},"card_choices":[{"not_picked":["Poisoned Stab","Deadly Poison"],"picked":"Terror","floor":1.0},{"not_picked":["Backflip","Acrobatics"],"picked":"Catalyst","floor":2.0},{"not_picked":["Dagger Spray","Flying Knee"],"picked":"Poisoned Stab","floor":4.0},{"not_picked":["Sucker Punch","Unload"],"picked":"Deflect","floor":5.0},{"not_picked":["Backflip","Cloak And Dagger"],"picked":"Bane","floor":7.0},{"not_picked":["Infinite Blades","Concentrate"],"picked":"Sucker Punch","floor":12.0},{"not_picked":["Sucker Punch","All Out Attack","Masterful Stab"],"picked":"SKIP","floor":13.0},{"not_picked":["Accuracy","Dagger Spray"],"picked":"Dagger Throw","floor":14.0},{"not_picked":["Phantasmal Killer","Storm of Steel"],"picked":"Wraith Form v2","floor":16},{"not_picked":["Deflect","Dagger Spray"],"picked":"Bouncing Flask","floor":18},{"not_picked":["Bane","Quick Slash"],"picked":"Blade Dance+1","floor":20},{"not_picked":["PiercingWail","Dagger Spray"],"picked":"Deadly Poison","floor":21},{"not_picked":["Quick Slash","Poisoned Stab+1","Underhanded Strike"],"picked":"SKIP","floor":22}],"player_experience":1447829,"relics_obtained":[{"floor":9.0,"key":"Omamori"},{"floor":12.0,"key":"Whetstone"}],"event_choices":[{"damage_healed":0.0,"max_hp_gain":0.0,"max_hp_loss":0.0,"gold_gain":0.0,"event_name":"Upgrade Shrine","player_choice":"Upgraded","floor":11.0,"gold_loss":0.0,"damage_taken":0.0,"cards_upgraded":["Terror"]}],"is_beta":false,"boss_relics":[{"not_picked":["Sozu","SacredBark"],"picked":"Runic Dome"}],"items_purged_floors":[19],"is_endless":false,"potions_floor_spawned":[2,5,7,12,20,22],"killed_by":"Slavers","ascension_level":20}}