{"host":"1ecbliur7lfoj0sl","time":1611110853,"event":{"mods":["BaseMod","Downfall","Minty Spire (QoL Compilation)","StSLib","The Senshi","Waifu the Spire"],"gold_per_floor":[99,116,116,126,126,126,126,26,26,53,69,69,89,114,125,125,125,125],"floor_reached":16,"language":"ZHS","playtime":625,"items_purged":[],"score":163,"play_id":"7427613c-855a-4979-babc-7357835ed6e7","local_time":"20210120104733","is_ascension_mode":true,"campfire_choices":[{"data":"Slimebound:Split","floor":1.0,"key":"SMITH"},{"floor":8,"key":"RECALL"},{"data":"Slimebound:CorrosiveSpit","floor":12,"key":"SMITH"}],"circlet_count":0,"master_deck":["Slimebound:Strike_Slimebound","Slimebound:Tackle","Slimebound:Defend_Slimebound","Slimebound:Defend_Slimebound","Slimebound:Defend_Slimebound","Slimebound:Defend_Slimebound","Slimebound:Split+1","Slimebound:CorrosiveSpit+1","Slimebound:SplitLeeching","Slimebound:SplitBruiser","Slimebound:Recycling+1","Slimebound:Gluttony+1","Slimebound:AcidTongue+1"],"relics":["Slimebound:AbsorbEndCombat","downfall:HeartBlessingBlue","Frozen Egg 2","Orichalcum"],"acts_visited":["Exordium"],"potions_floor_usage":[14],"damage_taken":[{"damage":2.0,"enemies":"2 Louse","floor":2.0,"turns":3.0},{"damage":7,"enemies":"Small Slimes","floor":4,"turns":4},{"damage":32,"enemies":"Gremlin Nob","floor":10,"turns":5},{"damage":1,"enemies":"Cultist","floor":11,"turns":3},{"damage":16,"enemies":"Exordium Thugs","floor":13,"turns":4},{"damage":41,"enemies":"3 Sentries","floor":14,"turns":10},{"damage":2,"enemies":"Large Slime","floor":15,"turns":6},{"damage":42,"enemies":"IC_STATUS_ARCHETYPE","floor":16,"turns":8}],"seed_played":"-5097432839764643108","potions_obtained":[{"floor":4,"key":"Strength Potion"},{"floor":11,"key":"SpeedPotion"},{"floor":14,"key":"SpeedPotion"},{"floor":15,"key":"Guardian:BlockOnCardUsePotion"}],"is_trial":false,"path_per_floor":["R","M","?","M","?","?","T","R","?","E","M","R","M","E","M","B"],"character_chosen":"SLIMEBOUND","items_purchased":[],"campfire_rested":0,"item_purchase_floors":[],"current_hp_per_floor":[71,71,71,68,68,68,68,78,83,57,58,58,48,15,21,0,0,0],"gold":125,"neow_bonus":"TEN_PERCENT_HP_BONUS","is_daily":false,"chose_seed":false,"campfire_upgraded":2,"win_rate":0.0,"timestamp":1611110853,"path_taken":["R","M","?","M","?","?","T","R","?","E","M","R","M","E","M","BOSS"],"items_purchased_type":[],"build_version":"2020-12-22","purchased_purges":0,"victory":false,"max_hp_per_floor":[71,71,71,71,71,71,71,81,86,86,86,86,86,86,86,86,86,86],"card_choices":[{"not_picked":["Slimebound:RollThrough","Slimebound:LeechingTouch","Slimebound:Replication"],"picked":"SKIP","floor":2.0},{"not_picked":["Slimebound:ItLooksTasty","Slimebound:SamplingLick"],"picked":"Slimebound:SplitLeeching","floor":4},{"not_picked":["Slimebound:Chomp","Slimebound:RollThrough"],"picked":"Slimebound:SplitBruiser","floor":10},{"not_picked":["Slimebound:Prepare","Slimebound:LeechEnergy"],"picked":"Slimebound:Recycling+1","floor":11},{"not_picked":["Slimebound:GoopSpray","Slimebound:ComboTackle","Slimebound:Replication"],"picked":"SKIP","floor":13},{"not_picked":["Slimebound:Chomp","Slimebound:LeechEnergy"],"picked":"Slimebound:Gluttony+1","floor":14},{"not_picked":["Slimebound:AcidTongue+1","Slimebound:FinishingTackle","Slimebound:RainOfGoop"],"picked":"SKIP","floor":15},{"not_picked":["Slimebound:FinishingTackle","Slimebound:RainOfGoop"],"picked":"Slimebound:AcidTongue+1","floor":15}],"player_experience":62333,"relics_obtained":[{"floor":10,"key":"Frozen Egg 2"},{"floor":14,"key":"Orichalcum"}],"event_choices":[{"cards_removed":["Slimebound:Strike_Slimebound"],"damage_healed":0,"gold_gain":0,"player_choice":"Card Removal","damage_taken":0,"max_hp_gain":0,"max_hp_loss":0,"event_name":"The Cleric","floor":5,"gold_loss":0},{"damage_healed":0,"gold_gain":0,"player_choice":"Donut","damage_taken":0,"max_hp_gain":5,"max_hp_loss":0,"event_name":"Big Fish","floor":9,"gold_loss":0}],"is_beta":false,"boss_relics":[],"items_purged_floors":[],"is_endless":false,"potions_floor_spawned":[4,11,14,15],"killed_by":"IC_STATUS_ARCHETYPE","ascension_level":5}}