{"host":"m1hsm1cztz438mir","time":1611164824,"event":{"mods":["2.2 Compatiblity","AchievementEnabler","Act Like it!","Aspiration","BaseMod","Better Altar","Better Match","Better Sensory Stone","Better Skull","Better Third Choice","Colored Map","Conjunction","Curses Come First","Halation","Minty Spire (QoL Compilation)","Permanent Neow","Relic Stats","Replay The Spire","Shop Mod","StSLib"],"gold_per_floor":[109,122,122,47,47,75,75,103,103,103,103],"floor_reached":10,"language":"ENG","playtime":661,"items_purged":["CommonCold"],"score":125,"play_id":"aaad4ee3-7263-4358-9a0e-e783e4bd2b04","local_time":"20210120174704","is_ascension_mode":true,"campfire_choices":[{"data":"Disarm","floor":7,"key":"SMITH"}],"circlet_count":0,"master_deck":["Strike_R+1","Strike_R","Strike_R","Strike_R","Defend_R+1","Defend_R","Defend_R","Defend_R","Bash","Disarm+1","Power Through+1","Wild Strike","Hemogenesis"],"relics":["Burning Blood","Strawberry","StoneCalendar","Simple Rune","Blue Candle"],"acts_visited":["Exordium"],"potions_floor_usage":[6,10,10],"damage_taken":[{"damage":9,"enemies":"Jaw Worm","floor":1,"turns":6},{"damage":16,"enemies":"Small Slimes","floor":2,"turns":4},{"damage":36,"enemies":"Lagavulin","floor":6,"turns":12},{"damage":43,"enemies":"Gremlin Nob","floor":8,"turns":6},{"damage":0,"enemies":"3 Sentries","floor":10,"turns":2}],"seed_played":"7349308512473115175","potions_obtained":[{"floor":2,"key":"Fire Potion"},{"floor":6,"key":"GamblersBrew"},{"floor":8,"key":"Languid Potion"}],"is_trial":false,"path_per_floor":["M","M","?","$","?","E","R","E","T","E"],"character_chosen":"IRONCLAD","items_purchased":[],"campfire_rested":0,"item_purchase_floors":[],"current_hp_per_floor":[85,75,75,75,82,52,52,15,15,15,15],"gold":103,"neow_bonus":"TWENTY_PERCENT_HP_BONUS","is_daily":false,"chose_seed":false,"campfire_upgraded":1,"win_rate":0.0,"timestamp":1611164824,"path_taken":["M","M","?","$","?","E","R","E","T","E"],"items_purchased_type":[],"build_version":"2020-12-22","purchased_purges":1,"victory":false,"max_hp_per_floor":[96,96,96,96,103,103,103,103,103,103,103],"relic_stats":{"counters":[5,30],"Blue Candle":[0],"StoneCalendar":[0],"obtain_stats":[{"Strawberry":5,"Blue Candle":9,"StoneCalendar":6,"Simple Rune":8,"Burning Blood":0},{"Strawberry":2,"Blue Candle":4,"StoneCalendar":3,"Simple Rune":4,"Burning Blood":0},{"Strawberry":10,"Blue Candle":28,"StoneCalendar":22,"Simple Rune":28,"Burning Blood":0}],"Burning Blood":24},"card_choices":[{"not_picked":["Clothesline","Twin Strike"],"picked":"Disarm","floor":1},{"not_picked":["Heavy Blade","Run Through"],"picked":"Ghostly Armor","floor":2},{"not_picked":["Heavy Blade","Twin Strike"],"picked":"Wild Strike","floor":6},{"not_picked":["Thunderclap","ReplayTheSpireMod:Strike From Hell"],"picked":"Hemogenesis","floor":8}],"player_experience":271238,"relics_obtained":[{"floor":6,"key":"StoneCalendar"},{"floor":8,"key":"Simple Rune"},{"floor":9,"key":"Blue Candle"}],"event_choices":[{"cards_removed":["Ghostly Armor"],"damage_healed":0,"gold_gain":0,"player_choice":"Gave Card","damage_taken":0,"relics_obtained":["Strawberry"],"max_hp_gain":0,"max_hp_loss":0,"event_name":"WeMeetAgain","floor":5,"gold_loss":0}],"is_beta":false,"boss_relics":[],"items_purged_floors":[4],"is_endless":false,"potions_floor_spawned":[2,6,8],"killed_by":"3 Sentries","ascension_level":7}}