{"host":"btt6ntw6a1bnaigc","time":1611151093,"event":{"mods":["AchievementEnabler","BaseMod","Downfall","Hermit","Minty Spire (QoL Compilation)","StSLib","The Cursed"],"gold_per_floor":[112,127,146,146,71,102,102,118,195,230,230,230,273,273,273,273,273],"floor_reached":16,"language":"ENG","playtime":1504,"items_purged":["Regret"],"score":118,"play_id":"2c24cfbc-a6c3-4667-b971-26d909d83858","local_time":"20210120135813","is_ascension_mode":false,"campfire_choices":[{"data":"TheCursedMod:CleanUpWorkshop","floor":7,"key":"SMITH"},{"data":"TheCursedMod:HellsGateOpen","floor":15,"key":"SMITH"}],"circlet_count":0,"master_deck":["TheCursedMod:Strike_TheCursed","TheCursedMod:Strike_TheCursed","TheCursedMod:Strike_TheCursed","TheCursedMod:Strike_TheCursed","TheCursedMod:Defend_TheCursed","TheCursedMod:Defend_TheCursed","TheCursedMod:Defend_TheCursed","TheCursedMod:Defend_TheCursed","TheCursedMod:CursedWand","TheCursedMod:CleanUpWorkshop+1","TheCursedMod:SurpriseAttack","TheCursedMod:CursedSpellbook+1","TheCursedMod:HellsGateOpen+1","TheCursedMod:ManaBullet","TheCursedMod:RapidMovement","TheCursedMod:BlessingInDisguise","TheCursedMod:StunningStrike"],"relics":["TheCursedMod:BlackMagic101","NeowsBlessing","Turnip","Juzu Bracelet","Gremlin Horn","Bottled Lightning","Golden Idol","Frozen Egg 2"],"acts_visited":["Exordium"],"potions_floor_usage":[6,6,13],"damage_taken":[{"damage":0,"enemies":"2 Louse","floor":1,"turns":1},{"damage":0,"enemies":"Jaw Worm","floor":2,"turns":1},{"damage":0,"enemies":"Small Slimes","floor":3,"turns":1},{"damage":25,"enemies":"Lagavulin","floor":6,"turns":6},{"damage":11,"enemies":"Gremlin Gang","floor":8,"turns":7},{"damage":4,"enemies":"3 Sentries","floor":10,"turns":6},{"damage":15,"enemies":"Gremlin Nob","floor":13,"turns":4},{"damage":20,"enemies":"Hexaghost","floor":16,"turns":7}],"seed_played":"2061564633862062013","potions_obtained":[{"floor":2,"key":"SneckoOil"},{"floor":3,"key":"Energy Potion"},{"floor":8,"key":"hexamod:SoulburnPotion"}],"is_trial":false,"path_per_floor":["M","M","M","?","$","E","R","M","T","E","?","?","E","?","R","B"],"character_chosen":"THE_CURSED","items_purchased":[],"campfire_rested":0,"item_purchase_floors":[],"current_hp_per_floor":[75,75,75,75,75,50,50,39,39,35,35,35,20,20,20,0,0],"gold":273,"neow_bonus":"THREE_ENEMY_KILL","is_daily":false,"chose_seed":false,"campfire_upgraded":2,"win_rate":0.0,"timestamp":1611151093,"path_taken":["M","M","M","?","$","E","R","M","T","E","?","?","E","?","R","BOSS"],"items_purchased_type":[],"build_version":"2020-12-22","purchased_purges":1,"victory":false,"max_hp_per_floor":[75,75,75,75,75,75,75,75,75,75,75,69,69,69,69,69,69],"card_choices":[{"not_picked":["TheCursedMod:VitalStrike","TheCursedMod:Obscuration"],"picked":"TheCursedMod:SurpriseAttack","floor":1},{"not_picked":["TheCursedMod:Mangle","TheCursedMod:EmpowerCircles"],"picked":"TheCursedMod:CursedSpellbook","floor":2},{"not_picked":["TheCursedMod:Stretching","TheCursedMod:Evocation"],"picked":"TheCursedMod:HellsGateOpen","floor":3},{"not_picked":["TheCursedMod:Grudge","TheCursedMod:VitalStrike"],"picked":"TheCursedMod:ManaBullet","floor":6},{"not_picked":["TheCursedMod:Obscuration","TheCursedMod:Torture"],"picked":"TheCursedMod:RapidMovement","floor":8},{"not_picked":["TheCursedMod:FuryStrike","TheCursedMod:SaltUponWound"],"picked":"TheCursedMod:BlessingInDisguise","floor":10},{"not_picked":["TheCursedMod:CursedShiv","TheCursedMod:UltimatePain"],"picked":"TheCursedMod:StunningStrike","floor":13}],"player_experience":235293,"relics_obtained":[{"floor":6,"key":"Juzu Bracelet"},{"floor":9,"key":"Gremlin Horn"},{"floor":10,"key":"Bottled Lightning"},{"floor":13,"key":"Frozen Egg 2"}],"event_choices":[{"damage_healed":0,"gold_gain":0,"player_choice":"Box","damage_taken":0,"relics_obtained":["Turnip"],"max_hp_gain":0,"max_hp_loss":0,"event_name":"Big Fish","floor":4,"gold_loss":0,"cards_obtained":["Regret"]},{"damage_healed":0,"gold_gain":0,"player_choice":"Grow","damage_taken":0,"max_hp_gain":0,"max_hp_loss":0,"event_name":"Living Wall","floor":11,"gold_loss":0,"cards_upgraded":["TheCursedMod:CursedSpellbook"]},{"damage_healed":0,"gold_gain":0,"player_choice":"Lose Max HP","damage_taken":0,"relics_obtained":["Golden Idol"],"max_hp_gain":0,"max_hp_loss":6,"event_name":"Golden Idol","floor":12,"gold_loss":0},{"cards_removed":["TheCursedMod:Dregs"],"damage_healed":0,"gold_gain":0,"player_choice":"Removed Curses","damage_taken":0,"max_hp_gain":0,"max_hp_loss":0,"event_name":"Fountain of Cleansing","floor":14,"gold_loss":0}],"is_beta":false,"boss_relics":[],"items_purged_floors":[5],"is_endless":false,"potions_floor_spawned":[2,3,8],"killed_by":"Hexaghost","ascension_level":0}}