{"host":"w6oy2nru13p3os12","time":1611179270,"event":{"mods":["AchievementEnabler","BaseMod","Better Third Choice","BetterRewards","Conspire","Energized Spire","GungeonMod","Halation","Hubris","Mimic Mod","Minty Spire (QoL Compilation)","Permanent Neow","Quick Restart","Replay The Spire","Reworked Bosses","Spikes Relics","StSLib","The Bug Knight","The Hierophant","Wandering Minibosses"],"gold_per_floor":[109,109,120,130,147,147,182,182,212,212,241,260,98,117,117,218,168,148,166,166,166],"floor_reached":20,"language":"ENG","playtime":1139,"items_purged":["Strike_G"],"score":242,"play_id":"3ad98a99-0ba4-472b-b162-414659a36630","local_time":"20210120164750","is_ascension_mode":true,"campfire_choices":[{"data":"Blade Dance","floor":6,"key":"SMITH"},{"floor":8,"key":"REST"},{"data":"Cloak And Dagger","floor":15,"key":"SMITH"}],"circlet_count":0,"master_deck":["Strike_G","Strike_G","Strike_G","Defend_G","Defend_G","Defend_G","Defend_G","Defend_G","Survivor","Neutralize","Blade Dance+1","Cloak And Dagger+1","PiercingWail","Tools of the Trade","Dagger Throw","Blur","Malaise","Strike_G","DemoMod:Invincible","Cloak And Dagger+1"],"relics":["Ring of the Snake","Orichalcum","Tiny Chest","Pear","energizedSpire:HugeHouse"],"acts_visited":["Exordium","TheCity"],"potions_floor_usage":[5,11,19],"damage_taken":[{"damage":1,"enemies":"Small Slimes","floor":1,"turns":4},{"damage":2,"enemies":"Jaw Worm","floor":3,"turns":4},{"damage":0,"enemies":"conspire:RoseBush","floor":4,"turns":4},{"damage":15,"enemies":"Red Slaver","floor":5,"turns":8},{"damage":22,"enemies":"3 Sentries","floor":7,"turns":13},{"damage":1,"enemies":"Exordium Wildlife","floor":9,"turns":9},{"damage":14,"enemies":"Lagavulin","floor":11,"turns":5},{"damage":0,"enemies":"Exordium Wildlife","floor":12,"turns":3},{"damage":2,"enemies":"2 Fungi Beasts","floor":14,"turns":3},{"damage":9,"enemies":"Hexaghost","floor":16,"turns":15},{"damage":6,"enemies":"2 Thieves","floor":18,"turns":4},{"damage":23,"enemies":"Chosen","floor":19,"turns":9},{"damage":2,"enemies":"Shelled Parasite and Fungi","floor":20,"turns":11}],"seed_played":"-2136133726489284638","potions_obtained":[{"floor":4,"key":"ColorlessPotion"},{"floor":5,"key":"LifebloodPotion"},{"floor":7,"key":"Strength Potion"},{"floor":16,"key":"Block Potion"}],"is_trial":false,"path_per_floor":["M","?","M","M","M","R","E","R","MIM","?","E","M","$","M","R","B",null,"M","M","MIM"],"character_chosen":"THE_SILENT","items_purchased":["Trip"],"campfire_rested":1,"item_purchase_floors":[13],"current_hp_per_floor":[62,62,60,60,45,45,23,44,43,36,32,32,32,30,30,21,62,56,33,31,31],"gold":166,"neow_bonus":"REMOVE_CARD","is_daily":false,"chose_seed":false,"campfire_upgraded":2,"win_rate":0.0,"timestamp":1611179270,"path_taken":["M","?","M","M","M","R","E","R","MIM","?","E","?","?","M","R","BOSS","M","M","?"],"items_purchased_type":["Card"],"build_version":"2020-12-22","purchased_purges":1,"victory":false,"max_hp_per_floor":[70,70,70,70,70,70,70,70,70,70,80,80,80,80,80,80,75,75,75,75,75],"card_choices":[{"not_picked":["PiercingWail","Calculated Gamble"],"picked":"Blade Dance","floor":1},{"not_picked":["Underhanded Strike","Hidden Blade"],"picked":"Cloak And Dagger","floor":3},{"not_picked":["Dagger Throw","hubris:Counter","Crippling Poison"],"picked":"SKIP","floor":4},{"not_picked":["Deflect","Poisoned Stab"],"picked":"PiercingWail","floor":5},{"not_picked":["Flechettes","Acrobatics"],"picked":"Tools of the Trade","floor":7},{"not_picked":["hubris:SlightOfHand","Well Laid Plans"],"picked":"Dagger Throw","floor":9},{"not_picked":["Grand Finale","Noxious Fumes"],"picked":"Blur","floor":11},{"not_picked":["Sucker Punch","hubris:SlightOfHand","Hidden Blade"],"picked":"SKIP","floor":12},{"not_picked":["Eviscerate","hubris:SlightOfHand","Concentrate"],"picked":"SKIP","floor":14},{"not_picked":["A Thousand Cuts","ReplayTheSpireMod:From All Sides"],"picked":"Malaise","floor":16},{"not_picked":["Dagger Throw+1","Backflip+1","hubris:TrickCloak+1"],"picked":"SKIP","floor":18},{"not_picked":["Dodge and Roll","Dash"],"picked":"Cloak And Dagger+1","floor":19}],"player_experience":348160,"relics_obtained":[{"floor":7,"key":"Orichalcum"},{"floor":9,"key":"Tiny Chest"},{"floor":11,"key":"Pear"}],"event_choices":[{"damage_healed":0,"gold_gain":0,"player_choice":"Damaged","damage_taken":7,"max_hp_gain":0,"max_hp_loss":0,"event_name":"Wheel of Change","floor":10,"gold_loss":0}],"is_beta":false,"boss_relics":[{"not_picked":["hubris:ScarierMask","conspire:RunicOctahedron"],"picked":"energizedSpire:HugeHouse"}],"items_purged_floors":[13],"is_endless":false,"potions_floor_spawned":[4,5,7,16],"killed_by":"Shelled Parasite and Fungi","ascension_level":6}}