{"host":"ooe12lh8pgcirntb","time":1611177753,"event":{"mods":["AchievementEnabler","Act Like it!","Bard","BaseMod","Beaked The Cultist","ChefMod","Colored Map","Colored Powertips","Downfall","Gremlin Mod","Hallownest","Hermit","Infinite Spire","Jorbs\u0027s Wanderer Trilogy","Minty Spire (QoL Compilation)","Robot Space Explorer","StSLib","The Animator","The Blackbeard","The Bug Knight","The Construct","The Cursed","The Disciple","The Hayseed","The Hierophant","The Poker Player","The Problem Sleuth","The Runesmith","TheVacant"],"gold_per_floor":[99,115,115,128,428,24,24,54,73,91,91,108,108,108,118,213,213,213,230,230,245,268,268,268,279,297,38,68,68,68,68],"floor_reached":29,"language":"ENG","playtime":6594,"items_purged":[],"score":245,"play_id":"cad2654d-d1a9-42fd-b939-66623c4e7d3f","local_time":"20210120162233","is_ascension_mode":false,"campfire_choices":[{"data":"Slimebound:Tackle","floor":1,"key":"SMITH"},{"data":"expansioncontent:DashGenerateEvil","floor":11,"key":"SMITH"},{"floor":13,"key":"REST"},{"data":"infinitespire:UltimateForm","floor":18,"key":"SMITH"},{"floor":23,"key":"RECALL"}],"circlet_count":0,"master_deck":["Slimebound:Strike_Slimebound","Slimebound:Strike_Slimebound","Slimebound:Tackle+1","Slimebound:Defend_Slimebound","Slimebound:Defend_Slimebound","Slimebound:Defend_Slimebound","Slimebound:Defend_Slimebound","Slimebound:Split","Slimebound:CorrosiveSpit","Slimebound:ItLooksTasty","Slimebound:LeechingTouch","Slimebound:SlimeSlap","expansioncontent:DashGenerateEvil+1","Slimebound:Schlurp","Slimebound:BestDefense","Slimebound:FinishingTackle","Slimebound:HauntingLick","Slimebound:Prepare","Slimebound:SpikyOuterGoop","Slimebound:RollThrough","Slimebound:CheckThePlaybook","infinitespire:UltimateForm+1","Slimebound:Grow","Slimebound:LeechLife","Slimebound:Replication","Slimebound:RollThrough","Slimebound:SplitMire","Slimebound:Dissolve","Slimebound:FormOfPuddle+1","expansioncontent:InvincibleStrength","Slimebound:AcidTongue","Slimebound:RainOfGoop","Slimebound:LeechingTouch+1"],"relics":["Slimebound:AbsorbEndCombat","Old Coin","Happy Flower","Matryoshka","Philosopher\u0027s Stone","Molten Egg 2","infinitespire:Beetle Shell","infinitespire:Lucky Rock","Art of War"],"acts_visited":["Exordium","TheCity"],"potions_floor_usage":[16,16,16],"damage_taken":[{"damage":3,"enemies":"2 Louse","floor":2,"turns":3},{"damage":4,"enemies":"Cultist","floor":4,"turns":3},{"damage":4,"enemies":"downfall:FleeingMerchant","floor":6,"turns":4},{"damage":23,"enemies":"Lagavulin","floor":8,"turns":5},{"damage":1,"enemies":"Small Slimes","floor":9,"turns":2},{"damage":0,"enemies":"Exordium Wildlife","floor":10,"turns":2},{"damage":23,"enemies":"Exordium Thugs","floor":12,"turns":3},{"damage":0,"enemies":"3 Louse","floor":15,"turns":3},{"damage":30,"enemies":"IC_STATUS_ARCHETYPE","floor":16,"turns":3},{"damage":17,"enemies":"Chosen","floor":19,"turns":2},{"damage":0,"enemies":"Spheric Guardian","floor":21,"turns":3},{"damage":19,"enemies":"3 Cultists","floor":25,"turns":4},{"damage":12,"enemies":"Snecko","floor":26,"turns":5},{"damage":20,"enemies":"downfall:FleeingMerchant","floor":27,"turns":4},{"damage":54,"enemies":"Gremlin Leader","floor":28,"turns":6},{"damage":30,"enemies":"Sentry and Sphere","floor":29,"turns":3}],"seed_played":"2107243336485254236","potions_obtained":[{"floor":4,"key":"SteroidPotion"},{"floor":8,"key":"bronze:BurnAndBuffPotion"},{"floor":9,"key":"Strength Potion"},{"floor":15,"key":"Energy Potion"},{"floor":26,"key":"SteroidPotion"}],"is_trial":false,"path_per_floor":["R","M","?","M","T","$","T","E","M","M","R","M","R","?","M","B",null,"R","M","?","M","T","R","T","M","M","$","E","M"],"character_chosen":"SLIMEBOUND","items_purchased":["expansioncontent:DashGenerateEvil","Slimebound:Schlurp","Slimebound:BestDefense","Slimebound:FinishingTackle","Slimebound:HauntingLick","expansioncontent:InvincibleStrength","Slimebound:AcidTongue","Slimebound:RainOfGoop"],"campfire_rested":1,"item_purchase_floors":[6,6,6,6,6,27,27,27],"current_hp_per_floor":[59,60,60,64,64,68,68,53,54,54,54,37,60,41,45,17,77,77,68,68,74,74,74,74,71,73,57,17,0,0,0],"gold":68,"neow_bonus":"TWENTY_PERCENT_HP_BONUS","is_daily":false,"chose_seed":false,"campfire_upgraded":3,"win_rate":0.0,"timestamp":1611177753,"path_taken":["R","M","?","M","?","$","T","E","M","?","R","M","R","?","M","BOSS","R","M","?","M","?","R","T","M","M","$","E","M"],"items_purchased_type":["Card","Card","Card","Card","Card","Card","Card","Card"],"build_version":"2020-12-22","purchased_purges":0,"victory":false,"max_hp_per_floor":[77,77,77,77,77,77,77,77,77,77,77,77,77,77,77,77,77,77,77,77,77,77,77,77,77,77,77,77,77,77,77],"card_choices":[{"not_picked":["Slimebound:RejuvenatingLick","Slimebound:ViciousTackle"],"picked":"Slimebound:ItLooksTasty","floor":2},{"not_picked":["Slimebound:Prepare","Slimebound:ItLooksTasty"],"picked":"Slimebound:LeechingTouch","floor":4},{"not_picked":["Slimebound:HauntingLick","Slimebound:SamplingLick"],"picked":"Slimebound:SlimeSlap","floor":6},{"not_picked":["Slimebound:PressTheAttack","Slimebound:ProtectTheBoss"],"picked":"Slimebound:Prepare","floor":8},{"not_picked":["Slimebound:LivingWall","Slimebound:GoopTackle"],"picked":"Slimebound:SpikyOuterGoop","floor":9},{"not_picked":["Slimebound:SplitBruiser","Slimebound:LivingWall"],"picked":"Slimebound:RollThrough","floor":10},{"not_picked":["Slimebound:PressTheAttack","Slimebound:SlimeSpikes"],"picked":"Slimebound:CheckThePlaybook","floor":12},{"not_picked":["infinitespire:FinalStrike","infinitespire:Gouge"],"picked":"infinitespire:UltimateForm","floor":14},{"not_picked":["Slimebound:SlimeSpikes","Slimebound:SplitAcid"],"picked":"Slimebound:Grow","floor":15},{"not_picked":["Slimebound:FirmFortitude","Slimebound:Overexert"],"picked":"Slimebound:LeechLife","floor":16},{"not_picked":["Slimebound:Chomp","Slimebound:ItLooksTasty"],"picked":"Slimebound:Replication","floor":19},{"not_picked":["Slimebound:FinishingTackle","Slimebound:SplitAcid"],"picked":"Slimebound:RollThrough","floor":21},{"not_picked":["Slimebound:SlimeBrawl+1","Slimebound:LivingWall"],"picked":"Slimebound:SplitMire","floor":25},{"not_picked":["Slimebound:Chomp+1","Slimebound:SplitBruiser"],"picked":"Slimebound:Dissolve","floor":26},{"not_picked":["Slimebound:DisruptingSlam+1","Slimebound:RollThrough+1"],"picked":"Slimebound:FormOfPuddle+1","floor":27},{"not_picked":["Slimebound:ServeAndProtect","Slimebound:LevelUp"],"picked":"Slimebound:LeechingTouch+1","floor":28}],"player_experience":709380,"relics_obtained":[{"floor":5,"key":"Old Coin"},{"floor":7,"key":"Happy Flower"},{"floor":8,"key":"Matryoshka"},{"floor":22,"key":"Molten Egg 2"},{"floor":22,"key":"infinitespire:Beetle Shell"},{"floor":24,"key":"infinitespire:Lucky Rock"},{"floor":28,"key":"Art of War"}],"event_choices":[{"damage_healed":0,"gold_gain":0,"player_choice":"Ignored","damage_taken":0,"max_hp_gain":0,"max_hp_loss":0,"event_name":"Vampires","floor":20,"gold_loss":0}],"is_beta":false,"boss_relics":[{"not_picked":["Empty Cage","Coffee Dripper"],"picked":"Philosopher\u0027s Stone"}],"items_purged_floors":[],"is_endless":false,"potions_floor_spawned":[4,8,9,15,26],"killed_by":"Sentry and Sphere","ascension_level":0}}