{"host":"drkpql2ocxl3f5d4","time":1611167722,"event":{"mods":["BaseMod","Colored Map","Downfall","Energized Spire","Friendly Minions","Googly Eyes","Infinite Spire","Minty Spire (QoL Compilation)","StSLib"],"gold_per_floor":[99,112,127,39,39,39,93,107,122,157,157,187,187,201,219,320,270,270,280,299,312,331,357,357,367,379,479,479,379,4,4,19,116,116,116,116,128,128,128,128,128,128,138,138,152,167,167,194,212,212],"floor_reached":51,"language":"ENG","playtime":2671,"items_purged":["champ:Defend"],"score":756,"play_id":"9870f1a9-b018-42e7-9e4d-033b4b29f060","local_time":"20210120193522","is_ascension_mode":false,"campfire_choices":[{"data":"champ:Execute","floor":1,"key":"SMITH"},{"data":"champ:Backstep","floor":11,"key":"SMITH"},{"data":"champ:GutPunch","floor":13,"key":"SMITH"},{"floor":18,"key":"RECALL"},{"floor":29,"key":"REST"},{"data":"infinitespire:Collect","floor":35,"key":"SMITH"},{"data":"champ:GladiatorForm","floor":40,"key":"SMITH"},{"data":"champ:SkillfulDodge","floor":42,"key":"SMITH"},{"data":"champ:PerfectedStrike","floor":47,"key":"SMITH"}],"circlet_count":0,"master_deck":["champ:Strike","champ:Strike","champ:Strike","champ:Strike","champ:Defend","champ:Defend","champ:Execute+1","champ:Taunt","champ:PreciseThrust","champ:EnGarde","champ:Backstep+1","champ:ShieldWall","champ:BringItOn","champ:GutPunch+1","champ:SkillfulDodge+1","champ:HoldFirm","champ:FlashCut","champ:Strike","champ:CrownThrow","champ:FalseCounter+1","champ:HoldFirm","champ:Haymaker","infinitespire:Collect+1","champ:ShieldWall","champ:GladiatorForm+1","infinitespire:Starlight","champ:FlashCut","champ:PerfectedStrike+1","champ:ShieldWall+1"],"relics":["champ:ChampionCrown","Blood Vial","Gambling Chip","Bronze Scales","energizedSpire:HugeHouse","Sundial","StrikeDummy","champ:BlackKnightHelmet","infinitespire:BottledMercury","TheAbacus","downfall:HeartBlessingRed","Membership Card","CaptainsWheel","MutagenicStrength","energizedSpire:MagnifyingGlass","Art of War"],"acts_visited":["Exordium","TheCity","TheBeyond"],"potions_floor_usage":[23,23,27,50,50],"damage_taken":[{"damage":10,"enemies":"2 Louse","floor":2,"turns":3},{"damage":11,"enemies":"Cultist","floor":3,"turns":4},{"damage":20,"enemies":"downfall:FleeingMerchant","floor":4,"turns":4},{"damage":0,"enemies":"Small Slimes","floor":8,"turns":4},{"damage":15,"enemies":"Exordium Wildlife","floor":9,"turns":3},{"damage":38,"enemies":"Gremlin Nob","floor":10,"turns":4},{"damage":20,"enemies":"Lagavulin","floor":12,"turns":7},{"damage":0,"enemies":"2 Fungi Beasts","floor":14,"turns":4},{"damage":10,"enemies":"3 Louse","floor":15,"turns":2},{"damage":29,"enemies":"SI_SHIV_ARCHETYPE","floor":16,"turns":7},{"damage":10,"enemies":"3 Byrds","floor":19,"turns":2},{"damage":20,"enemies":"Chosen","floor":20,"turns":4},{"damage":25,"enemies":"Snecko","floor":21,"turns":5},{"damage":8,"enemies":"Snake Plant","floor":22,"turns":4},{"damage":39,"enemies":"Slavers","floor":23,"turns":4},{"damage":15,"enemies":"Cultist and Chosen","floor":25,"turns":5},{"damage":10,"enemies":"Centurion and Healer","floor":26,"turns":6},{"damage":24,"enemies":"Centurion and Healer","floor":27,"turns":7},{"damage":0,"enemies":"downfall:FleeingMerchant","floor":30,"turns":4},{"damage":27,"enemies":"Shelled Parasite and Fungi","floor":32,"turns":4},{"damage":40,"enemies":"WA_ARCHETYPE_CALM","floor":33,"turns":10},{"damage":2,"enemies":"Orb Walker","floor":37,"turns":4},{"damage":15,"enemies":"3 Darklings","floor":43,"turns":5},{"damage":29,"enemies":"Maw","floor":45,"turns":8},{"damage":5,"enemies":"Transient","floor":46,"turns":5},{"damage":10,"enemies":"Sphere and 2 Shapes","floor":49,"turns":5},{"damage":86,"enemies":"IC_BLOCK_ARCHETYPE","floor":50,"turns":15}],"seed_played":"1985977816524102237","potions_obtained":[{"floor":9,"key":"AttackPotion"},{"floor":10,"key":"CultistPotion"},{"floor":14,"key":"FearPotion"},{"floor":19,"key":"Fire Potion"},{"floor":26,"key":"FairyPotion"},{"floor":33,"key":"DuplicationPotion"},{"floor":43,"key":"Fire Potion"}],"is_trial":false,"path_per_floor":["R","M","M","$","?","?","T","M","M","E","R","E","R","M","M","B",null,"R","M","M","M","M","E","T","M","M","?","AVR","R","$","?","M","B",null,"R","?","M","?","?","R","T","R","M","?","M","M","R","T","M","B",null],"character_chosen":"THE_CHAMP","items_purchased":["champ:ShieldWall","Membership Card","CaptainsWheel","champ:ShieldWall"],"campfire_rested":1,"item_purchase_floors":[4,30,30,30],"current_hp_per_floor":[99,99,98,98,98,98,98,99,99,71,71,73,73,75,77,70,94,94,94,84,71,65,38,38,35,37,30,30,58,60,60,45,47,94,94,70,80,80,80,80,80,80,94,94,80,92,92,92,94,43],"gold":212,"neow_bonus":"TEN_PERCENT_HP_BONUS","is_daily":false,"chose_seed":false,"campfire_upgraded":7,"win_rate":0.0,"timestamp":1611167722,"path_taken":["R","M","M","$","?","?","T","M","?","E","R","E","R","M","M","BOSS","R","M","M","M","M","E","T","M","M","?","AVR","R","$","?","M","BOSS","R","?","M","?","?","R","T","R","M","?","M","?","R","?","M","BOSS"],"items_purchased_type":["Card","Relic","Relic","Card"],"build_version":"2020-12-22","purchased_purges":1,"victory":true,"max_hp_per_floor":[99,99,99,99,99,99,99,99,99,99,99,99,99,99,99,99,94,94,94,94,94,94,94,94,94,94,94,94,94,94,94,94,94,94,94,94,94,94,94,94,94,94,94,94,94,94,94,94,94,94],"card_choices":[{"not_picked":["champ:Parry","champ:Circumvent"],"picked":"champ:PreciseThrust","floor":2},{"not_picked":["champ:Circumvent","champ:Lariat"],"picked":"champ:EnGarde","floor":3},{"not_picked":["champ:Shatter","champ:GladiatorStyle"],"picked":"champ:Backstep","floor":4},{"not_picked":["champ:AdrenalArmor","champ:RapidStrikes"],"picked":"champ:BringItOn","floor":8},{"not_picked":["champ:BerserkersShout","champ:Circumvent"],"picked":"champ:GutPunch","floor":9},{"not_picked":["champ:CrookedStrike","champ:FancyFootwork"],"picked":"champ:SkillfulDodge","floor":10},{"not_picked":["champ:LastStand","champ:SkillfulDodge"],"picked":"champ:HoldFirm","floor":12},{"not_picked":["champ:SkillfulDodge","champ:PerfectedStrike"],"picked":"champ:FlashCut","floor":14},{"not_picked":["champ:StanceDance","champ:RecklessLeap","champ:FlashCut"],"picked":"SKIP","floor":15},{"not_picked":["champ:DancingMaster","champ:SwordThrow"],"picked":"champ:VampiricStrike","floor":16},{"not_picked":["champ:IronFortress","champ:Duel","champ:Circumvent"],"picked":"SKIP","floor":19},{"not_picked":["champ:AdrenalArmor","champ:FocusedBerserking","champ:PreciseThrust"],"picked":"SKIP","floor":20},{"not_picked":["champ:Circumvent","champ:EnGarde","champ:ShieldSlam+1"],"picked":"SKIP","floor":21},{"not_picked":["champ:FaceSlap","champ:FocusedBerserking"],"picked":"champ:FalseCounter+1","floor":22},{"not_picked":["champ:CheapShot","champ:Shatter"],"picked":"champ:RisingSlash+1","floor":23},{"not_picked":["champ:GutPunch+1","champ:PerfectedStrike","champ:FlashCut"],"picked":"SKIP","floor":25},{"not_picked":["champ:Encircle","champ:FanOfKnives"],"picked":"champ:HoldFirm","floor":26},{"not_picked":["champ:FanOfKnives","champ:FocusedBerserking"],"picked":"champ:Haymaker","floor":27},{"not_picked":["champ:FanOfKnives","champ:PreciseThrust","champ:Backstep+1"],"picked":"SKIP","floor":30},{"not_picked":["champ:ShieldWall","champ:Haymaker+1","champ:EnragedBash"],"picked":"SKIP","floor":32},{"not_picked":["champ:HeavySlash","champ:SwordThrow"],"picked":"champ:GladiatorForm","floor":33},{"not_picked":["infinitespire:Menacing","infinitespire:TheBestDefense"],"picked":"infinitespire:Starlight","floor":36},{"not_picked":["champ:DefensiveShout","champ:AdrenalArmor+1","champ:Haymaker+1"],"picked":"SKIP","floor":37},{"not_picked":["champ:BringItOn","champ:Shatter+1","champ:CalledShot"],"picked":"SKIP","floor":43},{"not_picked":["champ:BladeFlurry","champ:SkillfulDodge"],"picked":"champ:FlashCut","floor":45},{"not_picked":["champ:DeathBlow+1","champ:AdrenalArmor+1"],"picked":"champ:PerfectedStrike","floor":46},{"not_picked":["champ:PreemptiveStrike+1","champ:GladiatorStyle+1"],"picked":"champ:ShieldWall+1","floor":49}],"player_experience":669094,"relics_obtained":[{"floor":7,"key":"Blood Vial"},{"floor":10,"key":"Gambling Chip"},{"floor":12,"key":"Bronze Scales"},{"floor":23,"key":"Sundial"},{"floor":24,"key":"StrikeDummy"},{"floor":27,"key":"champ:BlackKnightHelmet"},{"floor":27,"key":"infinitespire:BottledMercury"},{"floor":41,"key":"Art of War"}],"event_choices":[{"cards_removed":["champ:Defend"],"damage_healed":0,"gold_gain":0,"player_choice":"Card Removal","damage_taken":0,"max_hp_gain":0,"max_hp_loss":0,"event_name":"The Cleric","floor":6,"gold_loss":0},{"damage_healed":0,"gold_gain":0,"player_choice":"Inject Mutagens","damage_taken":0,"relics_obtained":["MutagenicStrength"],"max_hp_gain":0,"max_hp_loss":0,"event_name":"Drug Dealer","floor":31,"gold_loss":0},{"cards_removed":["champ:RisingSlash"],"damage_healed":0,"gold_gain":0,"player_choice":"Removed Attack","damage_taken":0,"max_hp_gain":0,"max_hp_loss":0,"event_name":"Falling","floor":44,"gold_loss":0}],"is_beta":false,"boss_relics":[{"not_picked":["champ:ChampionCrownUpgraded","Empty Cage"],"picked":"energizedSpire:HugeHouse"},{"not_picked":["Philosopher\u0027s Stone","Runic Pyramid"],"picked":"energizedSpire:MagnifyingGlass"}],"items_purged_floors":[30],"is_endless":false,"potions_floor_spawned":[9,10,14,19,21,26,33,43,45],"ascension_level":0}}