{"host":"hn99riirbf0lv0ml","time":1611180181,"event":{"mods":["AchievementEnabler","Act Like it!","Bard","BaseMod","Beaked The Cultist","Colored Map","Colored Powertips","Conspire","Duelist Mod","Friendly Minions","Gensokyo","GifTheSpireLib","Glutton Mod","Halation","Jorbs\u0027s Wanderer Trilogy","Mad Scientist","Marisa????????","Minty Spire (QoL Compilation)","Rare Cards Sparkle","Replay The Spire","StSLib","The Blackbeard","The Bug Knight","The Construct","The Cursed","The Disciple","The Mystic","The Runesmith","The Servant 0.9.4","The Witch"],"gold_per_floor":[12,28,103,3,3,3,14,63,63,90,90,106,117,150,150,247,247,281,315,315,331,331,345,595,611,664,169,169,185,197,209,209,305,305,321,339,339,357,375,375,412,412,412],"floor_reached":42,"language":"ENG","playtime":12776,"items_purged":[],"score":518,"play_id":"ba63aa27-f562-4fdc-9528-aeef922560e3","local_time":"20210120170301","is_ascension_mode":false,"campfire_choices":[{"data":"OpenUniverse","floor":6.0,"key":"SMITH"},{"floor":11.0,"key":"REST"},{"floor":15.0,"key":"REST"},{"floor":32,"key":"REST"},{"floor":40,"key":"REST"}],"circlet_count":0,"master_deck":["Strike_MRS","Strike_MRS","Strike_MRS","Strike_MRS","Defend_MRS+1","Defend_MRS+1","Defend_MRS+1","Defend_MRS+1","MasterSpark","UpSweep","SprinkleStarSeal","OpenUniverse+1","conspire:SpireCoStock","conspire:SpireCoStock","ShootingEcho","SporeBomb","MeteoricShower","IllusionStar","EnergyFlow","Pot Of Greed","Pot Of Greed","FairyDestructionRay","BigCrunch","OrrerysSun+1","OortCloud","6A+1","Pot Of Greed","IllusionStar","ManaConvection+1","Gensokyo:ReactiveArmor","MaximisePower","WitchLeyline","Pot Of Greed","OrrerysSun","CasketOfStar","MysteriousBeam+1","DoubleSpark+1","CasketOfStar","ChargingUp","PulseMagic+1","AsteroidBelt+1"],"relics":["MiniHakkero","halation:PinkSoulGem","Replay:Bottled Eggs","Grinning Jar","beaked:MawFillet","Ancient Tea Set","Toy Ornithopter","ReplayFunnel","Gensokyo:Companionship","halation:LoveArrow","Thread and Needle"],"acts_visited":["Exordium","Gensokyo:Gensokyoer","TheBeyond"],"potions_floor_usage":[30,30,33,39],"damage_taken":[{"damage":0.0,"enemies":"Small Slimes","floor":1.0,"turns":2.0},{"damage":0.0,"enemies":"2 Louse","floor":2.0,"turns":4.0},{"damage":0.0,"enemies":"Jaw Worm","floor":7.0,"turns":3.0},{"damage":54.0,"enemies":"3 Sentries","floor":8.0,"turns":7.0},{"damage":20.0,"enemies":"Lots of Slimes","floor":10.0,"turns":4.0},{"damage":1.0,"enemies":"2 Fungi Beasts","floor":12.0,"turns":3.0},{"damage":3.0,"enemies":"3 Louse","floor":13.0,"turns":3.0},{"damage":18.0,"enemies":"Lagavulin","floor":14.0,"turns":5.0},{"damage":41.0,"enemies":"Fading Forest","floor":16.0,"turns":11.0},{"damage":7.0,"enemies":"Gensokyo:CosmicMonolith","floor":18.0,"turns":5.0},{"damage":33.0,"enemies":"Gensokyo:3_Dogs","floor":19.0,"turns":5.0},{"damage":12.0,"enemies":"Gensokyo:Wraith","floor":21.0,"turns":4.0},{"damage":0.0,"enemies":"Gensokyo:3_Gloops","floor":23.0,"turns":5.0},{"damage":0.0,"enemies":"Gensokyo:Swordslinger","floor":25.0,"turns":5.0},{"damage":11.0,"enemies":"Gensokyo:Wraith","floor":29.0,"turns":7.0},{"damage":27,"enemies":"Gensokyo:Chomper_and_Gloop","floor":30,"turns":7},{"damage":0,"enemies":"Gensokyo:Monolith_and_Dog","floor":31,"turns":6},{"damage":3,"enemies":"Gensokyo:Kaguya","floor":33,"turns":8},{"damage":18,"enemies":"Orb Walker","floor":35,"turns":3},{"damage":43,"enemies":"3 Darklings","floor":36,"turns":3},{"damage":1,"enemies":"4 Shapes","floor":38,"turns":7},{"damage":0,"enemies":"Maw","floor":39,"turns":5},{"damage":42,"enemies":"4 Shapes","floor":41,"turns":8},{"damage":21,"enemies":"Writhing Mass","floor":42,"turns":5}],"seed_played":"-1343227795989555608","potions_obtained":[{"floor":7.0,"key":"Explosive Potion"},{"floor":10.0,"key":"Regen Potion"},{"floor":12.0,"key":"StarNLove"},{"floor":16.0,"key":"BottledSpark"},{"floor":21.0,"key":"Block Potion"},{"floor":25.0,"key":"Elixir"},{"floor":30,"key":"BlessingOfTheForge"},{"floor":38,"key":"LifebloodPotion"}],"is_trial":false,"path_per_floor":["M","M","?","?","?","R","M","E","T","M","R","M","M","E","R","B",null,"M","M","?","M","?","M","?","M","T","COS","?","M","M","M","R","B",null,"M","M","?","M","M","R","M","M"],"character_chosen":"MARISA","items_purchased":[],"campfire_rested":4,"item_purchase_floors":[],"current_hp_per_floor":[89,89,78,78,78,78,78,24,24,4,30,29,26,8,34,3,89,82,49,49,37,37,37,37,37,37,37,37,26,15,17,42,44,84,66,23,23,22,27,52,10,0,0],"gold":412,"neow_bonus":"TWENTY_PERCENT_HP_BONUS","is_daily":false,"chose_seed":false,"campfire_upgraded":1,"win_rate":0.0,"timestamp":1611180181,"path_taken":["M","M","?","?","?","R","M","E","T","M","R","M","?","E","R","BOSS","M","?","?","M","?","M","?","M","T","COS","?","?","M","M","R","BOSS","M","M","?","M","M","R","?","?"],"items_purchased_type":[],"build_version":"2020-12-22","purchased_purges":0,"victory":false,"max_hp_per_floor":[89,89,89,89,89,89,89,89,89,89,89,89,89,89,89,89,89,89,89,89,89,89,89,84,84,84,84,84,84,84,84,84,84,84,84,84,84,84,84,84,84,84,84],"card_choices":[{"not_picked":["GrandCross","NonDirectionalLaser"],"picked":"SprinkleStarSeal","floor":1.0},{"not_picked":["DoubleSpark","IllusionStar"],"picked":"OpenUniverse","floor":2.0},{"not_picked":["MilkyWay","WitchLeyline"],"picked":"ShootingEcho","floor":7.0},{"not_picked":["BlazeAway","ChargeUpSpray"],"picked":"SporeBomb","floor":8.0},{"not_picked":["FinalSpark","WitchOfGreed"],"picked":"MeteoricShower","floor":10.0},{"not_picked":["StarBarrage","PulseMagic"],"picked":"IllusionStar","floor":12.0},{"not_picked":["GravityBeat","StarBarrage"],"picked":"EnergyFlow","floor":13.0},{"not_picked":["PowerUp","MilkyWay"],"picked":"FairyDestructionRay","floor":14.0},{"not_picked":["JA","UltimateShortwave"],"picked":"BigCrunch","floor":16.0},{"not_picked":["IllusionStar+1","StarBarrage"],"picked":"OrrerysSun+1","floor":18.0},{"not_picked":["RefractionSpark","DC+1"],"picked":"OortCloud","floor":19.0},{"not_picked":["Robbery","StarlightTyphoon"],"picked":"6A+1","floor":21.0},{"not_picked":["UnstableBomb","DC"],"picked":"IllusionStar","floor":23.0},{"not_picked":["NonDirectionalLaser","Acceleration+1"],"picked":"ManaConvection+1","floor":25.0},{"not_picked":["MilkyWay","DC"],"picked":"MaximisePower","floor":29.0},{"not_picked":["GravityBeat","DoubleSpark"],"picked":"WitchLeyline","floor":30},{"not_picked":["IllusionStar","DoubleSpark+1"],"picked":"OrrerysSun","floor":31},{"not_picked":["SatelliteIllusion","FinalSpark"],"picked":"CasketOfStar","floor":33},{"not_picked":["6A","NonDirectionalLaser+1"],"picked":"MysteriousBeam+1","floor":35},{"not_picked":["ChargingUp","Robbery"],"picked":"DoubleSpark+1","floor":36},{"not_picked":["ManaConvection","AsteroidBelt"],"picked":"ChargingUp","floor":38},{"not_picked":["FairyDestructionRay+1","OrrerysSun"],"picked":"PulseMagic+1","floor":39},{"not_picked":["BlazingStar","UnstableBomb+1"],"picked":"AsteroidBelt+1","floor":41}],"player_experience":186215,"relics_obtained":[{"floor":8.0,"key":"Replay:Bottled Eggs"},{"floor":14.0,"key":"Grinning Jar"},{"floor":26.0,"key":"Ancient Tea Set"}],"event_choices":[{"damage_healed":0.0,"max_hp_gain":0.0,"max_hp_loss":0.0,"gold_gain":75.0,"event_name":"World of Goop","player_choice":"Gather Gold","floor":3.0,"gold_loss":0.0,"damage_taken":11.0},{"damage_healed":0.0,"max_hp_gain":0.0,"max_hp_loss":0.0,"gold_gain":0.0,"event_name":"conspire:Investor","player_choice":"Invest 2","floor":4.0,"gold_loss":0.0,"damage_taken":0.0},{"damage_healed":0,"gold_gain":0,"player_choice":"1 cards matched","damage_taken":0,"max_hp_gain":0,"max_hp_loss":0,"event_name":"Match and Keep!","floor":37,"gold_loss":0,"cards_obtained":["CasketOfStar"]}],"is_beta":false,"boss_relics":[{"not_picked":["Sozu","conspire:SeveredTorchhead"],"picked":"beaked:MawFillet"},{"not_picked":["Kintsugi","Replay:Grab Bag"],"picked":"halation:LoveArrow"}],"items_purged_floors":[],"is_endless":false,"potions_floor_spawned":[7,10,12,16,21,25,30,38],"killed_by":"Writhing Mass","ascension_level":0}}