{"host":"8wq2kaef3mxk27dm","time":1611114149,"event":{"mods":["100% Spire Juice","Abigail Mod","Act Like it!","Aspiration","Bard","BaseMod","CCEM","Colored Map","Friendly Minions","Gensokyo","GifTheSpireLib","Hallownest","Hermit","Hubris","Koishi","Minty Spire (QoL Compilation)","Quarter Circle Forward PUNCH!","StSLib","Stuff the Spire","The Bug Knight","The Cursed","The Gatherer","The Juggle","The Mystic","Trackpad"],"gold_per_floor":[112,131,131,131,143,173,189,221,221,234,234,269,269,269,269,367,367,384,384,400,85,99,99,128,153,180,215,234,234,234,264,264,362,362,382,393,405,419,466,466,479,514,540,569,256,256,256,291,291,291,291,291,35,60,60],"floor_reached":56,"language":"ENG","playtime":5743,"items_purged":["AbbyMod:Ab_Strike","AbbyMod:Ab_Strike"],"score":1460,"play_id":"c2357088-672f-4f73-b1c4-e9d8a8144e5d","local_time":"20210119214229","is_ascension_mode":true,"campfire_choices":[{"data":"AbbyMod:SanityCheck","floor":13,"key":"SMITH"},{"floor":15,"key":"REST"},{"floor":23,"key":"REST"},{"floor":32,"key":"RECALL"},{"floor":40,"key":"REST"},{"floor":46,"key":"REST"},{"floor":49,"key":"REST"},{"data":"AbbyMod:Takeuchi","floor":52,"key":"SMITH"}],"circlet_count":0,"master_deck":["AbbyMod:Ab_Defend+1","AbbyMod:Ab_Defend+1","AbbyMod:FleetingSanity+1","AbbyMod:ForeheadBeam+1","AbbyMod:LiftSkirt+1","AbbyMod:MeltBrain","AbbyMod:Takeuchi+1","AbbyMod:PrayerOfFaith+1","AbbyMod:SanityCheck+1","AbbyMod:HeroCreationA+1","AbbyMod:InsaneStrike+1","AbbyMod:SlimyBody+1","AbbyMod:Ab_FiveStars+1","AbbyMod:TentacleSwarm+1","AbbyMod:PantyShot+1","Sword Boomerang+1","Study+1","Gensokyo:SalamanderShield+1","AbbyMod:DemonPancake+1","AbbyMod:PrayerOfFaith+1","AbbyMod:ImpossibleGeometry+1","hubris:NaturalOne"],"relics":["AbbyMod:Salem_Diary","NeowsBlessing","hubris:Icosahedron","aspiration:HatOfInfinitePower","Tiny Chest","qcfpunch:Fighting_Gloves","Happy Flower","Hallownest:SheosBrushRelic","Philosopher\u0027s Stone","Hallownest:NailmastersGloryRelic","CCEMRelics:WrappedPresent","StoneCalendar","CCEMRelics:DissonantTune","qcfpunch:Wrestler\u0027s_Cloak","aspiration:FrozenJewel","Smiling Mask","qcfpunch:Killian_Engine_Alpha","Whetstone","Orichalcum","aspiration:ChemicalBlood","Bag of Marbles","Ice Cream","qcfpunch:Not_Strongest_Fighting_Style_Guidebook","Chemical X","Pen Nib"],"acts_visited":["Exordium","Hallownest:Greenpath","Hallownest:CityofTears","TheEnding"],"potions_floor_usage":[8,33,35,41,42,54,55,55],"damage_taken":[{"damage":0,"enemies":"Hallownest:monsterHuskGuard","floor":1,"turns":1},{"damage":0,"enemies":"Hallownest:2_MossCreeps","floor":2,"turns":1},{"damage":0,"enemies":"Hallownest:monsterHuskWarrior","floor":5,"turns":1},{"damage":8,"enemies":"Hallownest:eliteCrystalGuardian","floor":6,"turns":7},{"damage":0,"enemies":"Hallownest:monsterFoolEater","floor":7,"turns":5},{"damage":0,"enemies":"Hallownest:eliteVengeflyKing","floor":8,"turns":7},{"damage":0,"enemies":"Hallownest:monsterAspidMother","floor":10,"turns":6},{"damage":2,"enemies":"Hallownest:eliteCrystalGuardian","floor":12,"turns":7},{"damage":3,"enemies":"Hallownest:BossFalseKnight","floor":16,"turns":5},{"damage":8,"enemies":"Hallownest:Guard_and_Sentry","floor":18,"turns":5},{"damage":4,"enemies":"Hallownest:2_Mistakes","floor":20,"turns":4},{"damage":22,"enemies":"Hallownest:Master_and_Novice","floor":22,"turns":4},{"damage":6,"enemies":"Hallownest:eliteWatcherKnight","floor":24,"turns":8},{"damage":0,"enemies":"Hallownest:eliteSoulWarrior","floor":27,"turns":3},{"damage":0,"enemies":"Hallownest:monsterShrumalOgre","floor":28,"turns":3},{"damage":0,"enemies":"Hallownest:Nosk","floor":31,"turns":4},{"damage":29,"enemies":"Hallownest:BossGrimm","floor":33,"turns":5},{"damage":36,"enemies":"Hallownest:2_Littles","floor":35,"turns":3},{"damage":11,"enemies":"Hallownest:3_Siblings","floor":36,"turns":3},{"damage":3,"enemies":"Hallownest:Slobbering_and_Violent","floor":37,"turns":4},{"damage":10,"enemies":"Hallownest:monsterPrimalAspid","floor":38,"turns":4},{"damage":0,"enemies":"Hallownest:2_Wing_and_1_Kings","floor":41,"turns":5},{"damage":19,"enemies":"Hallownest:eliteHiveKnight","floor":42,"turns":4},{"damage":0,"enemies":"Hallownest:StalkingDevout","floor":44,"turns":4},{"damage":0,"enemies":"Hallownest:eliteHiveKnight","floor":48,"turns":5},{"damage":7,"enemies":"Hallownest:Radiance","floor":50,"turns":5},{"damage":17,"enemies":"Shield and Spear","floor":54,"turns":4},{"damage":22,"enemies":"The Heart","floor":55,"turns":5}],"seed_played":"-8126387856165365662","potions_obtained":[{"floor":1,"key":"Block Potion"},{"floor":2,"key":"Fire Potion"},{"floor":7,"key":"SkillPotion"},{"floor":8,"key":"FearPotion"},{"floor":22,"key":"BlessingOfTheForge"},{"floor":33,"key":"BlessingOfTheForge"},{"floor":36,"key":"Explosive Potion"},{"floor":37,"key":"Weak Potion"},{"floor":41,"key":"Block Potion"},{"floor":44,"key":"FairyPotion"},{"floor":54,"key":"DistilledChaos"},{"floor":54,"key":"LiquidMemories"}],"is_trial":false,"path_per_floor":["M","M","?","?","M","E","M","E","T","M","?","E","R","?","R","B",null,"M","?","M","$","M","R","E","T","T","E","M","?","?","E","R","B",null,"M","M","M","M","T","R","M","E","T","E","$","R","?","E","R","B",null,"R","$","E","B",null],"character_chosen":"Ab_Foreigner","items_purchased":["CCEMRelics:WrappedPresent","Ice Cream","Chemical X","PowerPotion"],"campfire_rested":5,"item_purchase_floors":[21,45,53,53],"current_hp_per_floor":[60,60,60,50,50,42,42,46,46,46,46,44,44,44,63,61,64,56,56,56,66,44,65,59,59,59,59,59,59,66,66,66,37,73,37,26,23,13,13,34,34,15,15,15,15,36,43,43,64,57,73,73,73,56,34],"gold":60,"neow_bonus":"THREE_ENEMY_KILL","is_daily":false,"chose_seed":false,"campfire_upgraded":2,"win_rate":0.0,"timestamp":1611114149,"path_taken":["M","M","?","?","?","E","M","E","T","M","?","E","R","?","R","BOSS","M","?","M","$","M","R","E","?","T","E","M","?","?","E","R","BOSS","M","?","M","M","?","R","M","E","T","E","$","R","?","E","R","BOSS","R","$","E","BOSS"],"items_purchased_type":["Relic","Relic","Relic","Potion"],"build_version":"2020-12-22","purchased_purges":2,"victory":true,"max_hp_per_floor":[60,60,60,60,60,60,60,64,64,64,64,64,64,64,64,64,64,64,64,68,73,73,73,73,73,73,73,73,73,73,73,73,73,73,73,73,73,73,73,73,73,73,73,73,73,73,73,73,73,73,73,73,73,73,73],"card_choices":[{"not_picked":["AbbyMod:SanityCheck","AbbyMod:Ab_FiveStars"],"picked":"AbbyMod:LiftSkirt","floor":1},{"not_picked":["AbbyMod:WormHole","AbbyMod:AceInTheHole"],"picked":"AbbyMod:SweetPancakes","floor":2},{"not_picked":["AbbyMod:RecklessSlam","AbbyMod:ImpossibleGeometry"],"picked":"AbbyMod:MeltBrain","floor":5},{"not_picked":["AbbyMod:SavingThrow","AbbyMod:AceInTheHole"],"picked":"AbbyMod:Takeuchi","floor":6},{"not_picked":["AbbyMod:Ygna","AbbyMod:CloneArmy"],"picked":"AbbyMod:PrayerOfFaith","floor":7},{"not_picked":["AbbyMod:StarRadiance","AbbyMod:TentacleSwarm"],"picked":"AbbyMod:SanityCheck","floor":8},{"not_picked":["AbbyMod:Dabigail","AbbyMod:Takeuchi"],"picked":"AbbyMod:HeroCreationA","floor":10},{"not_picked":["AbbyMod:CloneArmy","AbbyMod:LiftSkirt"],"picked":"AbbyMod:InsaneStrike","floor":12},{"not_picked":["AbbyMod:VoidHeretic","AbbyMod:MysteryKey"],"picked":"AbbyMod:SlimyBody","floor":16},{"not_picked":["AbbyMod:EyesOfMadness","AbbyMod:SavingThrow"],"picked":"AbbyMod:SweetPancakes","floor":18},{"not_picked":["AbbyMod:ConsumeFlesh","AbbyMod:SanityCheck"],"picked":"AbbyMod:Ab_FiveStars","floor":20},{"not_picked":["AbbyMod:TeddyBear+1","AbbyMod:Ab_PuppyEyes","AbbyMod:Meteo"],"picked":"SKIP","floor":22},{"not_picked":["AbbyMod:LargeTentacle","AbbyMod:SavingThrow"],"picked":"AbbyMod:TentacleSwarm+1","floor":24},{"not_picked":["AbbyMod:Ab_PuppyEyes","AbbyMod:Memocide+1"],"picked":"AbbyMod:CommandSpell","floor":27},{"not_picked":["AbbyMod:AdultWords","AbbyMod:OldOneLimb","AbbyMod:Takeuchi+1"],"picked":"SKIP","floor":28},{"not_picked":["AbbyMod:TentacleSwarm","AbbyMod:Memocide+1","AbbyMod:MysteryKey"],"picked":"SKIP","floor":31},{"not_picked":["AbbyMod:Ab_OldOneTrigger","AbbyMod:BadGirl"],"picked":"AbbyMod:PantyShot","floor":33},{"not_picked":["AbbyMod:ExposedCore","AbbyMod:AlignStars"],"picked":"AbbyMod:DemonPancake+1","floor":35},{"not_picked":["AbbyMod:Kinoko","AbbyMod:FamiliarShield+1","AbbyMod:Takeuchi+1"],"picked":"SKIP","floor":36},{"not_picked":["AbbyMod:SuperMuscular+1","AbbyMod:SanityCheck+1","AbbyMod:PapaProtection"],"picked":"SKIP","floor":37},{"not_picked":["AbbyMod:RecklessSlam+1","AbbyMod:AttoSecond+1"],"picked":"AbbyMod:CommandSpell+1","floor":38},{"not_picked":["AbbyMod:LossOfSanity","AbbyMod:ExposedCore+1"],"picked":"AbbyMod:PrayerOfFaith+1","floor":41},{"not_picked":["AbbyMod:AttoSecond+1","AbbyMod:SavingThrow","AbbyMod:FatalEntropy+1"],"picked":"SKIP","floor":42},{"not_picked":["AbbyMod:Kuroboshi","AbbyMod:Hitomi","AbbyMod:HeroCreationA"],"picked":"SKIP","floor":44},{"not_picked":["AbbyMod:AdultWords+1","AbbyMod:MeltBrain","AbbyMod:ConsumeFlesh"],"picked":"SKIP","floor":48},{"not_picked":["AbbyMod:LiftSkirt","AbbyMod:MindCleanse"],"picked":"AbbyMod:ImpossibleGeometry+1","floor":54}],"player_experience":148155,"relics_obtained":[{"floor":6,"key":"aspiration:HatOfInfinitePower"},{"floor":8,"key":"Tiny Chest"},{"floor":9,"key":"qcfpunch:Fighting_Gloves"},{"floor":12,"key":"Happy Flower"},{"floor":21,"key":"StoneCalendar"},{"floor":24,"key":"CCEMRelics:DissonantTune"},{"floor":26,"key":"qcfpunch:Wrestler\u0027s_Cloak"},{"floor":27,"key":"aspiration:FrozenJewel"},{"floor":31,"key":"Smiling Mask"},{"floor":39,"key":"Whetstone"},{"floor":42,"key":"Orichalcum"},{"floor":43,"key":"aspiration:ChemicalBlood"},{"floor":44,"key":"Bag of Marbles"},{"floor":48,"key":"qcfpunch:Not_Strongest_Fighting_Style_Guidebook"},{"floor":54,"key":"Pen Nib"}],"event_choices":[],"is_beta":false,"boss_relics":[{"not_picked":["aspiration:PoetsPen_weak","Busted Crown"],"picked":"Philosopher\u0027s Stone"},{"not_picked":["SacredBark","hubris:Stopwatch"],"picked":"qcfpunch:Killian_Engine_Alpha"}],"items_purged_floors":[21,53],"is_endless":false,"potions_floor_spawned":[1,2,7,8,12,18,22,33,36,37,41,44,54],"ascension_level":1}}