{"host":"nbmmy2ys5j9alw05","time":1611115571,"event":{"mods":["AchievementEnabler","BaseMod","Bestiary","Better Vampires","Colored Map","Colored Powertips","Googly Eyes","Minty Spire (QoL Compilation)","Quick Restart","StSLib","The Hierophant","The IronCluck","everything is the same but u backflip on backflip"],"gold_per_floor":[122,134,165,188,275,287,319,331,343,376,417,429,460,472,484,594,606,606,606,606,606,606,606,55,55,55,55,55,55,55,0,0,0,0,0,0,0,0,0,0,0,0,0,0,0,0,0,0,0,0,0],"floor_reached":50,"language":"ENG","playtime":1952,"items_purged":["Defend_R"],"score":766,"play_id":"5e1652ab-f4c6-4827-ab8f-bd49d4b6d866","local_time":"20210119200611","is_ascension_mode":true,"campfire_choices":[{"data":"Wild Strike","floor":6,"key":"SMITH"},{"data":"Infernal Blade","floor":8,"key":"SMITH"},{"data":"True Grit","floor":15,"key":"SMITH"},{"floor":25,"key":"REST"},{"data":"Bandage Up","floor":32,"key":"SMITH"},{"floor":40,"key":"REST"},{"floor":44,"key":"REST"},{"floor":46,"key":"REST"},{"floor":49,"key":"REST"}],"circlet_count":0,"master_deck":["Strike_R","Strike_R","Strike_R+1","Strike_R","Strike_R+1","Defend_R","Defend_R+1","Bash","Cleave","Wild Strike+1","Wild Strike+1","Infernal Blade+1","Wild Strike","True Grit+1","Double Tap+1","Power Through+1","Perfected Strike+1","Bandage Up+1","Fire Breathing+1","Ghostly Armor","Burning Pact+1","Burning Pact+1","Reckless Charge+1","Inflame+1","Power Through+1","Power Through+1"],"relics":["Burning Blood","MawBank","Singing Bowl","Odd Mushroom","Shuriken","Red Skull","Ectoplasm","War Paint","Matryoshka","Vajra","Lantern","Whetstone","Pen Nib","SlaversCollar","Gambling Chip","Red Mask","Darkstone Periapt","PreservedInsect","CeramicFish"],"acts_visited":["Exordium","TheCity","TheBeyond"],"potions_floor_usage":[7,10,10,11,11,13,16,16,22,23,27,33,42,50],"damage_taken":[{"damage":7,"enemies":"2 Louse","floor":1,"turns":4},{"damage":6,"enemies":"Cultist","floor":3,"turns":3},{"damage":2,"enemies":"Jaw Worm","floor":4,"turns":3},{"damage":0,"enemies":"2 Fungi Beasts","floor":7,"turns":2},{"damage":15,"enemies":"The Mushroom Lair","floor":10,"turns":4},{"damage":5,"enemies":"3 Sentries","floor":11,"turns":4},{"damage":0,"enemies":"3 Louse","floor":13,"turns":2},{"damage":16,"enemies":"Slime Boss","floor":16,"turns":9},{"damage":21,"enemies":"Shell Parasite","floor":18,"turns":4},{"damage":7,"enemies":"Chosen","floor":21,"turns":3},{"damage":22,"enemies":"Snecko","floor":22,"turns":4},{"damage":2,"enemies":"Gremlin Leader","floor":23,"turns":2},{"damage":10,"enemies":"3 Cultists","floor":27,"turns":4},{"damage":24,"enemies":"Sentry and Sphere","floor":29,"turns":4},{"damage":43,"enemies":"Collector","floor":33,"turns":5},{"damage":23,"enemies":"3 Shapes","floor":35,"turns":3},{"damage":13,"enemies":"Mind Bloom Boss Battle","floor":36,"turns":7},{"damage":19,"enemies":"3 Darklings","floor":37,"turns":3},{"damage":62,"enemies":"Nemesis","floor":42,"turns":5},{"damage":31,"enemies":"Jaw Worm Horde","floor":47,"turns":4},{"damage":100,"enemies":"Time Eater","floor":50,"turns":7}],"seed_played":"8283322702921456700","potions_obtained":[{"floor":2,"key":"Swift Potion"},{"floor":2,"key":"AttackPotion"},{"floor":2,"key":"EntropicBrew"},{"floor":7,"key":"Strength Potion"},{"floor":11,"key":"SteroidPotion"},{"floor":13,"key":"Block Potion"},{"floor":22,"key":"FearPotion"},{"floor":27,"key":"ElixirPotion"},{"floor":29,"key":"DuplicationPotion"},{"floor":36,"key":"Ancient Potion"},{"floor":37,"key":"ColorlessPotion"}],"is_trial":false,"path_per_floor":["M","?","M","M","?","R","M","R","T","?","E","?","M","?","R","B",null,"M","?","T","M","M","E","$","R","T","M","?","M","?","?","R","B",null,"M","?","M","?","?","R","$","E","T","R","$","R","M","?","R","B"],"character_chosen":"IRONCLAD","items_purchased":["Vajra","Lantern","Bandage Up","Regen Potion"],"campfire_rested":5,"item_purchase_floors":[24,24,24,24],"current_hp_per_floor":[71,71,71,75,64,64,70,70,70,61,62,62,70,70,70,60,77,64,48,48,47,31,35,35,61,61,70,70,56,56,56,56,27,75,64,63,56,56,56,83,83,33,33,60,60,87,66,66,91,0,0],"gold":0,"neow_bonus":"RANDOM_COMMON_RELIC","is_daily":false,"chose_seed":false,"campfire_upgraded":4,"win_rate":0.0,"timestamp":1611115571,"path_taken":["M","?","M","?","?","R","M","R","T","?","E","?","M","?","R","BOSS","M","?","?","M","?","E","$","R","T","M","?","?","?","?","R","BOSS","M","?","M","?","?","R","?","E","T","R","$","R","M","?","R","BOSS"],"items_purchased_type":["Relic","Relic","Card","Potion"],"build_version":"2020-12-22","purchased_purges":1,"victory":false,"max_hp_per_floor":[80,80,80,80,80,80,80,80,80,80,80,80,82,82,82,82,82,84,89,89,89,89,89,89,89,89,89,89,89,89,89,89,91,91,91,91,91,91,91,91,91,91,91,91,91,91,91,91,91,91,91],"card_choices":[{"not_picked":["Anger","Havoc"],"picked":"Cleave","floor":1},{"not_picked":["Warcry","Blood for Blood"],"picked":"Wild Strike","floor":3},{"not_picked":["Flex","Burning Pact"],"picked":"Wild Strike","floor":4},{"not_picked":["Iron Wave","Headbutt"],"picked":"Infernal Blade","floor":7},{"not_picked":["Sword Boomerang","Havoc"],"picked":"Wild Strike","floor":10},{"not_picked":["Berserk","Heavy Blade"],"picked":"True Grit","floor":11},{"not_picked":["Combust","Infernal Blade","Cleave"],"picked":"Singing Bowl","floor":13},{"not_picked":["Berserk","Brutality"],"picked":"Double Tap","floor":16},{"not_picked":["Anger","Thunderclap","Twin Strike"],"picked":"Singing Bowl","floor":18},{"not_picked":["Headbutt+1","Seeing Red"],"picked":"Power Through+1","floor":21},{"not_picked":["Pommel Strike","Clothesline+1"],"picked":"Perfected Strike+1","floor":22},{"not_picked":["Entrench","Heavy Blade"],"picked":"Inflame","floor":23},{"not_picked":["Whirlwind","Carnage"],"picked":"Fire Breathing+1","floor":27},{"not_picked":["Bloodletting+1","Dropkick"],"picked":"Burning Pact+1","floor":29},{"not_picked":["Fiend Fire","Brutality","Feed"],"picked":"Singing Bowl","floor":33},{"not_picked":["Iron Wave+1","Armaments+1"],"picked":"Burning Pact+1","floor":35},{"not_picked":["Pommel Strike","Shrug It Off"],"picked":"Reckless Charge+1","floor":36},{"not_picked":["Headbutt+1","Dropkick+1"],"picked":"Inflame+1","floor":37},{"not_picked":["Flex+1","Hemokinesis"],"picked":"Power Through+1","floor":42},{"not_picked":["Rage","Thunderclap"],"picked":"Power Through+1","floor":47}],"player_experience":487878,"relics_obtained":[{"floor":9,"key":"Singing Bowl"},{"floor":10,"key":"Odd Mushroom"},{"floor":11,"key":"Shuriken"},{"floor":20,"key":"War Paint"},{"floor":23,"key":"Matryoshka"},{"floor":26,"key":"Whetstone"},{"floor":26,"key":"Pen Nib"},{"floor":36,"key":"Gambling Chip"},{"floor":42,"key":"Darkstone Periapt"},{"floor":43,"key":"PreservedInsect"},{"floor":43,"key":"CeramicFish"}],"event_choices":[{"damage_healed":0,"gold_gain":0,"player_choice":"Got Potions","damage_taken":0,"max_hp_gain":0,"max_hp_loss":0,"event_name":"Lab","floor":2,"gold_loss":0},{"damage_healed":0,"gold_gain":75,"player_choice":"Gather Gold","damage_taken":11,"max_hp_gain":0,"max_hp_loss":0,"event_name":"World of Goop","floor":5,"gold_loss":0},{"damage_healed":0,"gold_gain":0,"player_choice":"Fought Mushrooms","damage_taken":0,"max_hp_gain":0,"max_hp_loss":0,"event_name":"Mushrooms","floor":10,"gold_loss":0},{"damage_healed":0,"gold_gain":0,"player_choice":"Ignored","damage_taken":0,"max_hp_gain":0,"max_hp_loss":0,"event_name":"Liars Game","floor":12,"gold_loss":0},{"damage_healed":0,"gold_gain":0,"player_choice":"Searched \u00272\u0027 times","damage_taken":0,"relics_obtained":["Red Skull"],"max_hp_gain":0,"max_hp_loss":0,"event_name":"Dead Adventurer","floor":14,"gold_loss":0},{"damage_healed":0,"gold_gain":0,"player_choice":"Shed Blood","damage_taken":21,"max_hp_gain":5,"max_hp_loss":0,"event_name":"Forgotten Altar","floor":19,"gold_loss":0},{"damage_healed":0,"gold_gain":0,"cards_transformed":["Defend_R"],"player_choice":"Transformed","damage_taken":0,"max_hp_gain":0,"max_hp_loss":0,"event_name":"Transmorgrifier","floor":28,"gold_loss":0,"cards_obtained":["Ghostly Armor"]},{"damage_healed":0,"gold_gain":0,"player_choice":"Ignored","damage_taken":0,"max_hp_gain":0,"max_hp_loss":0,"event_name":"Vampires","floor":30,"gold_loss":0},{"damage_healed":0,"gold_gain":0,"player_choice":"Paid Fearfully","damage_taken":0,"max_hp_gain":0,"max_hp_loss":0,"event_name":"Masked Bandits","floor":31,"gold_loss":55},{"damage_healed":0,"gold_gain":0,"player_choice":"Fight","damage_taken":0,"max_hp_gain":0,"max_hp_loss":0,"event_name":"MindBloom","floor":36,"gold_loss":0},{"cards_removed":["Inflame"],"damage_healed":0,"gold_gain":0,"player_choice":"Removed Power","damage_taken":0,"max_hp_gain":0,"max_hp_loss":0,"event_name":"Falling","floor":38,"gold_loss":0},{"damage_healed":0,"gold_gain":0,"player_choice":"Paid","damage_taken":0,"relics_obtained":["Red Mask"],"max_hp_gain":0,"max_hp_loss":0,"event_name":"Tomb of Lord Red Mask","floor":39,"gold_loss":0},{"damage_healed":0,"gold_gain":0,"player_choice":"Upgraded","damage_taken":0,"max_hp_gain":0,"max_hp_loss":0,"event_name":"Upgrade Shrine","floor":48,"gold_loss":0,"cards_upgraded":["Wild Strike"]}],"is_beta":false,"boss_relics":[{"not_picked":["Philosopher\u0027s Stone","Coffee Dripper"],"picked":"Ectoplasm"},{"not_picked":["Empty Cage","Fusion Hammer"],"picked":"SlaversCollar"}],"items_purged_floors":[24],"is_endless":false,"potions_floor_spawned":[7,11,13,22,27,29,36,37],"killed_by":"Time Eater","ascension_level":9}}