{"host":"51f0ad793vly1w6u","time":1611101492,"event":{"mods":["BaseMod","Colored Map","DeckTracker","Minty Spire (QoL Compilation)","Replay The Spire","StSLib","SuperFastMode"],"gold_per_floor":[109,127,144,144,158,193,293,293,316,348,348,403,403,433,433,554,554,601,213,269,306,343,343,377,377,377,411,547,547,583,624,624,762,762,799,290,328,362,237,237,286,286,286,286,349,449,495,495,569,593],"floor_reached":51,"language":"KOR","playtime":1464,"items_purged":["Strike_G","Strike_G","Strike_G"],"score":619,"play_id":"e7bc3f81-ba0e-42bb-bf99-760cc4f25ee8","local_time":"20210120091132","is_ascension_mode":false,"campfire_choices":[{"data":"Glass Knife","floor":8.0,"key":"SMITH"},{"data":"Blade Dance","floor":11.0,"key":"SMITH"},{"floor":13.0,"key":"REST"},{"data":"Calculated Gamble","floor":15.0,"key":"SMITH"},{"data":"Accuracy","floor":23,"key":"SMITH"},{"data":"Envenom","floor":25,"key":"SMITH"},{"data":"Cloak And Dagger","floor":32,"key":"SMITH"},{"data":"ReplayTheSpireMod:Scrap Shanks","floor":40,"key":"SMITH"},{"data":"Footwork","floor":42,"key":"SMITH"},{"data":"Replay:Bag of Tricks","floor":44,"key":"SMITH"}],"circlet_count":0,"master_deck":["Defend_G+1","Defend_G","Defend_G","Defend_G","Defend_G+1","Survivor","Neutralize","Hidden Blade","Blade Dance+1","Glass Knife+1","Deflect","Malaise+1","Calculated Gamble+1","Burst+1","All Out Attack+1","Footwork+1","Accuracy+1","Cloak And Dagger+1","Acrobatics+1","Envenom+1","Outmaneuver","Slice","Hidden Blade","ReplayTheSpireMod:Scrap Shanks+1","Dagger Throw+1","Replay:Bag of Tricks+1","PiercingWail","Deflect+1","Slice+1"],"relics":["Ring of the Snake","NeowsBlessing","Pen Nib","Bronze Scales","Replay:Bandana","Darkstone Periapt","Honey Jar","White Beast Statue","Red Mask","HornCleat","Replay:Towering Pillar of Hats","Snack Pack","SlaversCollar","Shuriken","Guide Book","Replay:Baseball","Pantograph","Simple Rune","Torii"],"acts_visited":["Exordium","TheCity","TheBeyond"],"potions_floor_usage":[20,24,27,28,28,33,33,35,38,45,45,50,50,50],"damage_taken":[{"damage":0.0,"enemies":"Cultist","floor":1.0,"turns":1.0},{"damage":0.0,"enemies":"Jaw Worm","floor":2.0,"turns":1.0},{"damage":0.0,"enemies":"Small Slimes","floor":3.0,"turns":1.0},{"damage":4.0,"enemies":"Exordium Thugs","floor":5.0,"turns":5.0},{"damage":20.0,"enemies":"Lagavulin","floor":6.0,"turns":7.0},{"damage":14.0,"enemies":"Gremlin Gang","floor":10.0,"turns":3.0},{"damage":15.0,"enemies":"Gremlin Nob","floor":12.0,"turns":4.0},{"damage":0.0,"enemies":"Looter","floor":14.0,"turns":1.0},{"damage":6.0,"enemies":"Slime Boss","floor":16.0,"turns":8.0},{"damage":3,"enemies":"3 Byrds","floor":18,"turns":3},{"damage":13,"enemies":"Masked Bandits","floor":20,"turns":4},{"damage":0,"enemies":"Spheric Guardian","floor":21,"turns":3},{"damage":18,"enemies":"Shelled Parasite and Fungi","floor":22,"turns":4},{"damage":9,"enemies":"Snake Plant","floor":24,"turns":4},{"damage":10,"enemies":"Centurion and Healer","floor":27,"turns":6},{"damage":7,"enemies":"Colosseum Slavers","floor":28,"turns":4},{"damage":0,"enemies":"Colosseum Nobs","floor":28,"turns":4},{"damage":0,"enemies":"Snecko","floor":30,"turns":4},{"damage":2,"enemies":"Chosen and Byrds","floor":31,"turns":3},{"damage":6,"enemies":"Automaton","floor":33,"turns":7},{"damage":20,"enemies":"3 Darklings","floor":35,"turns":3},{"damage":0,"enemies":"Orb Walker","floor":37,"turns":3},{"damage":10,"enemies":"Jaw Worm Horde","floor":38,"turns":4},{"damage":15,"enemies":"Nemesis","floor":41,"turns":5},{"damage":0,"enemies":"R_Hoarder","floor":45,"turns":2},{"damage":5,"enemies":"Writhing Mass","floor":47,"turns":4},{"damage":0,"enemies":"Mind Bloom Boss Battle","floor":49,"turns":4},{"damage":12,"enemies":"Replay:Hell Engine","floor":50,"turns":6}],"seed_played":"-3185685324220801838","potions_obtained":[{"floor":2.0,"key":"SteroidPotion"},{"floor":3.0,"key":"Adrenaline Potion"},{"floor":12.0,"key":"SteroidPotion"},{"floor":14.0,"key":"Poison Potion"},{"floor":20,"key":"Dexterity Potion"},{"floor":21,"key":"BlessingOfTheForge"},{"floor":22,"key":"LifebloodPotion"},{"floor":24,"key":"Regen Potion"},{"floor":27,"key":"Cursed Concoction"},{"floor":28,"key":"DistilledChaos"},{"floor":30,"key":"SteroidPotion"},{"floor":31,"key":"LiquidBronze"},{"floor":33,"key":"AttackPotion"},{"floor":35,"key":"Weak Potion"},{"floor":37,"key":"Fire Potion"},{"floor":38,"key":"Fruit Juice"},{"floor":41,"key":"FearPotion"},{"floor":45,"key":"Dexterity Potion"},{"floor":47,"key":"ColorlessPotion"},{"floor":49,"key":"Dexterity Potion"}],"is_trial":false,"path_per_floor":["M","M","M","?","M","E","?","R","T","M","R","E","R","M","R","B",null,"M","$","?","M","M","R","M","R","T","M","?","?","M","M","R","B",null,"M","$","M","M","$","R","E","R","T","R","E","?","M","?","R_BF","B",null],"character_chosen":"THE_SILENT","items_purchased":["White Beast Statue","Footwork","Shuriken","Guide Book"],"campfire_rested":1,"item_purchase_floors":[19,19,36,36],"current_hp_per_floor":[70,70,70,63,59,39,39,39,39,25,25,10,31,31,31,25,70,67,67,54,54,36,36,27,27,27,31,24,24,28,34,34,52,70,52,52,56,57,57,57,54,54,54,54,64,64,69,69,75,75],"gold":593,"neow_bonus":"THREE_ENEMY_KILL","is_daily":false,"chose_seed":false,"campfire_upgraded":9,"win_rate":0.0,"timestamp":1611101492,"path_taken":["M","?","M","?","M","E","?","R","T","M","R","E","R","?","R","BOSS","M","$","?","M","M","R","M","R","T","M","?","?","M","M","R","BOSS","M","$","M","M","?","R","E","R","T","R","E","?","?","?","R_BF","BOSS"],"items_purchased_type":["Relic","Card","Relic","Relic"],"build_version":"2020-12-22","purchased_purges":3,"victory":true,"max_hp_per_floor":[70,70,70,70,70,70,70,70,70,70,70,70,70,70,70,70,70,70,70,70,70,70,70,70,70,70,70,70,70,70,70,70,70,70,70,70,70,75,75,75,75,75,75,75,75,75,75,75,75,75],"card_choices":[{"not_picked":["ReplayTheSpireMod:Scrap Shanks","Outmaneuver"],"picked":"Hidden Blade","floor":1.0},{"not_picked":["Bouncing Flask","Flying Knee","Heel Hook"],"picked":"SKIP","floor":2.0},{"not_picked":["Underhanded Strike","Bouncing Flask","PiercingWail"],"picked":"SKIP","floor":3.0},{"not_picked":["ReplayTheSpireMod:Shiv Toss","PiercingWail"],"picked":"Blade Dance","floor":5.0},{"not_picked":["Cloak And Dagger","Underhanded Strike"],"picked":"Glass Knife","floor":6.0},{"not_picked":["Backflip","Reflex"],"picked":"Deflect","floor":10.0},{"not_picked":["Dodge and Roll","Acrobatics"],"picked":"Malaise","floor":12.0},{"not_picked":["Backflip","Predator"],"picked":"Calculated Gamble","floor":14.0},{"not_picked":["Unload","ReplayTheSpireMod:Necrosis"],"picked":"Burst","floor":16.0},{"not_picked":["Poisoned Stab","Deadly Poison+1","Masterful Stab"],"picked":"All Out Attack+1","floor":18},{"not_picked":["Setup+1","Backflip","Slice"],"picked":"Accuracy","floor":20},{"not_picked":["PiercingWail","Flying Knee","Underhanded Strike"],"picked":"Cloak And Dagger","floor":21},{"not_picked":["Deflect","Sneak Up","Prepared"],"picked":"Acrobatics+1","floor":22},{"not_picked":["Flying Knee","Cloak And Dagger","Sucker Punch"],"picked":"Envenom","floor":24},{"not_picked":["Masterful Stab","Dagger Spray","All Out Attack"],"picked":"Outmaneuver","floor":27},{"not_picked":["Backflip","Prepared","Bouncing Flask+1"],"picked":"Slice","floor":28},{"not_picked":["Dagger Spray","Blur","Distraction"],"picked":"ReplayTheSpireMod:Scrap Shanks","floor":30},{"not_picked":["Sucker Punch","Glass Knife","Dagger Spray"],"picked":"Dagger Throw+1","floor":31},{"not_picked":["Grand Finale","ReplayTheSpireMod:From All Sides","Corpse Explosion"],"picked":"Replay:Bag of Tricks","floor":33},{"not_picked":["All Out Attack","Sucker Punch+1","Poisoned Stab+1"],"picked":"PiercingWail","floor":35},{"not_picked":["Caltrops+1","Deadly Poison+1","Blur"],"picked":"Deflect+1","floor":37},{"not_picked":["Deflect","Skewer+1","Backflip","Dagger Spray"],"picked":"SKIP","floor":38},{"not_picked":["Backflip","Infinite Blades","Venomology"],"picked":"Slice+1","floor":41},{"not_picked":["Poisoned Stab","Slice","Backstab+1","Bane+1"],"picked":"SKIP","floor":45},{"not_picked":["Riddle With Holes+1","Dodge and Roll","Replay:Poison Smokescreen","Hidden Blade+1"],"picked":"SKIP","floor":47}],"player_experience":1402836,"relics_obtained":[{"floor":6.0,"key":"Bronze Scales"},{"floor":9.0,"key":"Replay:Bandana"},{"floor":12.0,"key":"Darkstone Periapt"},{"floor":20,"key":"Red Mask"},{"floor":26,"key":"HornCleat"},{"floor":28,"key":"Replay:Towering Pillar of Hats"},{"floor":28,"key":"Snack Pack"},{"floor":41,"key":"Replay:Baseball"},{"floor":43,"key":"Pantograph"},{"floor":45,"key":"Simple Rune"},{"floor":49,"key":"Torii"}],"event_choices":[{"damage_healed":0.0,"max_hp_gain":0.0,"max_hp_loss":0.0,"gold_gain":0.0,"event_name":"Scrap Ooze","player_choice":"Success","floor":4.0,"gold_loss":0.0,"damage_taken":7.0,"relics_obtained":["Pen Nib"]},{"damage_healed":0.0,"max_hp_gain":0.0,"max_hp_loss":0.0,"gold_gain":100.0,"event_name":"Wheel of Change","player_choice":"Gold","floor":7.0,"gold_loss":0.0,"damage_taken":0.0},{"damage_healed":0,"gold_gain":0,"player_choice":"Fought Bandits","damage_taken":0,"max_hp_gain":0,"max_hp_loss":0,"event_name":"Masked Bandits","floor":20,"gold_loss":0},{"damage_healed":0,"gold_gain":0,"player_choice":"Fight","damage_taken":0,"max_hp_gain":0,"max_hp_loss":0,"event_name":"Colosseum","floor":28,"gold_loss":0},{"damage_healed":0,"gold_gain":0,"player_choice":"Fought Nobs","damage_taken":0,"max_hp_gain":0,"max_hp_loss":0,"event_name":"Colosseum","floor":28,"gold_loss":0},{"damage_healed":0,"gold_gain":0,"cards_transformed":["Strike_G"],"player_choice":"Transformed","damage_taken":0,"max_hp_gain":0,"max_hp_loss":0,"event_name":"Transmorgrifier","floor":29,"gold_loss":0,"cards_obtained":["Hidden Blade"]},{"damage_healed":0,"gold_gain":100,"player_choice":"Pray","damage_taken":0,"max_hp_gain":0,"max_hp_loss":0,"event_name":"Golden Shrine","floor":46,"gold_loss":0},{"cards_removed":["Strike_G"],"damage_healed":0,"gold_gain":0,"player_choice":"Removed Attack","damage_taken":0,"max_hp_gain":0,"max_hp_loss":0,"event_name":"Falling","floor":48,"gold_loss":0},{"damage_healed":0,"gold_gain":0,"player_choice":"Fight","damage_taken":0,"max_hp_gain":0,"max_hp_loss":0,"event_name":"MindBloom","floor":49,"gold_loss":0}],"is_beta":false,"boss_relics":[{"not_picked":["Ectoplasm","Runic Dome"],"picked":"Honey Jar"},{"not_picked":["Black Star","Replay:Wanted Poster"],"picked":"SlaversCollar"}],"items_purged_floors":[19,36,39],"is_endless":false,"potions_floor_spawned":[2,3,12,14,20,21,22,24,27,28,28,30,31,33,35,37,38,41,45,47,49],"ascension_level":0}}