{"host":"d61fcf2p3sjwe6yo","time":1611172747,"event":{"mods":["AchievementEnabler","BaseMod","Colored Map","Downfall","Minty Spire (QoL Compilation)","StSLib","SuperFastMode"],"gold_per_floor":[99,112,131,131,150,162,162,162,162,162],"floor_reached":8,"language":"ENG","playtime":413,"items_purged":[],"score":74,"play_id":"63996c0c-31d4-4d4a-9fc5-3ced906e895b","local_time":"20210120225907","is_ascension_mode":true,"campfire_choices":[{"floor":1,"key":"RECALL"}],"circlet_count":0,"master_deck":["AscendersBane","champ:Strike","champ:Strike","champ:Strike","champ:Defend","champ:Defend","champ:Defend","champ:Defend","champ:Execute","champ:Taunt","champ:CheapShot","champ:Circumvent","champ:Parry","champ:PreciseThrust","champ:GutPunch"],"relics":["champ:ChampionCrown","Slimebound:PreparedRelic"],"acts_visited":["Exordium"],"potions_floor_usage":[],"damage_taken":[{"damage":21,"enemies":"Cultist","floor":2,"turns":4},{"damage":10,"enemies":"2 Louse","floor":3,"turns":3},{"damage":17,"enemies":"Small Slimes","floor":5,"turns":4},{"damage":42,"enemies":"Exordium Thugs","floor":6,"turns":5},{"damage":51,"enemies":"3 Sentries","floor":8,"turns":6}],"seed_played":"-7528420516537591825","potions_obtained":[],"is_trial":false,"path_per_floor":["R","M","M","?","M","M","T","E"],"character_chosen":"THE_CHAMP","items_purchased":[],"campfire_rested":0,"item_purchase_floors":[],"current_hp_per_floor":[81,80,80,80,73,51,51,0,0,0],"gold":162,"neow_bonus":"ONE_RANDOM_RARE_CARD","is_daily":false,"chose_seed":false,"campfire_upgraded":0,"win_rate":0.0,"timestamp":1611172747,"path_taken":["R","M","?","?","M","M","T","E"],"items_purchased_type":[],"build_version":"2020-12-22","purchased_purges":0,"victory":false,"max_hp_per_floor":[90,90,90,90,90,90,90,90,90,90],"card_choices":[{"not_picked":["champ:GutPunch","champ:DefensiveShout"],"picked":"champ:Circumvent","floor":2},{"not_picked":["champ:BerserkersShout","champ:EnGarde"],"picked":"champ:Parry","floor":3},{"not_picked":["champ:FancyFootwork","champ:Haymaker"],"picked":"champ:PreciseThrust","floor":5},{"not_picked":["champ:BladeFlurry","champ:SwordSigil"],"picked":"champ:GutPunch","floor":6}],"player_experience":632643,"relics_obtained":[{"floor":7,"key":"Slimebound:PreparedRelic"}],"event_choices":[{"cards_removed":["champ:Strike"],"damage_healed":0,"gold_gain":0,"player_choice":"Offered Basic","damage_taken":0,"max_hp_gain":0,"max_hp_loss":0,"event_name":"Bonfire Elementals","floor":4,"gold_loss":0}],"is_beta":false,"boss_relics":[],"items_purged_floors":[],"is_endless":false,"potions_floor_spawned":[],"killed_by":"3 Sentries","ascension_level":11}}