{"host":"d4sf42smuzno1lqj","time":1611170651,"event":{"mods":["100% Spire Juice","ATMod(阿瑾Mod)","Act Like it!","Ascension Reborn","Aspiration","BaseMod","BetterRewards","Colored Powertips","Dota2Spire","Downfall","Energized Spire","Friendly Minions","HololiveMod","Jedi Mod","Minty Spire (QoL Compilation)","MostiFishMod","Permanent Neow","Quick Restart","Relic Stats","RumiaBox-露米?的神秘盒子","Spicy Shops","StSLib","TestMod","The Marked","UnlockEverythingMod","vexMod","【?物卡牌】REMEMod"],"gold_per_floor":[99,111,135,135,159,189,284,55,77,101,124,24,0,34,171,285,285,185,202,220,62,80,98,127,165,267,167,184,184,68,85,98,218,218,218,234,254,271,407,442,442,442,460,496,471,471,493,493,506,506,506,538,82,82,82,82],"floor_reached":57,"language":"ZHS","playtime":2680,"items_purged":["champ:Strike+1","champ:Defend+1","Shame"],"score":450,"play_id":"2ae7a590-c2b2-4e8e-aadb-a8f0fbecd4da","local_time":"20210121032411","is_ascension_mode":true,"campfire_choices":[{"floor":1,"key":"RECALL"},{"data":"AT_FamilyPortrait","floor":12,"key":"SMITH"},{"data":"MostiFishMod:KamiSmash","floor":18,"key":"SMITH"},{"data":"expansioncontent:StudyTheSpire","floor":27,"key":"SMITH"},{"data":"DevaForm","floor":29,"key":"SMITH"},{"data":"MostiFishMod:StarHerder","floor":35,"key":"SMITH"},{"data":"Apotheosis","floor":54,"key":"SMITH"}],"circlet_count":0,"master_deck":["champ:Strike+1","champ:Strike+1","champ:Defend+1","champ:Defend+1","champ:Defend+1","champ:Execute+1","champ:Taunt+1","AT_FamilyPortrait+1","Machine Learning","Conclude","champ:EnGarde+1","champ:GutPunch","champ:BerserkerStyle+1","champ:FancyFootwork","Tantrum","champ:TornadoPunch+1","champ:GladiatorStyle","EmptyFist","champ:PreciseThrust+1","DevaForm+1","champ:StanceDance","MostiFishMod:KamiSmash+1","champ:FancyFootwork+1","champ:FanOfKnives+1","MostiFishMod:StarOceanP","expansioncontent:StudyTheSpire+1","AT_ChampionStep","ForeignInfluence","champ:Backstep+1","champ:ViciousMockery","champ:FanOfKnives","champ:StanceDance+1","MostiFishMod:StarHerder+1","champ:EnragedBash+1","champ:Haymaker","champ:FanOfKnives+1","Pray+1","MostiFishMod:OutWit","Apotheosis+1"],"relics":["testmod-TestBox","AT_ATBox","REME_ComplimentaryCards","aspiration:WatcherSkillbook","DianPoetry","testmod-TurbochargingSystem","jedi:arcanewood","champ:GladiatorsBookOfMartialProwess","jedi:heavyjacket","jedi:gremlinknob","REME_OnlineShoppingPlatform","downfall:HeartBlessingRed","AT_Kusabimaru","AT_RabadonDeathcap","SoulBox","downfall:HeartBlessingGreen","Dota2Spire:Butterfly","testmod-BouquetWithThorns","Dota2Spire:Vanguard","HandDrill","MoreBug","Dota2Spire:AssaultCuirass","downfall:HeartBlessingBlue","Dota2Spire:HeartOfTarrasque","testmod-IndustrialRevolution","jedi:firstaidkit","FeatherPendant","AT_ArchangelStaff","Centennial Puzzle","MagicDraw3","DaveBox","SentryEyes","Juzu Bracelet","Lee\u0027s Waffle","Dota2Spire:Satanic","AT_RedNoBalance","REME_PuzzleBoxRelic","Strawberry","AT_GuinsooRageblade","REME_HandOfSuture","Dota2Spire:DrumOfEndurance"],"acts_visited":["Exordium","TheCity","TheBeyond","TheEnding"],"potions_floor_usage":[6,8,13],"damage_taken":[{"damage":10,"enemies":"Small Slimes","floor":2,"turns":1},{"damage":10,"enemies":"Cultist","floor":3,"turns":2},{"damage":10,"enemies":"2 Louse","floor":5,"turns":1},{"damage":16,"enemies":"3 Sentries","floor":6,"turns":3},{"damage":6,"enemies":"downfall:FleeingMerchant","floor":8,"turns":4},{"damage":27,"enemies":"Blue Slaver","floor":9,"turns":2},{"damage":0,"enemies":"2 Fungi Beasts","floor":10,"turns":2},{"damage":0,"enemies":"3 Louse","floor":11,"turns":2},{"damage":27,"enemies":"downfall:FleeingMerchant","floor":13,"turns":4},{"damage":7,"enemies":"Gremlin Nob","floor":14,"turns":2},{"damage":7,"enemies":"2 Fungi Beasts","floor":15,"turns":4},{"damage":13,"enemies":"DF_ARCHETYPE_STREAMLINE","floor":16,"turns":5},{"damage":7,"enemies":"Chosen","floor":19,"turns":3},{"damage":0,"enemies":"Shell Parasite","floor":20,"turns":3},{"damage":10,"enemies":"downfall:FleeingMerchant","floor":21,"turns":3},{"damage":0,"enemies":"Chosen and Byrds","floor":22,"turns":2},{"damage":0,"enemies":"Snecko","floor":23,"turns":2},{"damage":0,"enemies":"Book of Stabbing","floor":25,"turns":3},{"damage":0,"enemies":"Centurion and Healer","floor":28,"turns":2},{"damage":1,"enemies":"Cultist and Chosen","floor":31,"turns":3},{"damage":0,"enemies":"Shelled Parasite and Fungi","floor":32,"turns":2},{"damage":1,"enemies":"SI_MIRROR_ARCHETYPE","floor":33,"turns":3},{"damage":0,"enemies":"Orb Walker","floor":36,"turns":1},{"damage":0,"enemies":"3 Shapes","floor":37,"turns":2},{"damage":0,"enemies":"3 Darklings","floor":38,"turns":1},{"damage":0,"enemies":"4 Shapes","floor":39,"turns":2},{"damage":0,"enemies":"Giant Head","floor":40,"turns":1},{"damage":0,"enemies":"Spire Growth","floor":43,"turns":1},{"damage":0,"enemies":"Nemesis","floor":44,"turns":1},{"damage":0,"enemies":"Sphere and 2 Shapes","floor":47,"turns":1},{"damage":9,"enemies":"Transient","floor":49,"turns":1},{"damage":0,"enemies":"IC_BLOCK_ARCHETYPE","floor":50,"turns":3},{"damage":0,"enemies":"downfall:CharBossMerchant","floor":52,"turns":2},{"damage":0,"enemies":"downfall:NeowBoss","floor":55,"turns":3},{"damage":0,"enemies":"downfall:NeowBossFinal","floor":56,"turns":3}],"seed_played":"-2606651702714726987","potions_obtained":[{"floor":2,"key":"Fire Potion"},{"floor":3,"key":"Dota2Spire:Clarity"},{"floor":5,"key":"Explosive Potion"},{"floor":6,"key":"SpeedPotion"},{"floor":8,"key":"Dota2Spire:Clarity"}],"is_trial":false,"path_per_floor":["R","M","M","?","M","E","T","$","M","M","M","R","$","E","M","B",null,"R","M","M","$","M","M","T","E","?","R","M","R","$","M","M","B",null,"R","M","M","M","M","E","T","?","M","E","?","T","M","?","M","B",null,"E","$","R","B","B",null],"character_chosen":"THE_CHAMP","items_purchased":["jedi:gremlinknob","REME_OnlineShoppingPlatform","Dota2Spire:Butterfly","testmod-BouquetWithThorns","Dota2Spire:Vanguard","HandDrill","expansioncontent:StudyTheSpire","Dota2Spire:HeartOfTarrasque","testmod-IndustrialRevolution","AT_GuinsooRageblade","REME_HandOfSuture","Dota2Spire:DrumOfEndurance","Apotheosis"],"campfire_rested":0,"item_purchase_floors":[8,8,21,21,21,21,21,30,30,53,53,53,53],"current_hp_per_floor":[99,99,99,99,99,97,97,99,99,99,99,99,99,99,99,108,108,108,108,108,108,108,108,108,108,90,104,104,104,115,117,117,135,135,135,135,135,135,135,135,135,135,135,135,142,142,109,109,113,126,151,158,158,158,167,176],"gold":82,"neow_bonus":"BOSS_RELIC","is_daily":false,"chose_seed":false,"campfire_upgraded":6,"win_rate":0.0,"timestamp":1611170651,"path_taken":["R","M","M","?","M","E","T","$","?","?","M","R","$","E","M","BOSS","R","M","M","$","M","M","T","E","?","R","M","R","$","M","M","BOSS","R","M","M","M","M","E","T","?","M","E","?","?","M","?","M","BOSS","E","$","R","BOSS","BOSS"],"items_purchased_type":["Relic","Relic","Relic","Relic","Relic","Relic","Card","Relic","Relic","Relic","Relic","Relic","Card"],"build_version":"2020-12-22","purchased_purges":3,"victory":true,"max_hp_per_floor":[99,99,99,99,99,99,99,99,99,99,99,99,99,99,99,108,108,108,108,108,108,108,108,108,108,108,118,118,118,126,126,126,135,135,135,135,135,135,135,135,135,135,135,135,142,142,142,142,142,151,151,158,158,158,167,176],"relic_stats":{"Centennial Puzzle":[3],"Lee\u0027s Waffle":7,"counters":[35,80],"HandDrill":[30],"Juzu Bracelet":1,"obtain_stats":[{"AT_ATBox":0,"DaveBox":0,"DianPoetry":0,"champ:ChampionCrown":0,"downfall:HeartBlessingGreen":18,"Dota2Spire:DrumOfEndurance":53,"SoulBox":17,"Dota2Spire:Vanguard":21,"Juzu Bracelet":44,"testmod-BouquetWithThorns":21,"AT_ArchangelStaff":40,"MagicDraw3":41,"Dota2Spire:Satanic":46,"Centennial Puzzle":41,"AT_Kusabimaru":14,"downfall:HeartBlessingBlue":27,"jedi:firstaidkit":33,"Strawberry":52,"HandDrill":21,"Dota2Spire:AssaultCuirass":25,"AT_RedNoBalance":47,"REME_OnlineShoppingPlatform":8,"AT_GuinsooRageblade":53,"MoreBug":24,"AT_RabadonDeathcap":16,"Lee\u0027s Waffle":45,"testmod-TestBox":0,"downfall:HeartBlessingRed":12,"jedi:gremlinknob":8,"AT_SilverBalance":46,"Dota2Spire:HeartOfTarrasque":30,"testmod-TurbochargingSystem":0,"testmod-IndustrialRevolution":30,"champ:GladiatorsBookOfMartialProwess":7,"jedi:heavyjacket":7,"Dota2Spire:Butterfly":21,"FeatherPendant":34,"aspiration:WatcherSkillbook":0,"SentryEyes":42,"REME_HandOfSuture":53,"REME_PuzzleBoxRelic":47,"jedi:arcanewood":6,"REME_ComplimentaryCards":0},{"AT_ATBox":0,"DaveBox":0,"DianPoetry":0,"champ:ChampionCrown":0,"downfall:HeartBlessingGreen":12,"Dota2Spire:DrumOfEndurance":33,"SoulBox":12,"Dota2Spire:Vanguard":15,"Juzu Bracelet":29,"testmod-BouquetWithThorns":15,"AT_ArchangelStaff":27,"MagicDraw3":27,"Dota2Spire:Satanic":29,"Centennial Puzzle":27,"AT_Kusabimaru":10,"downfall:HeartBlessingBlue":18,"jedi:firstaidkit":22,"Strawberry":33,"HandDrill":15,"Dota2Spire:AssaultCuirass":18,"AT_RedNoBalance":30,"REME_OnlineShoppingPlatform":5,"AT_GuinsooRageblade":33,"MoreBug":17,"AT_RabadonDeathcap":12,"Lee\u0027s Waffle":29,"testmod-TestBox":0,"downfall:HeartBlessingRed":8,"jedi:gremlinknob":5,"AT_SilverBalance":29,"Dota2Spire:HeartOfTarrasque":19,"testmod-TurbochargingSystem":0,"testmod-IndustrialRevolution":19,"champ:GladiatorsBookOfMartialProwess":4,"jedi:heavyjacket":4,"Dota2Spire:Butterfly":15,"FeatherPendant":22,"aspiration:WatcherSkillbook":0,"SentryEyes":27,"REME_HandOfSuture":33,"REME_PuzzleBoxRelic":30,"jedi:arcanewood":4,"REME_ComplimentaryCards":0},{"AT_ATBox":0,"DaveBox":0,"DianPoetry":0,"champ:ChampionCrown":0,"downfall:HeartBlessingGreen":32,"Dota2Spire:DrumOfEndurance":74,"SoulBox":32,"Dota2Spire:Vanguard":41,"Juzu Bracelet":67,"testmod-BouquetWithThorns":41,"AT_ArchangelStaff":65,"MagicDraw3":65,"Dota2Spire:Satanic":67,"Centennial Puzzle":65,"AT_Kusabimaru":23,"downfall:HeartBlessingBlue":48,"jedi:firstaidkit":58,"Strawberry":74,"HandDrill":41,"Dota2Spire:AssaultCuirass":48,"AT_RedNoBalance":67,"REME_OnlineShoppingPlatform":11,"AT_GuinsooRageblade":74,"MoreBug":45,"AT_RabadonDeathcap":32,"Lee\u0027s Waffle":67,"testmod-TestBox":0,"downfall:HeartBlessingRed":17,"jedi:gremlinknob":11,"AT_SilverBalance":67,"Dota2Spire:HeartOfTarrasque":50,"testmod-TurbochargingSystem":0,"testmod-IndustrialRevolution":50,"champ:GladiatorsBookOfMartialProwess":7,"jedi:heavyjacket":7,"Dota2Spire:Butterfly":41,"FeatherPendant":58,"aspiration:WatcherSkillbook":0,"SentryEyes":65,"REME_HandOfSuture":74,"REME_PuzzleBoxRelic":68,"jedi:arcanewood":7,"REME_ComplimentaryCards":0}]},"card_choices":[{"not_picked":["Protect","FlyingSleeves","champ:RisingSlash"],"picked":"Conclude","floor":2},{"not_picked":["CrushJoints+1","champ:DefensiveShout","champ:Backstep"],"picked":"champ:EnGarde+1","floor":3},{"not_picked":["ThirdEye","champ:BerserkersShout","champ:CrownThrow"],"picked":"champ:GutPunch","floor":5},{"not_picked":["champ:FocusedBerserking","champ:RapidStrikes","SignatureMove+1"],"picked":"champ:BerserkerStyle+1","floor":6},{"not_picked":["FlurryOfBlows","champ:EnGarde","champ:IronFortress"],"picked":"champ:FancyFootwork","floor":6},{"not_picked":["AT_ChampionStep+1","Brilliance","champ:CheapShot"],"picked":"Tantrum","floor":8},{"not_picked":["champ:BerserkerStyle","SashWhip","CrushJoints"],"picked":"champ:TornadoPunch","floor":9},{"not_picked":["champ:DefensiveShout","Indignation","JustLucky"],"picked":"champ:GladiatorStyle","floor":10},{"not_picked":["champ:TornadoPunch+1","FollowUp+1","champ:CrownThrow+1"],"picked":"EmptyFist","floor":11},{"not_picked":["Halt","champ:Shatter","SashWhip"],"picked":"champ:PreciseThrust+1","floor":13},{"not_picked":["champ:ShieldWall","CutThroughFate","Consecrate+1"],"picked":"DevaForm","floor":14},{"not_picked":["champ:FocusedBerserking","FlurryOfBlows","PathToVictory+1"],"picked":"MostiFishMod:CyberBuddha","floor":14},{"not_picked":["Protect","Evaluate","champ:Devastate"],"picked":"champ:StanceDance","floor":15},{"not_picked":["champ:TripleStrike","Brilliance","MostiFishMod:StarOceanP"],"picked":"MostiFishMod:KamiSmash","floor":16},{"not_picked":["Evaluate+1","MostiFishMod:Clarity+1","FollowUp+1"],"picked":"champ:FancyFootwork+1","floor":19},{"not_picked":["champ:RecklessLeap","JustLucky+1","ThirdEye"],"picked":"champ:FanOfKnives+1","floor":20},{"not_picked":["Sanctity+1","Fasting2","Weave"],"picked":"MostiFishMod:StarOceanP","floor":21},{"not_picked":["Protect+1","champ:BringItOn","Perseverance+1"],"picked":"AT_ChampionStep","floor":22},{"not_picked":["EmptyFist","champ:EndlessRage+1","FlyingSleeves+1"],"picked":"ForeignInfluence","floor":23},{"not_picked":["champ:BringItOn+1","champ:LastStand","Meditate"],"picked":"champ:Backstep+1","floor":25},{"not_picked":["CrushJoints","ClearTheMind","champ:PreemptiveStrike+1"],"picked":"champ:ViciousMockery","floor":28},{"not_picked":["champ:FlashCut+1","FollowUp","Halt"],"picked":"champ:FanOfKnives","floor":31},{"not_picked":["champ:DeathBlow+1","champ:FlashCut","Halt"],"picked":"champ:StanceDance+1","floor":32},{"not_picked":["MostiFishMod:Disappear","REME_CRH","champ:SteelEdge"],"picked":"MostiFishMod:StarHerder","floor":33},{"not_picked":["SashWhip","REME_Repentance+1","MostiFishMod:FlowState+1","champ:BerserkersShout+1"],"picked":"SKIP","floor":36},{"not_picked":["Crescendo","WindmillStrike+1","champ:CrookedStrike+1"],"picked":"champ:EnragedBash+1","floor":37},{"not_picked":["SashWhip+1","JustLucky+1","champ:PerfectedStrike"],"picked":"champ:Haymaker","floor":38},{"not_picked":["champ:FalseCounter+1","Fasting2+1","AT_ChampionStep+1","MostiFishMod:Speedup+1"],"picked":"SKIP","floor":39},{"not_picked":["champ:Circumvent+1","champ:CrownThrow+1","champ:DefensiveShout"],"picked":"champ:FanOfKnives+1","floor":40},{"not_picked":["champ:PreciseThrust+1","WindmillStrike","champ:FanOfKnives","champ:GladiatorStyle+1"],"picked":"SKIP","floor":43},{"not_picked":["champ:PreemptiveStrike+1","ThirdEye+1","champ:PerfectedStrike","DeceiveReality"],"picked":"SKIP","floor":44},{"not_picked":["AT_SoftenMuscles+1","champ:DefensiveShout","Prostrate+1"],"picked":"Pray+1","floor":47},{"not_picked":["Evaluate+1","champ:CrookedStrike+1","champ:GutPunch+1"],"picked":"MostiFishMod:OutWit","floor":49},{"not_picked":["DeceiveReality","champ:Shatter","AT_DivineConfetti+1","Consecrate+1"],"picked":"SKIP","floor":52}],"player_experience":310843,"relics_obtained":[{"floor":6,"key":"jedi:arcanewood"},{"floor":7,"key":"champ:GladiatorsBookOfMartialProwess"},{"floor":7,"key":"jedi:heavyjacket"},{"floor":14,"key":"AT_Kusabimaru"},{"floor":16,"key":"AT_RabadonDeathcap"},{"floor":24,"key":"MoreBug"},{"floor":25,"key":"Dota2Spire:AssaultCuirass"},{"floor":33,"key":"jedi:firstaidkit"},{"floor":40,"key":"AT_ArchangelStaff"},{"floor":41,"key":"Centennial Puzzle"},{"floor":41,"key":"MagicDraw3"},{"floor":44,"key":"Juzu Bracelet"},{"floor":46,"key":"Dota2Spire:Satanic"},{"floor":46,"key":"AT_SilverBalance"},{"floor":47,"key":"REME_PuzzleBoxRelic"},{"floor":52,"key":"Strawberry"}],"event_choices":[{"damage_healed":0,"gold_gain":0,"player_choice":"Swap Relic","damage_taken":0,"relics_obtained":["DaveBox"],"max_hp_gain":0,"max_hp_loss":0,"event_name":"?自己的盒子","floor":42,"relics_lost":["DaveBox"],"gold_loss":0},{"cards_removed":["champ:Strike"],"damage_healed":0,"gold_gain":0,"player_choice":"Removed Attack","damage_taken":0,"max_hp_gain":0,"max_hp_loss":0,"event_name":"Falling","floor":48,"gold_loss":0}],"is_beta":false,"boss_relics":[{"not_picked":["aspiration:FutureDiary","vexMod:CursedCompass"],"picked":"SoulBox"},{"not_picked":["jedi:paperlyon","Hololive_ChaosS"],"picked":"FeatherPendant"}],"items_purged_floors":[8,8,21],"is_endless":false,"potions_floor_spawned":[6,9,10,11,15,22,25,31,33,36,40,44,47],"ascension_level":-20}}