{"host":"1u4zr9vl8my47i07","time":1611141205,"event":{"mods":["AchievementEnabler","BaseMod","Colored Map","DeckTracker","Highlight Path","Keyboard Shortcuts","Minty Spire (QoL Compilation)","Relic Stats","StSLib","SuperFastMode","Uncapped","Waifu the Spire","everything is the same but u backflip on backflip"],"gold_per_floor":[115,34,34,11,11,11,43,43,89,119,119,163,206,270,270,401,401,446,491,531,207,218,273,273,334,334,334,334,334,91,156,156,316,316,361,97,97,97,97,97,213,289,315,358,202,202,202,274,274,364,364,364,69,103,103],"floor_reached":56,"language":"KOR","playtime":2761,"items_purged":["Strike_P","Nirvana","Halt"],"score":1671,"play_id":"5c225046-6752-4ce4-8c43-f1f03b8b28e9","local_time":"20210120201325","is_ascension_mode":true,"campfire_choices":[{"data":"Eruption","floor":6.0,"key":"SMITH"},{"data":"Wish","floor":11.0,"key":"SMITH"},{"data":"CrushJoints","floor":15.0,"key":"SMITH"},{"data":"Vault","floor":24.0,"key":"SMITH"},{"floor":28.0,"key":"REST"},{"floor":32.0,"key":"REST"},{"floor":40.0,"key":"RECALL"},{"data":"Adaptation","floor":46,"key":"SMITH"}],"circlet_count":0,"master_deck":["Eruption+1","Vigilance+1","CrushJoints+1","SashWhip+1","Wish+1","Tantrum+1","Vengeance+1","Perseverance+1","Vault+1","EmptyFist+1","Halt+1","MentalFortress+1","SandsOfTime+1","Pray+1","WaveOfTheHand+1","SignatureMove+1","Omniscience+1","Devotion+1","DeusExMachina+1","Wish+1","Master of Strategy+1","WreathOfFlame+1","Madness+1","Madness+1","Sanctity+1","Adaptation+1","ConjureBlade+1","EmptyBody+1","DeusExMachina+1"],"relics":["PureWater","NeowsBlessing","Membership Card","Toy Ornithopter","Blood Vial","Smiling Mask","Mercury Hourglass","Bag of Marbles","Pandora\u0027s Box","Ice Cream","White Beast Statue","Happy Flower","Torii","Toxic Egg 2","Bag of Preparation","Chemical X","Akabeko","Coffee Dripper","Lizard Tail","Potion Belt","Shuriken","Frozen Eye","Blue Candle","Pen Nib"],"acts_visited":["Exordium","TheCity","TheBeyond","TheEnding"],"potions_floor_usage":[50,50,50,54,54,55],"damage_taken":[{"damage":0.0,"enemies":"Cultist","floor":1.0,"turns":1.0},{"damage":0.0,"enemies":"3 Sentries","floor":7.0,"turns":1.0},{"damage":0.0,"enemies":"Lagavulin","floor":10.0,"turns":1.0},{"damage":20.0,"enemies":"Small Slimes","floor":12.0,"turns":3.0},{"damage":4.0,"enemies":"Jaw Worm","floor":13.0,"turns":3.0},{"damage":12.0,"enemies":"Gremlin Nob","floor":14.0,"turns":3.0},{"damage":54.0,"enemies":"Hexaghost","floor":16.0,"turns":11.0},{"damage":18.0,"enemies":"Shell Parasite","floor":18.0,"turns":4.0},{"damage":5.0,"enemies":"Chosen","floor":19.0,"turns":4.0},{"damage":32.0,"enemies":"Shelled Parasite and Fungi","floor":20.0,"turns":5.0},{"damage":0.0,"enemies":"Snecko","floor":22.0,"turns":2.0},{"damage":18.0,"enemies":"Slavers","floor":23.0,"turns":5.0},{"damage":56.0,"enemies":"Book of Stabbing","floor":25.0,"turns":5.0},{"damage":10.0,"enemies":"Slavers","floor":31.0,"turns":6.0},{"damage":19.0,"enemies":"Collector","floor":33.0,"turns":6.0},{"damage":0.0,"enemies":"3 Shapes","floor":35.0,"turns":2.0},{"damage":1,"enemies":"Giant Head","floor":41,"turns":4},{"damage":1,"enemies":"Orb Walker","floor":42,"turns":2},{"damage":0,"enemies":"Sphere and 2 Shapes","floor":44,"turns":3},{"damage":12,"enemies":"Jaw Worm Horde","floor":48,"turns":3},{"damage":22,"enemies":"Awakened One","floor":50,"turns":5},{"damage":18,"enemies":"Shield and Spear","floor":54,"turns":4},{"damage":114,"enemies":"The Heart","floor":55,"turns":8}],"seed_played":"3025769490491101449","potions_obtained":[{"floor":7.0,"key":"DuplicationPotion"},{"floor":12.0,"key":"Fruit Juice"},{"floor":13.0,"key":"ColorlessPotion"},{"floor":16.0,"key":"SteroidPotion"},{"floor":19.0,"key":"Fruit Juice"},{"floor":22.0,"key":"DuplicationPotion"},{"floor":23.0,"key":"AttackPotion"},{"floor":25.0,"key":"LiquidMemories"},{"floor":31.0,"key":"Strength Potion"},{"floor":33.0,"key":"DuplicationPotion"},{"floor":41,"key":"Block Potion"},{"floor":42,"key":"Energy Potion"},{"floor":54,"key":"Fire Potion"}],"is_trial":false,"path_per_floor":["M","$","?","$","?","R","E","?","T","E","R","M","M","E","R","B",null,"M","M","M","$","M","E","R","E","T","?","R","?","$","E","R","B",null,"M","$","?","?","?","R","E","M","T","M","$","R","?","M","R","B",null,"R","$","E","B",null],"character_chosen":"WATCHER","items_purchased":["Membership Card","SashWhip","Ice Cream","White Beast Statue","Omniscience+1","Chemical X","Devotion","Lizard Tail","Master of Strategy+1","WreathOfFlame+1","Adaptation","Shuriken","Frozen Eye","Blue Candle","DuplicationPotion","StancePotion","EmptyBody+1"],"campfire_rested":2,"item_purchase_floors":[2,4,21,21,30,30,30,36,36,36,45,45,53,53,53,53,53],"current_hp_per_floor":[65,65,62,62,67,67,67,77,77,77,77,67,65,55,55,8,64,48,55,25,25,27,21,21,2,2,2,28,28,28,20,46,34,74,76,76,65,65,65,65,64,63,63,63,63,63,63,51,51,29,29,29,29,11,47],"gold":103,"neow_bonus":"THREE_ENEMY_KILL","is_daily":false,"chose_seed":false,"campfire_upgraded":5,"win_rate":0.0,"timestamp":1611141205,"path_taken":["M","?","?","$","?","R","E","?","T","E","R","M","M","E","R","BOSS","M","?","M","$","M","E","R","E","T","?","R","?","$","E","R","BOSS","M","$","?","?","?","R","E","M","T","?","$","R","?","M","R","BOSS","R","$","E","BOSS"],"items_purchased_type":["Relic","Card","Relic","Relic","Card","Relic","Card","Relic","Card","Card","Card","Relic","Relic","Relic","Potion","Potion","Card"],"build_version":"2020-12-22","purchased_purges":3,"victory":true,"max_hp_per_floor":[72,72,72,72,77,77,77,77,77,77,77,82,82,82,82,82,82,82,87,87,87,87,87,87,87,87,87,87,87,87,87,87,87,87,87,87,87,87,87,87,87,87,87,87,87,87,87,87,87,87,87,87,87,87,87],"relic_stats":{"Happy Flower":[16],"Torii":84,"counters":[23,91],"Blue Candle":[0],"Pen Nib":[1],"Bag of Preparation":[20],"Smiling Mask":13,"Mercury Hourglass":[303],"Blood Vial":24,"Lizard Tail":0,"Shuriken":[6],"Pandora\u0027s Box":["EmptyFist","Halt","MentalFortress","Halt","SandsOfTime","Nirvana","Pray"],"Chemical X":[3],"obtain_stats":[{"Ice Cream":21,"Mark of the Bloom":38,"Torii":25,"Bag of Preparation":29,"Smiling Mask":9,"Blood Vial":7,"Frozen Eye":53,"Lizard Tail":36,"Chemical X":30,"Toxic Egg 2":26,"Potion Belt":41,"NeowsBlessing":0,"Happy Flower":23,"Blue Candle":53,"Pen Nib":54,"White Beast Statue":21,"Akabeko":31,"Mercury Hourglass":10,"Shuriken":45,"Pandora\u0027s Box":17,"Bag of Marbles":14,"Coffee Dripper":34,"Membership Card":2,"PureWater":0,"Toy Ornithopter":3},{"Ice Cream":10,"Mark of the Bloom":16,"Torii":13,"Bag of Preparation":13,"Smiling Mask":2,"Blood Vial":2,"Frozen Eye":21,"Lizard Tail":16,"Chemical X":13,"Toxic Egg 2":13,"Potion Belt":17,"NeowsBlessing":0,"Happy Flower":12,"Blue Candle":21,"Pen Nib":22,"White Beast Statue":10,"Akabeko":14,"Mercury Hourglass":3,"Shuriken":19,"Pandora\u0027s Box":7,"Bag of Marbles":6,"Coffee Dripper":15,"Membership Card":1,"PureWater":0,"Toy Ornithopter":1},{"Ice Cream":36,"Mark of the Bloom":62,"Torii":48,"Bag of Preparation":48,"Smiling Mask":2,"Blood Vial":2,"Frozen Eye":79,"Lizard Tail":62,"Chemical X":48,"Toxic Egg 2":48,"Potion Belt":66,"NeowsBlessing":0,"Happy Flower":43,"Blue Candle":79,"Pen Nib":83,"White Beast Statue":36,"Akabeko":54,"Mercury Hourglass":3,"Shuriken":71,"Pandora\u0027s Box":23,"Bag of Marbles":12,"Coffee Dripper":60,"Membership Card":1,"PureWater":0,"Toy Ornithopter":1}],"Toy Ornithopter":35},"card_choices":[{"not_picked":["Halt","Wireheading"],"picked":"CrushJoints","floor":1.0},{"not_picked":["Protect","Indignation"],"picked":"Wish","floor":7.0},{"not_picked":["Indignation","Prostrate"],"picked":"Tantrum","floor":10.0},{"not_picked":["ClearTheMind","Collect"],"picked":"BowlingBash","floor":12.0},{"not_picked":["ThirdEye","Meditate"],"picked":"Vengeance","floor":13.0},{"not_picked":["SashWhip","ClearTheMind"],"picked":"Perseverance","floor":14.0},{"not_picked":["SpiritShield","Alpha"],"picked":"Vault","floor":16.0},{"not_picked":["EmptyFist","JustLucky","SashWhip"],"picked":"SKIP","floor":18.0},{"not_picked":["PathToVictory","Consecrate","JustLucky"],"picked":"SKIP","floor":19.0},{"not_picked":["JustLucky","SashWhip"],"picked":"WaveOfTheHand","floor":20.0},{"not_picked":["EmptyFist","ThirdEye+1","Judgement"],"picked":"SKIP","floor":22.0},{"not_picked":["BowlingBash","Crescendo+1","Halt+1"],"picked":"SKIP","floor":23.0},{"not_picked":["Halt","EmptyFist"],"picked":"SignatureMove","floor":25.0},{"not_picked":["Evaluate+1","EmptyBody+1"],"picked":"DeusExMachina+1","floor":31.0},{"not_picked":["Establishment","Devotion"],"picked":"Wish+1","floor":33.0},{"not_picked":["CrushJoints+1","Wireheading","CutThroughFate"],"picked":"SKIP","floor":35.0},{"not_picked":["Blasphemy+1","WaveOfTheHand+1","Halt+1"],"picked":"SKIP","floor":41},{"not_picked":["ThirdEye+1","Vengeance+1","ClearTheMind+1"],"picked":"SKIP","floor":42},{"not_picked":["WindmillStrike+1","FlurryOfBlows+1"],"picked":"Sanctity+1","floor":44},{"not_picked":["WaveOfTheHand+1","ReachHeaven+1","EmptyBody+1"],"picked":"SKIP","floor":48},{"not_picked":["PathToVictory+1","SandsOfTime"],"picked":"DeusExMachina+1","floor":54}],"player_experience":352242,"relics_obtained":[{"floor":7.0,"key":"Blood Vial"},{"floor":9.0,"key":"Smiling Mask"},{"floor":10.0,"key":"Mercury Hourglass"},{"floor":14.0,"key":"Bag of Marbles"},{"floor":23.0,"key":"Happy Flower"},{"floor":25.0,"key":"Torii"},{"floor":26.0,"key":"Toxic Egg 2"},{"floor":31.0,"key":"Akabeko"},{"floor":41,"key":"Potion Belt"},{"floor":54,"key":"Pen Nib"}],"event_choices":[{"damage_healed":0.0,"max_hp_gain":0.0,"max_hp_loss":0.0,"gold_gain":0.0,"event_name":"Scrap Ooze","player_choice":"Success","floor":3.0,"gold_loss":0.0,"damage_taken":3.0,"relics_obtained":["Toy Ornithopter"]},{"damage_healed":0.0,"max_hp_gain":5.0,"max_hp_loss":0.0,"gold_gain":0.0,"event_name":"Big Fish","player_choice":"Donut","floor":5.0,"gold_loss":0.0,"damage_taken":0.0},{"damage_healed":10.0,"max_hp_gain":0.0,"max_hp_loss":0.0,"gold_gain":0.0,"event_name":"Wheel of Change","player_choice":"Full Heal","floor":8.0,"gold_loss":0.0,"damage_taken":0.0},{"damage_healed":0.0,"max_hp_gain":0.0,"max_hp_loss":0.0,"gold_gain":0.0,"event_name":"Ghosts","player_choice":"Ignored","floor":27.0,"gold_loss":0.0,"damage_taken":0.0},{"damage_healed":0.0,"max_hp_gain":0.0,"max_hp_loss":0.0,"gold_gain":0.0,"event_name":"The Mausoleum","player_choice":"Opened","floor":29.0,"gold_loss":0.0,"damage_taken":0.0,"relics_obtained":["Bag of Preparation"]},{"damage_healed":0.0,"max_hp_gain":0.0,"max_hp_loss":0.0,"gold_gain":0.0,"event_name":"Winding Halls","player_choice":"Embrace Madness","floor":37.0,"gold_loss":0.0,"damage_taken":11.0,"cards_obtained":["Madness","Madness"]},{"damage_healed":0.0,"max_hp_gain":0.0,"max_hp_loss":0.0,"gold_gain":0.0,"event_name":"MindBloom","player_choice":"Upgrade","floor":38.0,"gold_loss":0.0,"damage_taken":0.0,"cards_upgraded":["Vigilance","SashWhip","Tantrum","BowlingBash","Vengeance","Perseverance","EmptyFist","Halt","MentalFortress","SandsOfTime","Pray","WaveOfTheHand","SignatureMove","Devotion"],"relics_obtained":["Mark of the Bloom"]},{"cards_removed":["BowlingBash"],"damage_healed":0.0,"max_hp_gain":0.0,"max_hp_loss":0.0,"gold_gain":0.0,"event_name":"Falling","player_choice":"Removed Attack","floor":39.0,"gold_loss":0.0,"damage_taken":0.0},{"damage_healed":0,"gold_gain":0,"player_choice":"Bought 0 Potions","damage_taken":0,"max_hp_gain":0,"max_hp_loss":0,"event_name":"The Woman in Blue","floor":47,"gold_loss":0}],"is_beta":false,"boss_relics":[{"not_picked":["SacredBark","Black Star"],"picked":"Pandora\u0027s Box"},{"not_picked":["Velvet Choker","Snecko Eye"],"picked":"Coffee Dripper"}],"items_purged_floors":[2,21,30],"is_endless":false,"potions_floor_spawned":[7,12,13,16,19,22,23,25,31,33,35,41,42,44,48,54],"ascension_level":7}}