{"host":"xm0tf1maiknh0fp9","time":1611113490,"event":{"mods":["BaseMod","Colored Map","Colored Powertips","Googly Eyes","Minty Spire (QoL Compilation)","Replay The Spire","StSLib"],"gold_per_floor":[119,132,12,32,32,61,61,91,91,107,124,124,141,176,176,176,176],"floor_reached":16,"language":"ENG","playtime":529,"items_purged":[],"score":183,"play_id":"33ea6ae4-cef1-4de3-a840-3c3ee73a2b4a","local_time":"20210119223130","is_ascension_mode":true,"campfire_choices":[{"floor":7.0,"key":"REST"},{"floor":12.0,"key":"REST"},{"floor":15,"key":"REST"}],"circlet_count":0,"master_deck":["AscendersBane","Strike_G+1","Strike_G+1","Strike_G","Strike_G","Strike_G","Defend_G","Defend_G","Defend_G","Defend_G","Defend_G","Survivor","Neutralize","Underhanded Strike","Infinite Blades","Grand Finale","Acrobatics","Hidden Blade","Dagger Throw","Eviscerate"],"relics":["Ring of the Snake","NeowsBlessing","Question Card","Thread and Needle","Lizard Tail","Replay:Accelerometer"],"acts_visited":["Exordium"],"potions_floor_usage":[14,14],"damage_taken":[{"damage":0.0,"enemies":"Cultist","floor":1.0,"turns":1.0},{"damage":0.0,"enemies":"2 Louse","floor":2.0,"turns":1.0},{"damage":0.0,"enemies":"Jaw Worm","floor":4.0,"turns":1.0},{"damage":30.0,"enemies":"Lagavulin","floor":6.0,"turns":6.0},{"damage":37.0,"enemies":"3 Sentries","floor":8.0,"turns":10.0},{"damage":4.0,"enemies":"Blue Slaver","floor":10.0,"turns":3.0},{"damage":27.0,"enemies":"Lots of Slimes","floor":11.0,"turns":5.0},{"damage":7.0,"enemies":"Exordium Thugs","floor":13.0,"turns":4.0},{"damage":10,"enemies":"Lagavulin","floor":14,"turns":5},{"damage":36,"enemies":"The Guardian","floor":16,"turns":9}],"seed_played":"-1780021536232562632","potions_obtained":[{"floor":2.0,"key":"SpeedPotion"},{"floor":4.0,"key":"SteroidPotion"},{"floor":11.0,"key":"Strength Potion"},{"floor":13.0,"key":"Weak Potion"}],"is_trial":false,"path_per_floor":["M","M","$","M","?","E","R","E","T","M","M","R","M","E","R","B"],"character_chosen":"THE_SILENT","items_purchased":["Underhanded Strike","Infinite Blades"],"campfire_rested":3,"item_purchase_floors":[3,3],"current_hp_per_floor":[63,63,63,63,49,19,40,3,3,35,8,29,22,12,33,0,0],"gold":176,"neow_bonus":"THREE_ENEMY_KILL","is_daily":false,"chose_seed":false,"campfire_upgraded":0,"win_rate":0.0,"timestamp":1611113490,"path_taken":["M","?","?","M","?","E","R","E","T","M","M","R","M","E","R","BOSS"],"items_purchased_type":["Card","Card"],"build_version":"2020-12-22","purchased_purges":0,"victory":false,"max_hp_per_floor":[70,70,70,70,70,70,70,70,70,70,70,70,70,70,70,70,70],"card_choices":[{"not_picked":["Poisoned Stab","Caltrops","Sucker Punch"],"picked":"SKIP","floor":1.0},{"not_picked":["Backflip","Outmaneuver","Flying Knee"],"picked":"SKIP","floor":2.0},{"not_picked":["Choke","Deflect","Poisoned Stab"],"picked":"SKIP","floor":4.0},{"not_picked":["Catalyst","PiercingWail","Backstab"],"picked":"SKIP","floor":6.0},{"not_picked":["Riddle With Holes","Doppelganger","Flechettes"],"picked":"Grand Finale","floor":8.0},{"not_picked":["Backflip","Dagger Throw","Underhanded Strike"],"picked":"Acrobatics","floor":10.0},{"not_picked":["ReplayTheSpireMod:Speed Training","Draining Mist","Deadly Poison"],"picked":"Hidden Blade","floor":11.0},{"not_picked":["ReplayTheSpireMod:The Works","Quick Slash","Poisoned Stab"],"picked":"Dagger Throw","floor":13.0},{"not_picked":["Flying Knee","Bane","Tactician"],"picked":"Eviscerate","floor":14}],"player_experience":146263,"relics_obtained":[{"floor":6.0,"key":"Question Card"},{"floor":8.0,"key":"Thread and Needle"},{"floor":9.0,"key":"Lizard Tail"},{"floor":14,"key":"Replay:Accelerometer"}],"event_choices":[{"damage_healed":0.0,"max_hp_gain":0.0,"max_hp_loss":0.0,"gold_gain":0.0,"event_name":"Shining Light","player_choice":"Entered Light","floor":5.0,"gold_loss":0.0,"damage_taken":14.0,"cards_upgraded":["Strike_G","Strike_G"]}],"is_beta":false,"boss_relics":[],"items_purged_floors":[],"is_endless":false,"potions_floor_spawned":[2,4,11,13],"killed_by":"The Guardian","ascension_level":10}}