{"host":"nea7n2z8ef69uk76","time":1611101308,"event":{"mods":["BaseMod","Better Altar","Colored Powertips","Curses Come First","Emptier Cage","Lobotomy","LobotomyExtend","Minty Spire (QoL Compilation)","Permanent Neow","Quick Restart","SacredBarkPlus","Spicy Shops","StSLib"],"gold_per_floor":[112,112,112,126,145,145,155,155,155,167,178,194,194,221,221,317,317,327,327,344,363,376,376,392,392,440,440,455,455,455],"floor_reached":29,"language":"ENG","playtime":1915,"items_purged":[],"score":306,"play_id":"21ee0d2e-aa41-49d8-8cf0-b629af658cef","local_time":"20210119190828","is_ascension_mode":false,"campfire_choices":[],"circlet_count":0,"master_deck":["SpecialBullet","SpecialBullet","SpecialBullet","SpecialBullet","SpecialBullet","SpecialBullet","SpecialBullet","SpecialBullet","SecurityCode","ExtractionCode","InformationCode","Swift Strike","Beak","UniverseFragment","Beak","RedEyes","OSAHOGD","Twilight","Bloodbath","WristCuter","Lamp+2","SpiderBud","WristCuter","Scorched","Soda+1","CentralCode","Mimicry+1","OldLady","Pinks+1","Lamp+1","CENSORED_ego+1","Penitence+1","FrostShard+1","Rudolta","Pain","LongBird","MHz","SomewhereSpear+1","Spore+1","Hornet+1","TrainingCode","Scarecrow","Noise+1","Galaxy+1"],"relics":["CogitoBucket","LetterFromLob","ShedSkin_r","InspiredRelic","Sundial","Gremlin Horn","Astrolabe","WarpedTongs","AspirationHeart"],"acts_visited":["Exordium","TheCity"],"potions_floor_usage":[12,16,18,20],"damage_taken":[{"damage":5,"enemies":"2 Louse","floor":1,"turns":2},{"damage":2,"enemies":"Jaw Worm","floor":4,"turns":3},{"damage":6,"enemies":"Cultist","floor":5,"turns":3},{"damage":0,"enemies":"Large Slime","floor":7,"turns":4},{"damage":13,"enemies":"Exordium Thugs","floor":10,"turns":4},{"damage":23,"enemies":"Blue Slaver","floor":11,"turns":8},{"damage":0,"enemies":"Large Slime","floor":12,"turns":3},{"damage":18,"enemies":"Lagavulin","floor":14,"turns":4},{"damage":19,"enemies":"Slime Boss","floor":16,"turns":8},{"damage":19,"enemies":"Shell Parasite","floor":18,"turns":4},{"damage":58,"enemies":"3 Byrds","floor":20,"turns":11},{"damage":0,"enemies":"Centurion and Healer","floor":21,"turns":4},{"damage":3,"enemies":"Chosen and Byrds","floor":22,"turns":7},{"damage":5,"enemies":"Snecko","floor":24,"turns":4},{"damage":0,"enemies":"Sentry and Sphere","floor":28,"turns":3},{"damage":123,"enemies":"Cultist and Chosen","floor":29,"turns":10}],"seed_played":"4582813238010513170","potions_obtained":[{"floor":1,"key":"SmokeBomb"},{"floor":7,"key":"Explosive Potion"},{"floor":12,"key":"SpeedPotion"},{"floor":14,"key":"AttackPotion"},{"floor":16,"key":"Dexterity Potion"},{"floor":18,"key":"BlessingOfTheForge"}],"is_trial":false,"path_per_floor":["M","?","?","M","M","R","M","R","T","M","M","M","R","E","R","B",null,"M","?","M","M","M","R","M","R","T","R","M","M"],"character_chosen":"Angela","items_purchased":[],"campfire_rested":0,"item_purchase_floors":[],"current_hp_per_floor":[70,64,69,75,75,75,75,75,75,70,57,65,65,56,56,57,79,72,72,49,61,71,71,79,79,79,79,91,0,0],"gold":455,"neow_bonus":"RANDOM_COLORLESS","is_daily":false,"chose_seed":false,"campfire_upgraded":0,"win_rate":0.0,"timestamp":1611101308,"path_taken":["M","?","?","M","M","R","M","R","T","M","M","M","R","E","R","BOSS","M","?","?","M","M","R","M","R","T","R","M","M"],"items_purchased_type":[],"build_version":"2020-12-22","purchased_purges":0,"victory":false,"max_hp_per_floor":[70,70,75,75,75,75,75,75,75,75,75,75,75,75,75,79,79,83,83,97,101,101,101,105,105,105,105,105,105,105],"card_choices":[{"not_picked":["Madness","Deep Breath"],"picked":"Swift Strike","floor":0},{"not_picked":["Tough"],"picked":"BlueScar","floor":1},{"not_picked":["Horn","Penitence"],"picked":"SKIP","floor":1},{"not_picked":["Horn"],"picked":"Beak","floor":4},{"not_picked":["BeautyBeast","Laetitia"],"picked":"UniverseFragment","floor":4},{"not_picked":["Moonlight"],"picked":"Beak","floor":4},{"not_picked":["Noise"],"picked":"RedEyes","floor":5},{"not_picked":["Discord","CherryBlossom"],"picked":"SKIP","floor":5},{"not_picked":["BigBadWolf","Murderer"],"picked":"OSAHOGD","floor":7},{"not_picked":["FeatherOfHonor"],"picked":"Twilight","floor":7},{"not_picked":["Horn","SwordSharpenedByTears"],"picked":"BearPaw","floor":10},{"not_picked":["Wellcheers","HappyTeddy","ShyLook"],"picked":"Singing Bowl","floor":10},{"not_picked":["PunishingBird","BigBadWolf"],"picked":"Bloodbath","floor":10},{"not_picked":["Tough","RedEyes"],"picked":"WristCuter","floor":10},{"not_picked":["Laetitia_ego","Noise"],"picked":"Lamp","floor":11},{"not_picked":["CherryBlossoms","ShyLook","MHz"],"picked":"Singing Bowl","floor":11},{"not_picked":["MagicBullet","Horn"],"picked":"BlackSwan_ego","floor":11},{"not_picked":["MeatLantern","CrumblingArmor","LittlePrince"],"picked":"Singing Bowl","floor":12},{"not_picked":["Scarecrow","NakedNest"],"picked":"SpiderBud","floor":12},{"not_picked":["SolemnVow","FourthMatchFlame"],"picked":"WristCuter","floor":12},{"not_picked":["ShyLook","BigBadWolf","FairyFestival"],"picked":"Singing Bowl","floor":14},{"not_picked":["Scarecrow","WhitesApple"],"picked":"Scorched","floor":14},{"not_picked":["InTheNameOfLoveAndHate+1","Harmony+1"],"picked":"Soda+1","floor":14},{"not_picked":["TheSmile+1","Justitia+1"],"picked":"Mimicry+1","floor":16},{"not_picked":["CrumblingArmor","Laetitia"],"picked":"OldLady","floor":16},{"not_picked":["CENSORED_ego+1","ParadiseLost+1"],"picked":"Pinks+1","floor":16},{"not_picked":["Wingbeat+1","GreenStem+1"],"picked":"FrostShard+1","floor":18},{"not_picked":["ShyLook","Woodsman","FairyFestival"],"picked":"Singing Bowl","floor":18},{"not_picked":["CherryBlossoms","Wellcheers"],"picked":"Rudolta","floor":18},{"not_picked":["RapturousDream+1","Noise+1","Lantern+1"],"picked":"SKIP","floor":18},{"not_picked":["LittlePrince","QueenBee","DreamingCurrent"],"picked":"Singing Bowl","floor":20},{"not_picked":["Freischutz","QueenBee"],"picked":"LongBird","floor":20},{"not_picked":["CUTE+1","Justitia+1","CherryBlossom+1"],"picked":"SKIP","floor":20},{"not_picked":["MeatLantern","VoidDream","ShyLook"],"picked":"Singing Bowl","floor":21},{"not_picked":["Freischutz","BlackSwan"],"picked":"MHz","floor":21},{"not_picked":["Regret_ego+1","FourthMatchFlame+1"],"picked":"SomewhereSpear+1","floor":21},{"not_picked":["CUTE+1","BearPaw+1"],"picked":"Spore+1","floor":22},{"not_picked":["Freischutz","HappyTeddy","SingingMachine"],"picked":"Singing Bowl","floor":22},{"not_picked":["RapturousDream+1","RedEyes+1"],"picked":"Hornet+1","floor":22},{"not_picked":["Murderer","CherryBlossoms"],"picked":"Scarecrow","floor":24},{"not_picked":["Lantern+1","Lamp+1"],"picked":"Noise+1","floor":24},{"not_picked":["VoidDream","Alriune","SnowQueen"],"picked":"Singing Bowl","floor":28},{"not_picked":["Wingbeat+1","Loneliness+1","Galaxy+1"],"picked":"SKIP","floor":28},{"not_picked":["Wingbeat+1","Loneliness+1"],"picked":"Galaxy+1","floor":28}],"player_experience":418054,"relics_obtained":[{"floor":1,"key":"LetterFromLob"},{"floor":9,"key":"Sundial"},{"floor":14,"key":"Gremlin Horn"}],"event_choices":[{"damage_healed":0,"gold_gain":0,"player_choice":"Donut","damage_taken":0,"max_hp_gain":5,"max_hp_loss":0,"event_name":"Big Fish","floor":3,"gold_loss":0},{"damage_healed":0,"gold_gain":0,"player_choice":"Rummage","damage_taken":0,"relics_obtained":["WarpedTongs"],"max_hp_gain":0,"max_hp_loss":0,"event_name":"Accursed Blacksmith","floor":19,"gold_loss":0,"cards_obtained":["Pain"]}],"is_beta":false,"boss_relics":[{"not_picked":["Runic Pyramid","Black Star"],"picked":"Astrolabe"}],"items_purged_floors":[],"is_endless":false,"potions_floor_spawned":[1,7,12,14,16,18],"killed_by":"Cultist and Chosen","ascension_level":0}}