{"host":"gk5m6v7zec9neb0j","time":1611185199,"event":{"mods":["AchievementEnabler","AlwaysNeverKeys","BaseMod","BetterRewards","Block Reminder","Minty Spire (QoL Compilation)","Rare Cards Sparkle","Relic Stats","StSLib"],"gold_per_floor":[118,135,35,0,0,0,10,20,20,20,20,20,32,45,45,144,144,164,164,174,194,210,210,113,132,159,159,178,23,123,35,35,133,133,149,149,199,199,27,27,0,16,85,111,111,125,125,144,144,144,144,144,19,52,52],"floor_reached":56,"language":"ENG","playtime":2900,"items_purged":["Strike_R","Strike_R","Strike_R"],"score":1444,"play_id":"281f3f72-1298-4553-ace6-e9309eedf5e7","local_time":"20210120182639","is_ascension_mode":false,"campfire_choices":[{"data":"Bash","floor":6.0,"key":"SMITH"},{"data":"Evolve","floor":11.0,"key":"SMITH"},{"data":"Iron Wave","floor":15.0,"key":"SMITH"},{"data":"Feed","floor":23.0,"key":"SMITH"},{"data":"Spot Weakness","floor":27.0,"key":"SMITH"},{"data":"Defend_R","floor":32.0,"key":"SMITH"},{"data":"Madness","floor":40,"key":"SMITH"},{"floor":49,"key":"REST"},{"data":"Spot Weakness","floor":52,"key":"SMITH"}],"circlet_count":0,"master_deck":["Defend_R+1","Defend_R+1","Defend_R+1","Bash+1","Evolve+1","Reckless Charge","Reckless Charge","Ghostly Armor","Thunderclap","Iron Wave+1","Reckless Charge","Feed+1","Pommel Strike+1","Spot Weakness+1","Shrug It Off","Madness+1","Spot Weakness+1","Reckless Charge","Shrug It Off","Ghostly Armor","Twin Strike+1","Pummel","Flame Barrier"],"relics":["Burning Blood","Lizard Tail","Magic Flower","Incense Burner","DollysMirror","Kunai","Empty Cage","War Paint","ClockworkSouvenir","Champion Belt","Sundial","Shuriken","Mango","Blue Candle","Red Mask","Darkstone Periapt","MealTicket","Boot"],"acts_visited":["Exordium","TheCity","TheBeyond","TheEnding"],"potions_floor_usage":[45,45,50,55],"damage_taken":[{"damage":0.0,"enemies":"Cultist","floor":1.0,"turns":3.0},{"damage":0.0,"enemies":"Small Slimes","floor":2.0,"turns":3.0},{"damage":0.0,"enemies":"2 Louse","floor":7.0,"turns":2.0},{"damage":19.0,"enemies":"Exordium Thugs","floor":8.0,"turns":6.0},{"damage":2.0,"enemies":"2 Fungi Beasts","floor":13.0,"turns":3.0},{"damage":0.0,"enemies":"3 Louse","floor":14.0,"turns":3.0},{"damage":11.0,"enemies":"The Guardian","floor":16.0,"turns":15.0},{"damage":10.0,"enemies":"3 Byrds","floor":18.0,"turns":5.0},{"damage":10.0,"enemies":"Chosen","floor":20.0,"turns":5.0},{"damage":21.0,"enemies":"Centurion and Healer","floor":21.0,"turns":4.0},{"damage":16.0,"enemies":"Cultist and Chosen","floor":22.0,"turns":7.0},{"damage":0.0,"enemies":"Chosen and Byrds","floor":25.0,"turns":6.0},{"damage":11.0,"enemies":"Snake Plant","floor":28.0,"turns":5.0},{"damage":5.0,"enemies":"Colosseum Slavers","floor":30.0,"turns":4.0},{"damage":33.0,"enemies":"Colosseum Nobs","floor":30.0,"turns":6.0},{"damage":21.0,"enemies":"Champ","floor":33.0,"turns":9.0},{"damage":9.0,"enemies":"3 Darklings","floor":35.0,"turns":7.0},{"damage":50,"enemies":"Mind Bloom Boss Battle","floor":37,"turns":10},{"damage":11,"enemies":"3 Shapes","floor":42,"turns":3},{"damage":38,"enemies":"Nemesis","floor":44,"turns":7},{"damage":12,"enemies":"Writhing Mass","floor":45,"turns":5},{"damage":1,"enemies":"Sphere and 2 Shapes","floor":46,"turns":6},{"damage":12,"enemies":"Jaw Worm Horde","floor":48,"turns":5},{"damage":89,"enemies":"Donu and Deca","floor":50,"turns":8},{"damage":58,"enemies":"Shield and Spear","floor":54,"turns":6},{"damage":180,"enemies":"The Heart","floor":55,"turns":12}],"seed_played":"-8298739888049118801","potions_obtained":[{"floor":2.0,"key":"LiquidBronze"},{"floor":8.0,"key":"DistilledChaos"},{"floor":12.0,"key":"SmokeBomb"},{"floor":12.0,"key":"Swift Potion"},{"floor":37,"key":"PowerPotion"},{"floor":44,"key":"Regen Potion"}],"is_trial":false,"path_per_floor":["M","M","$","?","?","R","M","M","T","$","R","?","M","M","R","B",null,"M","$","M","M","M","R","$","M","T","R","M","$","?","?","R","B",null,"M","$","?","T","$","R","?","M","T","E","M","M","?","M","R","B",null,"R","$","E","B",null],"character_chosen":"IRONCLAD","items_purchased":["Evolve","Reckless Charge","DollysMirror","Madness","ClockworkSouvenir","Shrug It Off","Pummel","BloodPotion"],"campfire_rested":1,"item_purchase_floors":[0,0,0,24,29,39,53,53],"current_hp_per_floor":[41,50,50,70,75,75,84,74,74,74,74,74,81,85,85,83,85,87,87,91,84,82,82,82,97,97,97,95,95,81,81,81,69,105,105,105,84,84,84,84,84,88,88,59,75,89,89,92,132,58,139,139,139,90,66],"gold":52,"neow_bonus":"","is_daily":false,"chose_seed":false,"campfire_upgraded":8,"win_rate":0.0,"timestamp":1611185199,"path_taken":["M","M","$","?","?","R","M","M","T","$","R","?","?","M","R","BOSS","M","$","M","M","M","R","$","M","T","R","M","$","?","?","R","BOSS","M","$","?","?","$","R","?","M","T","E","M","M","?","?","R","BOSS","R","$","E","BOSS"],"items_purchased_type":["Card","Card","Relic","Card","Relic","Card","Card","Potion"],"build_version":"2020-12-22","purchased_purges":3,"victory":true,"max_hp_per_floor":[80,80,80,80,85,85,85,85,85,85,85,85,85,85,85,85,85,88,88,91,94,97,97,97,101,101,101,101,101,105,105,105,105,105,105,105,123,123,123,123,123,127,127,127,127,131,131,135,135,139,139,139,139,139,139],"relic_stats":{"Darkstone Periapt":0,"counters":[542,2867],"Blue Candle":[0],"Magic Flower":[151],"War Paint":["Defend_R","Defend_R","Shrug It Off","Burning Pact","Defend_R","Defend_R"],"Boot":[1],"Burning Blood":2982,"Lizard Tail":104,"Sundial":[14],"Shuriken":[33],"MealTicket":0,"Kunai":[63],"Champion Belt":[27],"obtain_stats":[{"Whetstone":45,"Ginger":48,"Bottled Tornado":12,"Boot":40,"Old Coin":9,"Blood Vial":54,"Sundial":43,"MealTicket":44,"Fusion Hammer":34,"Kunai":3,"Runic Cube":34,"Pear":6,"Blue Candle":9,"Eternal Feather":6,"Pen Nib":9,"Akabeko":37,"SlaversCollar":17,"Runic Dome":17,"Bird Faced Urn":0,"MutagenicStrength":27,"Mark of Pain":34,"StrikeDummy":47,"Unceasing Top":0,"Regal Pillow":9,"Lantern":23,"Singing Bowl":42,"Torii":44,"Magic Flower":34,"StoneCalendar":0,"Bag of Preparation":41,"Ancient Tea Set":6,"Smiling Mask":9,"Burning Blood":0,"Matryoshka":27,"Shovel":0,"WingedGreaves":11,"Chemical X":0,"InkBottle":23,"Paper Frog":9,"Potion Belt":43,"Lee\u0027s Waffle":0,"Golden Idol":4,"Self Forming Clay":25,"Thread and Needle":0,"The Courier":13,"PreservedInsect":24,"Omamori":13,"Frozen Egg 2":8,"MawBank":9,"Busted Crown":34,"Ornamental Fan":12,"Orrery":0,"Turnip":13,"Art of War":26,"Champion Belt":23,"Bottled Lightning":43,"Toy Ornithopter":9,"Ice Cream":0,"Calipers":0,"Gremlin Horn":24,"CeramicFish":11,"Vajra":19,"Sozu":17,"Lizard Tail":25,"Centennial Puzzle":26,"HornCleat":54,"DollysMirror":37,"Strawberry":43,"Toxic Egg 2":25,"Girya":0,"Happy Flower":0,"Dead Branch":13,"Oddly Smooth Stone":54,"Charon\u0027s Ashes":0,"Letter Opener":26,"War Paint":55,"Question Card":9,"Du-Vu Doll":43,"OrangePellets":0,"Bottled Flame":54,"Shuriken":0,"Bronze Scales":0,"Molten Egg 2":26,"Nloth\u0027s Gift":20,"Pocketwatch":47,"Meat on the Bone":28,"Darkstone Periapt":26,"SacredBark":34,"Black Blood":17,"Enchiridion":21,"Mango":26,"Juzu Bracelet":3,"Incense Burner":0,"Empty Cage":17,"PrismaticShard":0,"ClockworkSouvenir":0,"Nunchaku":36,"Dream Catcher":25,"TheAbacus":37,"Mummified Hand":0,"Gambling Chip":13,"Pantograph":54,"Tiny Chest":24,"Red Mask":41,"Red Skull":4,"Runic Pyramid":34,"Orichalcum":20,"Odd Mushroom":14,"Medical Kit":36,"White Beast Statue":2,"Mercury Hourglass":30,"Peace Pipe":0,"Calling Bell":34,"Anchor":12,"CaptainsWheel":28,"Bag of Marbles":0,"Coffee Dripper":34,"Membership Card":0,"FossilizedHelix":0,"TungstenRod":36},{"Whetstone":46,"Ginger":104,"Bottled Tornado":137,"Boot":102,"Old Coin":4,"Blood Vial":49,"Sundial":149,"MealTicket":536,"Fusion Hammer":98,"Kunai":2,"Runic Cube":296,"Pear":111,"Blue Candle":112,"Eternal Feather":25,"Pen Nib":56,"Akabeko":221,"SlaversCollar":36,"Runic Dome":61,"Bird Faced Urn":129,"MutagenicStrength":292,"Mark of Pain":70,"StrikeDummy":47,"Unceasing Top":0,"Regal Pillow":157,"Lantern":442,"Singing Bowl":102,"Torii":398,"Magic Flower":367,"StoneCalendar":80,"Bag of Preparation":196,"Ancient Tea Set":84,"Smiling Mask":407,"Burning Blood":0,"Matryoshka":118,"Shovel":457,"WingedGreaves":26,"Chemical X":50,"InkBottle":468,"Paper Frog":33,"Potion Belt":102,"Lee\u0027s Waffle":231,"Golden Idol":2,"Self Forming Clay":265,"Thread and Needle":154,"The Courier":15,"PreservedInsect":500,"Omamori":27,"Frozen Egg 2":25,"MawBank":13,"Busted Crown":505,"Ornamental Fan":381,"Orrery":9,"Turnip":59,"Art of War":117,"Champion Belt":66,"Bottled Lightning":451,"Toy Ornithopter":181,"Ice Cream":80,"Calipers":80,"Gremlin Horn":39,"CeramicFish":33,"Vajra":140,"Sozu":306,"Lizard Tail":39,"Centennial Puzzle":39,"HornCleat":174,"DollysMirror":395,"Strawberry":124,"Toxic Egg 2":117,"Girya":50,"Happy Flower":80,"Dead Branch":88,"Oddly Smooth Stone":326,"Charon\u0027s Ashes":50,"Letter Opener":67,"War Paint":79,"Question Card":135,"Du-Vu Doll":149,"OrangePellets":19,"Bottled Flame":106,"Shuriken":0,"Bronze Scales":29,"Molten Egg 2":165,"Nloth\u0027s Gift":115,"Pocketwatch":172,"Meat on the Bone":216,"Darkstone Periapt":93,"SacredBark":219,"Black Blood":16,"Enchiridion":413,"Mango":141,"Juzu Bracelet":10,"Incense Burner":107,"Empty Cage":160,"PrismaticShard":327,"ClockworkSouvenir":0,"Nunchaku":42,"Dream Catcher":141,"TheAbacus":99,"Mummified Hand":50,"Gambling Chip":34,"Pantograph":515,"Tiny Chest":92,"Red Mask":148,"Red Skull":32,"Runic Pyramid":41,"Orichalcum":17,"Odd Mushroom":28,"Medical Kit":421,"White Beast Statue":10,"Mercury Hourglass":69,"Peace Pipe":0,"Calling Bell":367,"Anchor":59,"CaptainsWheel":502,"Bag of Marbles":50,"Coffee Dripper":420,"Membership Card":0,"FossilizedHelix":129,"TungstenRod":193},{"Whetstone":235,"Ginger":445,"Bottled Tornado":578,"Boot":443,"Old Coin":20,"Blood Vial":254,"Sundial":607,"MealTicket":2825,"Fusion Hammer":434,"Kunai":11,"Runic Cube":1471,"Pear":468,"Blue Candle":470,"Eternal Feather":132,"Pen Nib":288,"Akabeko":1053,"SlaversCollar":194,"Runic Dome":314,"Bird Faced Urn":552,"MutagenicStrength":1449,"Mark of Pain":351,"StrikeDummy":240,"Unceasing Top":0,"Regal Pillow":630,"Lantern":2249,"Singing Bowl":443,"Torii":2056,"Magic Flower":1869,"StoneCalendar":388,"Bag of Preparation":876,"Ancient Tea Set":396,"Smiling Mask":2125,"Burning Blood":0,"Matryoshka":499,"Shovel":2324,"WingedGreaves":139,"Chemical X":262,"InkBottle":2390,"Paper Frog":177,"Potion Belt":443,"Lee\u0027s Waffle":1104,"Golden Idol":11,"Self Forming Clay":1293,"Thread and Needle":621,"The Courier":70,"PreservedInsect":2626,"Omamori":150,"Frozen Egg 2":132,"MawBank":57,"Busted Crown":2653,"Ornamental Fan":1932,"Orrery":48,"Turnip":301,"Art of War":496,"Champion Belt":329,"Bottled Lightning":2288,"Toy Ornithopter":757,"Ice Cream":388,"Calipers":388,"Gremlin Horn":203,"CeramicFish":177,"Vajra":586,"Sozu":1538,"Lizard Tail":203,"Centennial Puzzle":203,"HornCleat":729,"DollysMirror":2030,"Strawberry":538,"Toxic Egg 2":496,"Girya":262,"Happy Flower":388,"Dead Branch":406,"Oddly Smooth Stone":1624,"Charon\u0027s Ashes":262,"Letter Opener":332,"War Paint":381,"Question Card":574,"Du-Vu Doll":607,"OrangePellets":106,"Bottled Flame":448,"Shuriken":0,"Bronze Scales":164,"Molten Egg 2":671,"Nloth\u0027s Gift":488,"Pocketwatch":718,"Meat on the Bone":1028,"Darkstone Periapt":419,"SacredBark":1044,"Black Blood":80,"Enchiridion":2151,"Mango":587,"Juzu Bracelet":50,"Incense Burner":454,"Empty Cage":646,"PrismaticShard":1631,"ClockworkSouvenir":0,"Nunchaku":221,"Dream Catcher":587,"TheAbacus":436,"Mummified Hand":262,"Gambling Chip":183,"Pantograph":2705,"Tiny Chest":417,"Red Mask":605,"Red Skull":173,"Runic Pyramid":217,"Orichalcum":95,"Odd Mushroom":152,"Medical Kit":2161,"White Beast Statue":50,"Mercury Hourglass":341,"Peace Pipe":0,"Calling Bell":1869,"Anchor":301,"CaptainsWheel":2638,"Bag of Marbles":262,"Coffee Dripper":2160,"Membership Card":0,"FossilizedHelix":552,"TungstenRod":854}]},"card_choices":[{"not_picked":["Heavy Blade","Havoc"],"picked":"Thunderclap","floor":1.0},{"not_picked":["Twin Strike","Infernal Blade"],"picked":"Iron Wave","floor":2.0},{"not_picked":["Armaments","Wild Strike"],"picked":"Reckless Charge","floor":7.0},{"not_picked":["Clothesline","Iron Wave","Heavy Blade"],"picked":"SKIP","floor":8.0},{"not_picked":["Heavy Blade","Shockwave","Body Slam"],"picked":"SKIP","floor":13.0},{"not_picked":["Uppercut","Flex","Thunderclap"],"picked":"SKIP","floor":14.0},{"not_picked":["Fiend Fire","Double Tap"],"picked":"Feed","floor":16.0},{"not_picked":["Clothesline","Iron Wave+1"],"picked":"Pommel Strike+1","floor":18.0},{"not_picked":["Warcry","Power Through"],"picked":"Spot Weakness","floor":20.0},{"not_picked":["Cleave+1","Searing Blow+1"],"picked":"Shrug It Off","floor":21.0},{"not_picked":["Wild Strike","Cleave","Twin Strike"],"picked":"SKIP","floor":22.0},{"not_picked":["Pommel Strike","Warcry"],"picked":"Spot Weakness","floor":25.0},{"not_picked":["Anger","Second Wind"],"picked":"Reckless Charge","floor":28.0},{"not_picked":["True Grit","Sword Boomerang","Havoc+1"],"picked":"SKIP","floor":35.0},{"not_picked":["Searing Blow+1","Warcry"],"picked":"Ghostly Armor","floor":42},{"not_picked":["Seeing Red","Heavy Blade+1"],"picked":"Twin Strike+1","floor":44},{"not_picked":["Headbutt","Uppercut","Intimidate"],"picked":"SKIP","floor":46},{"not_picked":["Body Slam","Flame Barrier+1","Ghostly Armor+1"],"picked":"SKIP","floor":48},{"not_picked":["Searing Blow+1","Twin Strike+1"],"picked":"Flame Barrier","floor":54}],"player_experience":745472,"relics_obtained":[{"floor":9.0,"key":"Kunai"},{"floor":26.0,"key":"War Paint"},{"floor":30.0,"key":"Champion Belt"},{"floor":30.0,"key":"Sundial"},{"floor":37,"key":"Mango"},{"floor":38,"key":"Blue Candle"},{"floor":43,"key":"Darkstone Periapt"},{"floor":44,"key":"MealTicket"},{"floor":54,"key":"Boot"}],"event_choices":[{"damage_healed":20.0,"max_hp_gain":0.0,"max_hp_loss":0.0,"gold_gain":0.0,"event_name":"The Cleric","player_choice":"Healed","floor":4.0,"gold_loss":35.0,"damage_taken":0.0},{"damage_healed":0.0,"max_hp_gain":5.0,"max_hp_loss":0.0,"gold_gain":0.0,"event_name":"Big Fish","player_choice":"Donut","floor":5.0,"gold_loss":0.0,"damage_taken":0.0},{"damage_healed":0.0,"max_hp_gain":0.0,"max_hp_loss":0.0,"gold_gain":0.0,"event_name":"Lab","player_choice":"Got Potions","floor":12.0,"gold_loss":0.0,"damage_taken":0.0},{"damage_healed":0.0,"max_hp_gain":0.0,"max_hp_loss":0.0,"gold_gain":0.0,"event_name":"Colosseum","player_choice":"Fight","floor":30.0,"gold_loss":0.0,"damage_taken":0.0},{"damage_healed":0.0,"max_hp_gain":0.0,"max_hp_loss":0.0,"gold_gain":0.0,"event_name":"Colosseum","player_choice":"Fought Nobs","floor":30.0,"gold_loss":0.0,"damage_taken":0.0},{"damage_healed":0.0,"max_hp_gain":0.0,"max_hp_loss":0.0,"gold_gain":0.0,"event_name":"WeMeetAgain","player_choice":"Paid Gold","floor":31.0,"gold_loss":88.0,"damage_taken":0.0,"relics_obtained":["Shuriken"]},{"damage_healed":0,"gold_gain":0,"player_choice":"Fight","damage_taken":0,"max_hp_gain":0,"max_hp_loss":0,"event_name":"MindBloom","floor":37,"gold_loss":0},{"damage_healed":0,"gold_gain":0,"player_choice":"Paid","damage_taken":0,"relics_obtained":["Red Mask"],"max_hp_gain":0,"max_hp_loss":0,"event_name":"Tomb of Lord Red Mask","floor":41,"gold_loss":27},{"cards_removed":["Defend_R"],"damage_healed":0,"gold_gain":0,"player_choice":"Offered Basic","damage_taken":0,"max_hp_gain":0,"max_hp_loss":0,"event_name":"Bonfire Elementals","floor":47,"gold_loss":0}],"is_beta":false,"boss_relics":[{"not_picked":["Runic Pyramid","SlaversCollar"],"picked":"Empty Cage"},{"not_picked":["Coffee Dripper","Pandora\u0027s Box","Astrolabe"]}],"items_purged_floors":[0,3,39],"is_endless":false,"potions_floor_spawned":[2,8,14,18,22,25,30,37,44,46],"ascension_level":0}}