{"host":"kpyoctgc7jne3jiy","time":1611160219,"event":{"mods":["AchievementEnabler","BaseMod","Minty Spire (QoL Compilation)","Relic Stats","Slay-I"],"gold_per_floor":[116,134,145,164,239,239,274,274,274,274,286,286,305,331,331,428,728,741,741,751,762,48,83,83,83,107,107,126,155,174,0,0,0,0],"floor_reached":33,"language":"ENG","playtime":1236,"items_purged":["Strike_P"],"score":422,"play_id":"654c4c4c-d9f4-4865-befe-746125ed8e6d","local_time":"20210120173019","is_ascension_mode":false,"campfire_choices":[{"data":"Vigilance","floor":8.0,"key":"SMITH"},{"floor":10.0,"key":"REST"},{"data":"Eruption","floor":12.0,"key":"SMITH"},{"data":"Protect","floor":15.0,"key":"SMITH"},{"floor":24.0,"key":"REST"},{"floor":32.0,"key":"REST"}],"circlet_count":0,"master_deck":["Defend_P","Defend_P+1","Defend_P","Defend_P","Eruption+1","Vigilance+1","BowlingBash","EmptyFist","Protect","Protect+1","Regret","Wallop+1","Decay","CrushJoints+1","Worship+1","SandsOfTime+1","Devotion","CurseOfTheBell","Conclude+1","TalkToTheHand+1","MentalFortress+1","Halt+1","CutThroughFate+1","FlurryOfBlows+1","Bite+1","Bite+1","Bite+1","Bite+1","Bite+1","Writhe","Injury","WheelKick+1","DeceiveReality+1"],"relics":["Cursed Key","Darkstone Periapt","Molten Egg 2","Shuriken","Lantern","Calling Bell","Nunchaku","StrikeDummy","Old Coin","War Paint","Sling","Turnip","Bottled Lightning","Centennial Puzzle","Toxic Egg 2","Anchor"],"acts_visited":["Exordium","TheCity"],"potions_floor_usage":[33],"damage_taken":[{"damage":0.0,"enemies":"Small Slimes","floor":1.0,"turns":4.0},{"damage":6.0,"enemies":"Jaw Worm","floor":2.0,"turns":3.0},{"damage":0.0,"enemies":"2 Louse","floor":3.0,"turns":2.0},{"damage":0.0,"enemies":"Exordium Wildlife","floor":4.0,"turns":3.0},{"damage":29.0,"enemies":"Gremlin Nob","floor":7.0,"turns":4.0},{"damage":2.0,"enemies":"Blue Slaver","floor":11.0,"turns":4.0},{"damage":8.0,"enemies":"Large Slime","floor":13.0,"turns":2.0},{"damage":6.0,"enemies":"Lagavulin","floor":14.0,"turns":6.0},{"damage":14.0,"enemies":"Hexaghost","floor":16.0,"turns":8.0},{"damage":22.0,"enemies":"2 Thieves","floor":18.0,"turns":4.0},{"damage":0.0,"enemies":"Chosen","floor":20.0,"turns":2.0},{"damage":4.0,"enemies":"Centurion and Healer","floor":21.0,"turns":4.0},{"damage":12.0,"enemies":"Slavers","floor":23.0,"turns":4.0},{"damage":12.0,"enemies":"Cultist and Chosen","floor":28.0,"turns":6.0},{"damage":42.0,"enemies":"Book of Stabbing","floor":29.0,"turns":7.0},{"damage":23.0,"enemies":"Snake Plant","floor":30.0,"turns":4.0},{"damage":73,"enemies":"Collector","floor":33,"turns":7}],"seed_played":"-725789691508545275","potions_obtained":[{"floor":2.0,"key":"Weak Potion"},{"floor":3.0,"key":"DuplicationPotion"},{"floor":11.0,"key":"StancePotion"},{"floor":13.0,"key":"Swift Potion"},{"floor":21.0,"key":"DistilledChaos"},{"floor":28.0,"key":"SteroidPotion"},{"floor":30.0,"key":"StancePotion"}],"is_trial":false,"path_per_floor":["M","M","M","M","?","T","E","R","T","R","M","R","M","E","R","B",null,"M","?","M","M","$","E","R","?","T","T","M","E","M","?","R","B"],"character_chosen":"WATCHER","items_purchased":["War Paint","Sling","Turnip","CutThroughFate+1"],"campfire_rested":3,"item_purchase_floors":[22,22,22,22],"current_hp_per_floor":[72,66,66,66,55,55,26,26,32,55,53,53,45,39,39,25,84,62,62,62,58,58,46,71,58,64,70,61,34,23,23,44,0,0],"gold":0,"neow_bonus":"BOSS_RELIC","is_daily":false,"chose_seed":false,"campfire_upgraded":3,"win_rate":0.0,"timestamp":1611160219,"path_taken":["M","M","M","M","?","?","E","R","T","R","M","R","M","E","R","BOSS","M","?","M","M","$","E","R","?","T","?","M","E","M","?","R","BOSS"],"items_purchased_type":["Relic","Relic","Relic","Card"],"build_version":"2020-12-22","purchased_purges":1,"victory":false,"max_hp_per_floor":[72,72,72,72,72,72,72,72,78,78,78,78,78,78,78,78,84,84,84,84,84,84,84,84,58,64,70,70,70,70,70,70,70,70],"relic_stats":{"Darkstone Periapt":24,"Nunchaku":[8],"Centennial Puzzle":[12],"counters":[17,74],"Shuriken":[21],"Turnip":[7],"War Paint":["Defend_P","Worship"],"Cursed Key":4,"obtain_stats":[{"Darkstone Periapt":6,"Lantern":14,"War Paint":22,"Cursed Key":0,"Sling":22,"Old Coin":17,"Calling Bell":17,"Nunchaku":17,"Centennial Puzzle":26,"Anchor":29,"Shuriken":9,"Molten Egg 2":7,"Turnip":22,"Bottled Lightning":23,"PureWater":0,"Toxic Egg 2":27,"StrikeDummy":17},{"Darkstone Periapt":4,"Lantern":8,"War Paint":12,"Cursed Key":0,"Sling":12,"Old Coin":9,"Calling Bell":9,"Nunchaku":9,"Centennial Puzzle":13,"Anchor":15,"Shuriken":5,"Molten Egg 2":5,"Turnip":12,"Bottled Lightning":13,"PureWater":0,"Toxic Egg 2":13,"StrikeDummy":9},{"Darkstone Periapt":12,"Lantern":28,"War Paint":46,"Cursed Key":0,"Sling":46,"Old Coin":36,"Calling Bell":36,"Nunchaku":36,"Centennial Puzzle":50,"Anchor":63,"Shuriken":16,"Molten Egg 2":16,"Turnip":46,"Bottled Lightning":50,"PureWater":0,"Toxic Egg 2":50,"StrikeDummy":36}]},"card_choices":[{"not_picked":["ReachHeaven","PathToVictory"],"picked":"BowlingBash","floor":1.0},{"not_picked":["Halt","EmptyBody"],"picked":"EmptyFist","floor":2.0},{"not_picked":["ForeignInfluence","Halt"],"picked":"Protect","floor":3.0},{"not_picked":["FollowUp","EmptyBody"],"picked":"Protect","floor":4.0},{"not_picked":["CrushJoints+1","EmptyMind"],"picked":"Wallop+1","floor":7.0},{"not_picked":["JustLucky+1","Prostrate"],"picked":"CrushJoints+1","floor":11.0},{"not_picked":["EmptyBody","Evaluate"],"picked":"Worship","floor":13.0},{"not_picked":["Alpha","Indignation"],"picked":"SandsOfTime+1","floor":14.0},{"not_picked":["Judgement","Scrawl"],"picked":"Devotion","floor":16.0},{"not_picked":["BowlingBash+1","ThirdEye"],"picked":"Conclude+1","floor":18.0},{"not_picked":["FlurryOfBlows+1","EmptyBody"],"picked":"MentalFortress+1","floor":20.0},{"not_picked":["BowlingBash+1","Crescendo"],"picked":"Halt+1","floor":21.0},{"not_picked":["Brilliance+1","BowlingBash+1"],"picked":"FlurryOfBlows+1","floor":23.0},{"not_picked":["JustLucky+1","FollowUp+1"],"picked":"WheelKick+1","floor":28.0},{"not_picked":["Brilliance+1","FollowUp+1"],"picked":"DeceiveReality+1","floor":29.0},{"not_picked":["FollowUp+1","EmptyFist+1","Prostrate+1"],"picked":"SKIP","floor":30.0}],"player_experience":297790,"relics_obtained":[{"floor":6.0,"key":"Darkstone Periapt"},{"floor":7.0,"key":"Molten Egg 2"},{"floor":9.0,"key":"Shuriken"},{"floor":14.0,"key":"Lantern"},{"floor":17.0,"key":"Nunchaku"},{"floor":17.0,"key":"StrikeDummy"},{"floor":17.0,"key":"Old Coin"},{"floor":23.0,"key":"Bottled Lightning"},{"floor":26.0,"key":"Centennial Puzzle"},{"floor":27.0,"key":"Toxic Egg 2"},{"floor":29.0,"key":"Anchor"}],"event_choices":[{"damage_healed":0.0,"max_hp_gain":0.0,"max_hp_loss":0.0,"gold_gain":75.0,"event_name":"World of Goop","player_choice":"Gather Gold","floor":5.0,"gold_loss":0.0,"damage_taken":11.0},{"damage_healed":0.0,"max_hp_gain":0.0,"max_hp_loss":0.0,"gold_gain":0.0,"event_name":"The Library","player_choice":"Read","floor":19.0,"gold_loss":0.0,"damage_taken":0.0,"cards_obtained":["TalkToTheHand"]},{"damage_healed":0.0,"max_hp_gain":0.0,"max_hp_loss":26.0,"gold_gain":0.0,"event_name":"Vampires","player_choice":"Became a vampire","floor":25.0,"gold_loss":0.0,"damage_taken":0.0,"cards_obtained":["Bite","Bite","Bite","Bite","Bite"]},{"damage_healed":0.0,"max_hp_gain":0.0,"max_hp_loss":0.0,"gold_gain":0.0,"event_name":"Masked Bandits","player_choice":"Paid Fearfully","floor":31.0,"gold_loss":174.0,"damage_taken":0.0}],"is_beta":false,"boss_relics":[{"not_picked":["Fusion Hammer","Empty Cage"],"picked":"Calling Bell"}],"items_purged_floors":[22],"is_endless":false,"potions_floor_spawned":[2,3,11,13,21,28,30],"killed_by":"Collector","ascension_level":0}}