{"host":"wj6vwlg8bkoql3lv","time":1611158647,"event":{"mods":["BaseMod","Colored Map","Friendly Minions","Hermit","Hubris","Infinite Spire","JesterMod","Jorbs\u0027s Wanderer Trilogy","Marisa????????","Minty Spire (QoL Compilation)","Replay The Spire","Shade Mod","StSLib","The Blue Laboratory","The Bug Knight","The Cursed","The Disciple","The Gatherer","The Hierophant","The Jungle","The Marked","The Mystic","The Runesmith","The Senshi","The Servant 0.9.4"],"gold_per_floor":[109,126,143,155,174,174,208,239,239,290,640,191,223,46,46,157,157,182,212,212,258,287,287,287,287,310,310,351,381,410,443,443,569,569,605,641,313,315,315,315],"floor_reached":38,"language":"ENG","playtime":4846,"items_purged":["ReplayTheSpireMod:Restless Dread","Clumsy","Looming Evil","hubris:Disease"],"score":569,"play_id":"a60e9a0f-c389-4927-9995-9e348bb10e79","local_time":"20210120160407","is_ascension_mode":false,"metric_token":1617,"campfire_choices":[{"data":"Gatherer:UpgradeBag","floor":6.0,"key":"SMITH"},{"floor":15.0,"key":"REST"},{"floor":23,"key":"REST"},{"data":"Gatherer:FlowerBeam","floor":25,"key":"SMITH"},{"data":"Gatherer:BomberForm","floor":27,"key":"SMITH"},{"data":"Gatherer:FlowerBeam+1","floor":32,"key":"SMITH"}],"circlet_count":0,"master_deck":["Gatherer:Strike_Gatherer","Gatherer:Strike_Gatherer","Gatherer:Strike_Gatherer","Gatherer:Strike_Gatherer","Gatherer:Defend_Gatherer","Gatherer:Defend_Gatherer","Gatherer:Defend_Gatherer","Gatherer:Defend_Gatherer","Gatherer:Defend_Gatherer","Gatherer:Centralize","Gatherer:FlowerWhip","Gatherer:UpgradeBag+1","Gatherer:BambuSword","Gatherer:FlowerBeam+2","Gatherer:ScherryThrow","Gatherer:Convert","Gatherer:RottenStipe","Gatherer:WitheringStrike","Gatherer:ScrollOfPurity","Gatherer:Duality","Gatherer:Enchant","Gatherer:ScentOfRosmari","Gatherer:VenomBarrier","Gatherer:MiningStrike","Normality","Gatherer:BomberForm+1","Gatherer:Herbalism+1","Gatherer:Snatch","Gatherer:DrugPower","hubris:Greed","Gatherer:Snatch","hubris:Greed","Gatherer:SaveValuables","infinitespire:Starlight","infinitespire:Fortify","Gatherer:VenomBarrier","Gatherer:QuickSynthesis","Gatherer:Snatch","Gatherer:DrugPower","Overencumbered","Gatherer:AlchemyTrial","stsjorbsmod:Withering","Gatherer:EnergyBasket"],"relics":["Gatherer:MiracleBag","Replay:Bandana","Ice Cream","Thread and Needle","ReplayTheSpireMod:Ring of Exchange","Ring of Greed","Old Coin","Replay:Wax Seal","Medical Kit","SacredBark","CaptainsWheel","Replay:Rubber Ducky","Cauldron"],"acts_visited":["Exordium","TheCity","TheBeyond"],"potions_floor_usage":[30,33,35,35,36,36],"damage_taken":[{"damage":0.0,"enemies":"2 Louse","floor":1.0,"turns":3.0},{"damage":8.0,"enemies":"infinitespire:Voidling","floor":2.0,"turns":4.0},{"damage":10.0,"enemies":"Cultist","floor":3.0,"turns":4.0},{"damage":10.0,"enemies":"3 Louse","floor":4.0,"turns":2.0},{"damage":0.0,"enemies":"Large Slime","floor":5.0,"turns":4.0},{"damage":11.0,"enemies":"Replay:BlueRogue","floor":7.0,"turns":8.0},{"damage":0.0,"enemies":"2 Fungi Beasts","floor":8.0,"turns":2.0},{"damage":0.0,"enemies":"Lagavulin","floor":10.0,"turns":5.0},{"damage":2.0,"enemies":"3 Louse","floor":13.0,"turns":4.0},{"damage":2.0,"enemies":"Fading Forest","floor":16.0,"turns":11.0},{"damage":6.0,"enemies":"2 Thieves","floor":18.0,"turns":3.0},{"damage":11.0,"enemies":"Spheric Guardian","floor":19.0,"turns":3.0},{"damage":21,"enemies":"Snecko","floor":21,"turns":4},{"damage":10,"enemies":"Centurion and Healer","floor":22,"turns":5},{"damage":6,"enemies":"Chosen and Byrds","floor":28,"turns":5},{"damage":3,"enemies":"Snake Plant","floor":29,"turns":4},{"damage":0,"enemies":"Centurion and Healer","floor":30,"turns":4},{"damage":0,"enemies":"Snecko","floor":31,"turns":5},{"damage":56,"enemies":"hubris:MusketHawk","floor":33,"turns":8},{"damage":77,"enemies":"3 Darklings","floor":35,"turns":7},{"damage":9,"enemies":"Orb Walker","floor":36,"turns":3},{"damage":17,"enemies":"Writhing Mass","floor":38,"turns":1}],"seed_played":"1008633486971597358","potions_obtained":[{"floor":1.0,"key":"EssenceOfSteel"},{"floor":2.0,"key":"blueLaboratory:AbyssPotion"},{"floor":7.0,"key":"BottledMiracle"},{"floor":8.0,"key":"blueLaboratory:BottleOfVodka"},{"floor":16.0,"key":"Explosive Potion"},{"floor":29,"key":"Energy Potion"},{"floor":31,"key":"Weak Potion"},{"floor":33,"key":"Adrenaline Potion"},{"floor":35,"key":"AttackPotion"},{"floor":37,"key":"SteroidPotion"},{"floor":37,"key":"Adrenaline Potion"},{"floor":37,"key":"Ancient Potion"}],"is_trial":false,"path_per_floor":["M","M","M","M","M","R","E","M","T","E","?","$","M","$","R","B",null,"M","M","?","M","M","R","AVR","R","T","R","M","M","M","M","R","B",null,"M","M","$","M"],"character_chosen":"THE_GATHERER","items_purchased":["Gatherer:Duality","Gatherer:Enchant","Gatherer:ScentOfRosmari","Medical Kit","Gatherer:MiningStrike","Explosive Potion","Cauldron"],"campfire_rested":2,"item_purchase_floors":[12,12,12,12,14,37,37],"current_hp_per_floor":[79,71,61,51,51,51,40,40,40,40,40,40,38,38,61,59,79,73,62,62,41,31,54,54,54,54,54,58,65,65,65,65,19,79,12,13,13,0,0,0],"gold":315,"neow_bonus":"TEN_PERCENT_HP_BONUS","is_daily":false,"chose_seed":false,"campfire_upgraded":4,"win_rate":0.0,"timestamp":1611158647,"path_taken":["M","M","M","M","M","R","E","M","T","E","?","$","M","$","R","BOSS","M","M","?","?","M","R","AVR","R","T","R","M","M","M","M","R","BOSS","M","M","$","?"],"items_purchased_type":["Card","Card","Card","Relic","Card","Potion","Relic"],"build_version":"2020-12-22","purchased_purges":4,"victory":false,"max_hp_per_floor":[79,79,79,79,79,79,79,79,79,79,79,79,79,79,79,79,79,79,79,79,79,79,79,79,79,79,79,79,79,79,79,79,79,79,79,79,79,79,79,79],"card_choices":[{"not_picked":["Gatherer:AcidicSpray","Gatherer:FlowerShield"],"picked":"Gatherer:UpgradeBag","floor":1.0},{"not_picked":["Gatherer:FlowerShield","Gatherer:CarefulStrike"],"picked":"Gatherer:BambuSword","floor":2.0},{"not_picked":["Gatherer:ScrollOfWall","Gatherer:SealedBomb"],"picked":"Gatherer:FlowerBeam","floor":3.0},{"not_picked":["Gatherer:CollectorsShot","Gatherer:WitheringStrike"],"picked":"Gatherer:ScherryThrow","floor":4.0},{"not_picked":["Gatherer:TreeGrowth","Gatherer:RottenStipe"],"picked":"Gatherer:Convert","floor":5.0},{"not_picked":["Gatherer:ScherryThrow","Gatherer:BalancedGrowth"],"picked":"Gatherer:RottenStipe","floor":7.0},{"not_picked":["Gatherer:AromaProtection","Gatherer:CollectorsShot"],"picked":"Gatherer:WitheringStrike","floor":8.0},{"not_picked":["Gatherer:FragileHammer","Gatherer:Transmute"],"picked":"Gatherer:ScrollOfPurity","floor":10.0},{"not_picked":["Gatherer:TacticalStrike","Gatherer:Convert"],"picked":"Gatherer:VenomBarrier","floor":13.0},{"not_picked":["Gatherer:FinishingStrike","Gatherer:BlackTea"],"picked":"Gatherer:BomberForm","floor":16.0},{"not_picked":["Gatherer:AlchemyTrial","Gatherer:Frenzy"],"picked":"Gatherer:Herbalism+1","floor":18.0},{"not_picked":["Gatherer:TacticalStrike","Gatherer:Convert+1"],"picked":"Gatherer:Snatch","floor":19.0},{"not_picked":["Gatherer:AromaProtection","Gatherer:Uplift"],"picked":"Gatherer:Snatch","floor":21},{"not_picked":["Gatherer:WoolGloves+1","Gatherer:ScherryThrow"],"picked":"Gatherer:SaveValuables","floor":22},{"not_picked":["Gatherer:Enchant","Gatherer:FruitForce"],"picked":"Gatherer:VenomBarrier","floor":28},{"not_picked":["Gatherer:ScherryThrow","Gatherer:GrowBook"],"picked":"Gatherer:QuickSynthesis","floor":29},{"not_picked":["Gatherer:FlowerFalling+1","Gatherer:Polymorphism+1"],"picked":"Gatherer:Snatch","floor":30},{"not_picked":["Gatherer:Frenzy+1","Gatherer:Nutrients"],"picked":"Gatherer:DrugPower","floor":31},{"not_picked":["Gatherer:Snatch+1","Gatherer:OddSpoils"],"picked":"Gatherer:AlchemyTrial","floor":35},{"not_picked":["Gatherer:Polymorphism","Gatherer:ScherryThrow+1"],"picked":"Gatherer:EnergyBasket","floor":36}],"player_experience":90189,"relics_obtained":[{"floor":7.0,"key":"Replay:Bandana"},{"floor":9.0,"key":"Ice Cream"},{"floor":10.0,"key":"Thread and Needle"},{"floor":11.0,"key":"ReplayTheSpireMod:Ring of Exchange"},{"floor":11.0,"key":"Ring of Greed"},{"floor":11.0,"key":"Old Coin"},{"floor":11.0,"key":"Replay:Wax Seal"},{"floor":26,"key":"Replay:Rubber Ducky"}],"event_choices":[{"damage_healed":0.0,"max_hp_gain":0.0,"max_hp_loss":0.0,"gold_gain":0.0,"cards_transformed":["Gatherer:Strike_Gatherer"],"event_name":"Transmorgrifier","player_choice":"Transformed","floor":20.0,"gold_loss":0.0,"damage_taken":0.0,"cards_obtained":["Gatherer:DrugPower"]}],"is_beta":false,"boss_relics":[{"not_picked":["HandDrill","Orrery"],"picked":"SacredBark"},{"not_picked":["Replay:Lucky Slots","Replay:Fungal Core"],"picked":"Gatherer:MiracleBag"}],"items_purged_floors":[12,14,24,37],"is_endless":false,"potions_floor_spawned":[1,2,7,8,16,29,31,33,35],"killed_by":"Writhing Mass","ascension_level":0}}