{"host":"51mqhfpmwwd4kxyt","time":1611155276,"event":{"mods":["BaseMod","Downfall","Hermit","Highlight Path","Minty Spire (QoL Compilation)","READ ME - Guardian Mod","Remilia??????","StSLib","The Animator","The Bug Knight","The Cursed","The Jungle","The Servant 0.9.4"],"gold_per_floor":[110,110,128,128,144,144,163,163,163,163,163,10,48,66,66,197,197,213,41,41,41],"floor_reached":20,"language":"ENG","playtime":1123,"items_purged":["Regret"],"score":300,"play_id":"d76f73aa-59e9-4c49-8123-3b6b337eff6c","local_time":"20210120100756","is_ascension_mode":true,"campfire_choices":[{"data":"Calculated Gamble","floor":6,"key":"SMITH"},{"floor":8,"key":"REST"},{"data":"Neutralize","floor":11,"key":"SMITH"},{"floor":15,"key":"REST"}],"circlet_count":0,"master_deck":["Strike_G","Strike_G","Strike_G","Strike_G","Strike_G","Defend_G","Defend_G","Defend_G","Defend_G","Defend_G","Survivor","Neutralize+1","Night Terror+1","Backflip","Injury","Calculated Gamble+1","Blur","Terror","Prepared","Venomology","Acrobatics"],"relics":["Ring of the Snake","Golden Idol","Eternal Feather","HornCleat","ClockworkSouvenir","Shovel","HoveringKite"],"acts_visited":["Exordium","Exordium"],"potions_floor_usage":[7,14,16,20,20],"damage_taken":[{"damage":1,"enemies":"Small Slimes","floor":1,"turns":4},{"damage":15,"enemies":"Jaw Worm","floor":3,"turns":8},{"damage":1,"enemies":"Cultist","floor":5,"turns":5},{"damage":18,"enemies":"Lots of Slimes","floor":7,"turns":6},{"damage":44,"enemies":"3 Sentries","floor":13,"turns":14},{"damage":0,"enemies":"Red Slaver","floor":14,"turns":4},{"damage":6,"enemies":"The Guardian","floor":16,"turns":21},{"damage":39,"enemies":"theJungle:Flameango_and_Byrd","floor":18,"turns":13},{"damage":40,"enemies":"theJungle:5_Spyders","floor":20,"turns":15}],"seed_played":"1348093553067883274","potions_obtained":[{"floor":5,"key":"LiquidBronze"},{"floor":13,"key":"DuplicationPotion"},{"floor":14,"key":"BlessingOfTheForge"},{"floor":16,"key":"FearPotion"}],"is_trial":false,"path_per_floor":["M","?","M","?","M","R","M","R","T","?","R","$","E","M","R","B",null,"M","$","M"],"character_chosen":"THE_SILENT","items_purchased":["ClockworkSouvenir","SneckoOil"],"campfire_rested":2,"item_purchase_floors":[12,19],"current_hp_per_floor":[62,62,47,47,46,46,28,49,49,49,58,58,14,14,47,41,63,24,24,0,0],"gold":41,"neow_bonus":"ONE_RANDOM_RARE_CARD","is_daily":false,"chose_seed":false,"campfire_upgraded":2,"win_rate":0.0,"timestamp":1611155276,"path_taken":["M","?","M","?","?","R","M","R","T","?","R","?","E","M","R","BOSS","M","?","?"],"items_purchased_type":["Relic","Potion"],"build_version":"2020-12-22","purchased_purges":1,"victory":false,"max_hp_per_floor":[70,70,70,70,70,70,70,70,70,70,70,70,70,70,70,70,70,70,70,70,70],"card_choices":[{"not_picked":["Blade Dance","Sucker Punch"],"picked":"Backflip","floor":1},{"not_picked":["Poisoned Stab","Dagger Throw","Slice"],"picked":"SKIP","floor":3},{"not_picked":["Dagger Spray","Prepared"],"picked":"Calculated Gamble","floor":5},{"not_picked":["Dagger Spray","Blade Dance"],"picked":"Blur","floor":7},{"not_picked":["Bane","Concentrate"],"picked":"Terror","floor":13},{"not_picked":["Flechettes","Dodge and Roll"],"picked":"Prepared","floor":14},{"not_picked":["Envenom","Wraith Form v2"],"picked":"Venomology","floor":16},{"not_picked":["Dagger Throw+1","Slice+1"],"picked":"Acrobatics","floor":18}],"player_experience":410817,"relics_obtained":[{"floor":9,"key":"Eternal Feather"},{"floor":13,"key":"Shovel"}],"event_choices":[{"damage_healed":0,"gold_gain":0,"player_choice":"Take Wound","damage_taken":0,"relics_obtained":["Golden Idol"],"max_hp_gain":0,"max_hp_loss":0,"event_name":"Golden Idol","floor":2,"gold_loss":0,"cards_obtained":["Injury"]},{"damage_healed":0,"gold_gain":0,"player_choice":"Grow","damage_taken":0,"max_hp_gain":0,"max_hp_loss":0,"event_name":"Living Wall","floor":4,"gold_loss":0,"cards_upgraded":["Night Terror"]},{"damage_healed":0,"gold_gain":0,"player_choice":"Box","damage_taken":0,"relics_obtained":["HornCleat"],"max_hp_gain":0,"max_hp_loss":0,"event_name":"Big Fish","floor":10,"gold_loss":0,"cards_obtained":["Regret"]}],"is_beta":false,"boss_relics":[{"not_picked":["Velvet Choker","Ectoplasm"],"picked":"HoveringKite"}],"items_purged_floors":[19],"is_endless":false,"potions_floor_spawned":[5,13,14,16],"killed_by":"theJungle:5_Spyders","ascension_level":7}}