{"host":"idjwbq71yrpkph1r","time":1611183350,"event":{"mods":["Alarm Clock","BaseMod","Better Third Choice","Block Reminder","Colored Map","Colored Powertips","Conspire","Hubris","Mimic Mod","Minty Spire (QoL Compilation)","Rare Cards Sparkle","StSLib","The Blue Laboratory","Waifu the Spire","everything is the same but u backflip on backflip"],"gold_per_floor":[111,127,127,127,47,75,75,93,126,154,167,167,180,191,191,295,295,306,306,275,275,275],"floor_reached":21,"language":"ENG","playtime":2066,"items_purged":[],"score":201,"play_id":"3810286f-3031-44fb-ad3c-2af85c235e63","local_time":"20210120235550","is_ascension_mode":true,"campfire_choices":[{"floor":7,"key":"REST"},{"floor":12,"key":"REST"},{"floor":15,"key":"REST"}],"circlet_count":0,"master_deck":["Strike_G","Strike_G+1","Strike_G","Strike_G","Strike_G","Defend_G+1","Defend_G","Defend_G","Defend_G","Defend_G","Survivor","Neutralize","Endless Agony","Acrobatics","hubris:Counter","Caltrops","Dagger Throw","Well Laid Plans","Sucker Punch","Outmaneuver","Night Terror","After Image","Deflect","Flechettes"],"relics":["SlaversCollar","hubris:Icosahedron","Paper Crane","hubris:Zylophone","Runic Pyramid","hubris:Towel"],"acts_visited":["Exordium","TheCity"],"potions_floor_usage":[18,21,21],"damage_taken":[{"damage":5,"enemies":"Small Slimes","floor":1,"turns":4},{"damage":7,"enemies":"2 Louse","floor":2,"turns":3},{"damage":31,"enemies":"3 Sentries","floor":6,"turns":12},{"damage":0,"enemies":"Cultist","floor":8,"turns":4},{"damage":0,"enemies":"Gremlin Gang","floor":9,"turns":8},{"damage":19,"enemies":"Lagavulin","floor":10,"turns":8},{"damage":11,"enemies":"Gremlin Gang","floor":11,"turns":6},{"damage":14,"enemies":"2 Fungi Beasts","floor":13,"turns":4},{"damage":9,"enemies":"Blue Slaver","floor":14,"turns":5},{"damage":10,"enemies":"Hexaghost","floor":16,"turns":9},{"damage":55,"enemies":"3 Byrds","floor":18,"turns":6},{"damage":14,"enemies":"2 Thieves","floor":20,"turns":5},{"damage":3,"enemies":"Snake Plant","floor":21,"turns":3}],"seed_played":"5910610129077034157","potions_obtained":[{"floor":1,"key":"blueLaboratory:Moonshine"},{"floor":8,"key":"conspire:TimeTravelPotion"},{"floor":13,"key":"blueLaboratory:RememoryPotion"},{"floor":16,"key":"blueLaboratory:EmptyBottle"}],"is_trial":false,"path_per_floor":["M","M","?","?","$","E","R","M","MIM","E","M","R","M","M","R","B",null,"M","?","M","M"],"character_chosen":"THE_SILENT","items_purchased":["hubris:Counter"],"campfire_rested":3,"item_purchase_floors":[5],"current_hp_per_floor":[65,58,58,44,44,13,34,34,34,15,4,25,11,2,23,13,70,15,15,1,0,0],"gold":275,"neow_bonus":"BOSS_RELIC","is_daily":false,"chose_seed":false,"campfire_upgraded":0,"win_rate":0.0,"timestamp":1611183350,"path_taken":["M","M","?","?","$","E","R","M","MIM","E","M","R","?","?","R","BOSS","M","?","M","M"],"items_purchased_type":["Card"],"build_version":"2020-12-22","purchased_purges":0,"victory":false,"max_hp_per_floor":[70,70,70,70,70,70,70,70,70,70,70,70,70,70,70,70,70,70,70,70,70,70],"card_choices":[{"not_picked":["Dagger Throw","Sucker Punch"],"picked":"Endless Agony","floor":1},{"not_picked":["hubris:SlightOfHand","hubris:Sniper"],"picked":"Acrobatics","floor":2},{"not_picked":["Deflect","Cloak And Dagger"],"picked":"Caltrops","floor":6},{"not_picked":["PiercingWail","Riddle With Holes"],"picked":"Dagger Throw","floor":8},{"not_picked":["Masterful Stab","Predator"],"picked":"Well Laid Plans","floor":9},{"not_picked":["Deadly Poison","Blade Dance"],"picked":"Sucker Punch","floor":10},{"not_picked":["Noxious Fumes","Predator","Bane"],"picked":"SKIP","floor":11},{"not_picked":["Cloak And Dagger","Eviscerate"],"picked":"Outmaneuver","floor":13},{"not_picked":["Terror","Deflect"],"picked":"Night Terror","floor":14},{"not_picked":["Wraith Form v2","Die Die Die"],"picked":"After Image","floor":16},{"not_picked":["Sucker Punch+1","Bane"],"picked":"Deflect","floor":18},{"not_picked":["Bane+1","Acrobatics"],"picked":"Flechettes","floor":20}],"player_experience":236412,"relics_obtained":[{"floor":6,"key":"Paper Crane"},{"floor":10,"key":"hubris:Zylophone"}],"event_choices":[{"damage_healed":58,"gold_gain":0,"player_choice":"Upgrade","damage_taken":14,"max_hp_gain":0,"max_hp_loss":70,"event_name":"betterThird:BetterShining","floor":4,"gold_loss":0,"cards_upgraded":["Strike_G","Defend_G"]}],"is_beta":false,"boss_relics":[{"not_picked":["hubris:VirtuousBlindfold","Pandora\u0027s Box"],"picked":"Runic Pyramid"}],"items_purged_floors":[],"is_endless":false,"potions_floor_spawned":[1,8,13,16],"killed_by":"Snake Plant","ascension_level":1}}