{"host":"0bf1j2iyw2812bby","time":1611106899,"event":{"mods":["BaseMod","Colored Map","Downfall","Minty Spire (QoL Compilation)","StSLib"],"gold_per_floor":[99,117,133,133,149,165,191,212,246,49,34,34,134,151,169,267,267,67,86,105,205,216,48,48,48,168,185,220,233,243,193,209,308,308,208,228,238,258,271,284,284,301,301,333,333,333,333,353,370,370,370,399,17,17,17,17,17],"floor_reached":56,"language":"ENG","playtime":19537,"items_purged":["bronze:Strike"],"score":732,"play_id":"7b7a6b47-b737-49df-ad95-f084984ea7be","local_time":"20210119204139","is_ascension_mode":false,"campfire_choices":[{"floor":1.0,"key":"RECALL"},{"data":"bronze:Repulsor","floor":12.0,"key":"SMITH"},{"data":"bronze:Assembly","floor":18.0,"key":"SMITH"},{"data":"bronze:Format","floor":25.0,"key":"SMITH"},{"data":"bronze:Terminator","floor":35,"key":"SMITH"},{"data":"bronze:ThunderWave","floor":45,"key":"SMITH"},{"data":"bronze:Boost","floor":47,"key":"SMITH"},{"data":"expansioncontent:QuickStudy","floor":54,"key":"SMITH"}],"circlet_count":0,"master_deck":["bronze:Defend","bronze:Defend","bronze:Defend","bronze:Defend","bronze:Replicate","bronze:Goto","bronze:ClassDefault","bronze:Overheat","bronze:BronzeArmor","bronze:DigitalCarnage","bronze:ChildClass","bronze:DelayedGuard","bronze:Format+1","bronze:Repulsor+1","bronze:Repair","bronze:Deprecate","bronze:Boost+1","bronze:FindAndReplace","bronze:Assembly+1","bronze:CutThrough","bronze:Separator","bronze:Terminator+1","bronze:ThunderWave+1","bronze:RecursiveStrike","bronze:Terminator","bronze:Assembly","bronze:Repair+1","bronze:Invalidate+1","bronze:DelayedGuard","expansioncontent:QuickStudy+1"],"relics":["Coffee Dripper","Odd Mushroom","bronze:SilverBullet","Juzu Bracelet","Empty Cage","downfall:HeartBlessingRed","downfall:HeartBlessingGreen","Pear","Turnip","Omamori","Potion Belt","Happy Flower","Busted Crown","downfall:HeartBlessingBlue","PreservedInsect","Orichalcum","InkBottle","Lantern"],"acts_visited":["Exordium","TheCity","TheBeyond","TheEnding"],"potions_floor_usage":[39,46,50,50,50,50,50,50,50,50,50,55],"damage_taken":[{"damage":0.0,"enemies":"2 Louse","floor":2.0,"turns":3.0},{"damage":1.0,"enemies":"Jaw Worm","floor":3.0,"turns":3.0},{"damage":0.0,"enemies":"Small Slimes","floor":5.0,"turns":4.0},{"damage":4.0,"enemies":"Large Slime","floor":6.0,"turns":4.0},{"damage":2.0,"enemies":"The Mushroom Lair","floor":8.0,"turns":3.0},{"damage":20.0,"enemies":"Lagavulin","floor":9.0,"turns":4.0},{"damage":0.0,"enemies":"downfall:FleeingMerchant","floor":10.0,"turns":4.0},{"damage":0.0,"enemies":"downfall:FleeingMerchant","floor":11.0,"turns":4.0},{"damage":0.0,"enemies":"Blue Slaver","floor":14.0,"turns":3.0},{"damage":5.0,"enemies":"Exordium Thugs","floor":15.0,"turns":2.0},{"damage":35.0,"enemies":"DF_ARCHETYPE_STREAMLINE","floor":16.0,"turns":11.0},{"damage":0.0,"enemies":"Chosen","floor":19.0,"turns":4.0},{"damage":13.0,"enemies":"Snake Plant","floor":20.0,"turns":4.0},{"damage":17.0,"enemies":"Colosseum Nobs","floor":21.0,"turns":6.0},{"damage":4.0,"enemies":"Chosen and Byrds","floor":22.0,"turns":6.0},{"damage":9.0,"enemies":"downfall:FleeingMerchant","floor":23.0,"turns":4.0},{"damage":4.0,"enemies":"downfall:FleeingMerchant","floor":26.0,"turns":3.0},{"damage":14.0,"enemies":"Sentry and Sphere","floor":27.0,"turns":3.0},{"damage":15,"enemies":"Book of Stabbing","floor":28,"turns":6},{"damage":6,"enemies":"Centurion and Healer","floor":29,"turns":5},{"damage":2,"enemies":"Chosen and Byrds","floor":30,"turns":5},{"damage":1,"enemies":"Cultist and Chosen","floor":32,"turns":5},{"damage":25,"enemies":"WA_ARCHETYPE_CALM","floor":33,"turns":10},{"damage":0,"enemies":"Orb Walker","floor":36,"turns":3},{"damage":28,"enemies":"3 Shapes","floor":37,"turns":3},{"damage":2,"enemies":"Jaw Worm Horde","floor":38,"turns":4},{"damage":30,"enemies":"Writhing Mass","floor":39,"turns":5},{"damage":6,"enemies":"Spire Growth","floor":40,"turns":5},{"damage":0,"enemies":"Jaw Worm Horde","floor":42,"turns":3},{"damage":2,"enemies":"Giant Head","floor":44,"turns":6},{"damage":4,"enemies":"Maw","floor":48,"turns":8},{"damage":14,"enemies":"Sphere and 2 Shapes","floor":49,"turns":4},{"damage":82,"enemies":"IC_BLOCK_ARCHETYPE","floor":50,"turns":10},{"damage":36,"enemies":"downfall:CharBossMerchant","floor":52,"turns":8},{"damage":16,"enemies":"downfall:NeowBoss","floor":55,"turns":14},{"damage":142,"enemies":"downfall:NeowBossFinal","floor":56,"turns":8}],"seed_played":"-4520503569201606313","potions_obtained":[{"floor":2.0,"key":"PowerPotion"},{"floor":5.0,"key":"ColorlessPotion"},{"floor":9.0,"key":"Regen Potion"},{"floor":20.0,"key":"ColorlessPotion"},{"floor":22.0,"key":"Block Potion"},{"floor":28,"key":"EntropicBrew"},{"floor":30,"key":"Energy Potion"},{"floor":32,"key":"LiquidBronze"},{"floor":39,"key":"PowerPotion"},{"floor":40,"key":"Block Potion"},{"floor":42,"key":"DistilledChaos"},{"floor":46,"key":"Fruit Juice"},{"floor":46,"key":"Explosive Potion"}],"is_trial":false,"path_per_floor":["R","M","M","?","M","M","T","?","E","$","$","R","?","M","M","B",null,"R","M","M","?","M","$","T","R","$","M","E","M","M","?","M","B",null,"R","M","M","M","M","M","T","M","?","E","R","?","R","M","M","B",null,"E","$","R","B","B"],"character_chosen":"THE_AUTOMATON","items_purchased":["Juzu Bracelet","bronze:Repair","Omamori","bronze:ThunderWave","Lantern","expansioncontent:QuickStudy","Weak Potion"],"campfire_rested":0,"item_purchase_floors":[10,10,23,26,53,53,53],"current_hp_per_floor":[70,70,69,69,69,65,65,63,43,43,50,50,50,57,52,39,70,70,70,64,57,60,51,51,51,47,40,32,33,38,68,74,55,80,90,90,69,84,67,78,78,90,90,88,88,93,93,91,92,23,95,68,68,68,69,0,0],"gold":17,"neow_bonus":"BOSS_RELIC","is_daily":false,"chose_seed":false,"campfire_upgraded":7,"win_rate":0.0,"timestamp":1611106899,"path_taken":["R","M","M","?","M","M","T","?","E","?","$","R","?","M","M","BOSS","R","M","M","?","M","$","T","R","$","M","E","M","M","?","M","BOSS","R","M","M","M","M","M","T","M","?","E","R","?","R","M","M","BOSS","E","$","R","BOSS","BOSS"],"items_purchased_type":["Relic","Card","Relic","Card","Relic","Card","Potion"],"build_version":"2020-12-13","purchased_purges":1,"victory":false,"max_hp_per_floor":[70,70,70,70,70,70,70,70,70,70,70,70,70,70,70,70,70,70,70,70,80,80,80,80,80,80,80,80,80,80,80,80,80,80,90,90,90,90,90,90,90,90,90,90,90,95,95,95,95,95,95,95,95,95,95,95,95],"card_choices":[{"not_picked":["bronze:Allocate","bronze:Philosophize"],"picked":"bronze:ClassDefault","floor":2.0},{"not_picked":["bronze:Invalidate","bronze:BitShift"],"picked":"bronze:Overheat","floor":3.0},{"not_picked":["bronze:Safeguard","bronze:BuggyMess"],"picked":"bronze:DigitalCarnage","floor":5.0},{"not_picked":["bronze:Overload","bronze:WhirlingStrike"],"picked":"bronze:ChildClass","floor":6.0},{"not_picked":["bronze:CutThrough","bronze:DelayedSlice"],"picked":"bronze:DelayedGuard","floor":8.0},{"not_picked":["bronze:Shield","bronze:Safeguard"],"picked":"bronze:Format","floor":9.0},{"not_picked":["bronze:BitShift","bronze:Frontload"],"picked":"bronze:Repulsor","floor":10.0},{"not_picked":["bronze:WhirlingStrike","bronze:NullPointer"],"picked":"bronze:Deprecate","floor":11.0},{"not_picked":["bronze:DelayedGuard","bronze:OilSpill"],"picked":"bronze:Boost","floor":14.0},{"not_picked":["bronze:NullPointer","bronze:FollowUp"],"picked":"bronze:FindAndReplace","floor":15.0},{"not_picked":["bronze:Verify","bronze:CleanCode"],"picked":"bronze:Assembly","floor":16.0},{"not_picked":["bronze:OilSpill","bronze:FineTuning"],"picked":"bronze:CutThrough","floor":19.0},{"not_picked":["bronze:Shield","bronze:Flail"],"picked":"bronze:Separator","floor":20.0},{"not_picked":["bronze:DelayedGuard","bronze:Frontload"],"picked":"bronze:Terminator","floor":21.0},{"not_picked":["bronze:WildBeam+1","bronze:ItsAFeature","bronze:Overload"],"picked":"SKIP","floor":22.0},{"not_picked":["bronze:DelayedGuard","bronze:BuggyMess","bronze:GetLatest"],"picked":"SKIP","floor":23.0},{"not_picked":["bronze:Overheat+1","bronze:Separator","bronze:BuggyMess"],"picked":"SKIP","floor":26.0},{"not_picked":["bronze:FineTuning","bronze:CutThrough+1","bronze:Frontload"],"picked":"SKIP","floor":27.0},{"not_picked":["bronze:Repulsor+1","bronze:Mutator"],"picked":"bronze:RecursiveStrike","floor":28},{"not_picked":["bronze:WildBeam","bronze:DigitalCarnage","bronze:Repulsor"],"picked":"SKIP","floor":29},{"not_picked":["bronze:GetLatest+1","bronze:CutThrough"],"picked":"bronze:Terminator","floor":30},{"not_picked":["bronze:Separator","bronze:ItsAFeature","bronze:FineTuning"],"picked":"SKIP","floor":32},{"not_picked":["bronze:FindAndReplace","bronze:Mutator"],"picked":"bronze:Assembly","floor":33},{"not_picked":[],"picked":"bronze:Repair+1","floor":36},{"not_picked":["bronze:DelayedSlice"],"picked":"SKIP","floor":37},{"not_picked":["bronze:Allocate+1"],"picked":"SKIP","floor":38},{"not_picked":["bronze:Invalidate+1"],"picked":"SKIP","floor":39},{"not_picked":[],"picked":"bronze:Invalidate+1","floor":39},{"not_picked":["bronze:Terminator"],"picked":"SKIP","floor":40},{"not_picked":["bronze:BitShift"],"picked":"SKIP","floor":42},{"not_picked":["bronze:Invalidate"],"picked":"SKIP","floor":44},{"not_picked":[],"picked":"bronze:DelayedGuard","floor":48},{"not_picked":["bronze:FineTuning"],"picked":"SKIP","floor":49},{"not_picked":["bronze:ItsAFeature"],"picked":"SKIP","floor":52}],"player_experience":343654,"relics_obtained":[{"floor":8.0,"key":"Odd Mushroom"},{"floor":9.0,"key":"bronze:SilverBullet"},{"floor":21.0,"key":"Pear"},{"floor":21.0,"key":"Turnip"},{"floor":24.0,"key":"Potion Belt"},{"floor":28,"key":"Happy Flower"},{"floor":41,"key":"PreservedInsect"},{"floor":44,"key":"Orichalcum"},{"floor":52,"key":"InkBottle"}],"event_choices":[{"damage_healed":0.0,"max_hp_gain":0.0,"max_hp_loss":0.0,"gold_gain":0.0,"event_name":"Mushrooms","player_choice":"Fought Mushrooms","floor":8.0,"gold_loss":0.0,"damage_taken":0.0},{"damage_healed":0,"gold_gain":0,"player_choice":"Got Potions","damage_taken":0,"max_hp_gain":0,"max_hp_loss":0,"event_name":"Lab","floor":46,"gold_loss":0}],"is_beta":false,"boss_relics":[{"not_picked":["Runic Dome","Fusion Hammer"],"picked":"Empty Cage"},{"not_picked":["Velvet Choker","Tiny House"],"picked":"Busted Crown"}],"items_purged_floors":[26],"is_endless":false,"potions_floor_spawned":[2,5,9,20,22,28,30,32,33,37,39,40,42,44],"killed_by":"downfall:NeowBossFinal","ascension_level":0}}