{"host":"svjtl4dki9uqj609","time":1611148981,"event":{"mods":["BaseMod","Colored Map","Keyboard Shortcuts","Minty Spire (QoL Compilation)","StSLib","SuperFastMode"],"gold_per_floor":[99,99,99,99,99,99,99,99,99,99,99,99,99,99,99,99,99,99,99,99,23,23,23,23,23,23,23,23,23,23,23,23,23,23,23,23,23,23,23,23,23,23,23,23,23,23,23,23,23,23],"floor_reached":51,"language":"KOR","playtime":1414,"items_purged":[],"score":1090,"play_id":"ca30b93f-d7c2-4c4f-bdcb-ecfe13b0bf71","local_time":"20210120222301","is_ascension_mode":true,"campfire_choices":[{"data":"Darkness","floor":7.0,"key":"SMITH"},{"data":"Rainbow","floor":10.0,"key":"SMITH"},{"data":"Redo","floor":15.0,"key":"SMITH"},{"data":"Defragment","floor":23.0,"key":"SMITH"},{"floor":25.0,"key":"REST"},{"data":"Coolheaded","floor":27.0,"key":"SMITH"},{"data":"Creative AI","floor":32.0,"key":"SMITH"},{"data":"Seek","floor":40.0,"key":"SMITH"},{"data":"Capacitor","floor":44.0,"key":"SMITH"},{"data":"Dualcast","floor":49.0,"key":"SMITH"}],"circlet_count":0,"master_deck":["Defend_B+1","Defend_B+1","Defend_B","Defend_B","Zap","Dualcast+1","Go for the Eyes","Rainbow+1","Darkness+1","Genetic Algorithm","Compile Driver","Redo+1","Conserve Battery","Creative AI+1","Reinforced Body+1","Capacitor+1","Cold Snap","Defragment+1","Coolheaded+1","Seek+1","Darkness+1","Coolheaded+1","Go for the Eyes+1","Ball Lightning","Undo+1"],"relics":["Ectoplasm","Gambling Chip","Nunchaku","Darkstone Periapt","Letter Opener","Golden Idol","Nuclear Battery","CaptainsWheel","Ancient Tea Set","Toy Ornithopter","War Paint","Cursed Key","HornCleat","Bag of Marbles"],"acts_visited":["Exordium","TheCity","TheBeyond"],"potions_floor_usage":[50],"damage_taken":[{"damage":18.0,"enemies":"Jaw Worm","floor":1.0,"turns":4.0},{"damage":0.0,"enemies":"2 Louse","floor":3.0,"turns":2.0},{"damage":1.0,"enemies":"Small Slimes","floor":5.0,"turns":3.0},{"damage":16.0,"enemies":"3 Sentries","floor":6.0,"turns":7.0},{"damage":9.0,"enemies":"Blue Slaver","floor":8.0,"turns":4.0},{"damage":1.0,"enemies":"2 Fungi Beasts","floor":11.0,"turns":2.0},{"damage":8.0,"enemies":"Lagavulin Event","floor":12.0,"turns":4.0},{"damage":4.0,"enemies":"Exordium Wildlife","floor":14.0,"turns":4.0},{"damage":7.0,"enemies":"The Guardian","floor":16.0,"turns":6.0},{"damage":3.0,"enemies":"Shell Parasite","floor":18.0,"turns":4.0},{"damage":2.0,"enemies":"Spheric Guardian","floor":22.0,"turns":5.0},{"damage":35.0,"enemies":"Slavers","floor":24.0,"turns":6.0},{"damage":0.0,"enemies":"Centurion and Healer","floor":28.0,"turns":6.0},{"damage":1.0,"enemies":"Snake Plant","floor":29.0,"turns":5.0},{"damage":0.0,"enemies":"Gremlin Leader","floor":30.0,"turns":9.0},{"damage":36.0,"enemies":"Automaton","floor":33.0,"turns":10.0},{"damage":0.0,"enemies":"Orb Walker","floor":35.0,"turns":3.0},{"damage":5.0,"enemies":"3 Shapes","floor":36.0,"turns":6.0},{"damage":4.0,"enemies":"Sphere and 2 Shapes","floor":37.0,"turns":6.0},{"damage":3.0,"enemies":"Giant Head","floor":41.0,"turns":7.0},{"damage":3.0,"enemies":"Transient","floor":46.0,"turns":5.0},{"damage":0.0,"enemies":"Reptomancer","floor":47.0,"turns":5.0},{"damage":0.0,"enemies":"Jaw Worm Horde","floor":48.0,"turns":5.0},{"damage":2,"enemies":"Donu and Deca","floor":50,"turns":7}],"seed_played":"-5284629601935243939","potions_obtained":[{"floor":8.0,"key":"Energy Potion"},{"floor":11.0,"key":"SpeedPotion"},{"floor":16.0,"key":"DistilledChaos"},{"floor":22.0,"key":"SmokeBomb"},{"floor":29.0,"key":"GamblersBrew"},{"floor":30.0,"key":"EntropicBrew"},{"floor":47.0,"key":"ColorlessPotion"}],"is_trial":false,"path_per_floor":["M","?","M","T","M","E","R","M","T","R","M","?","?","M","R","B",null,"M","?","?","$","M","R","E","R","T","R","M","M","E","T","R","B",null,"M","M","M","?","?","R","E","T","T","R","?","M","E","M","R","B",null],"character_chosen":"DEFECT","items_purchased":["Defragment"],"campfire_rested":1,"item_purchase_floors":[21],"current_hp_per_floor":[57,57,57,57,56,40,40,31,31,31,30,22,22,18,18,11,69,66,66,66,66,64,64,29,49,49,49,49,48,48,48,48,12,69,69,64,60,60,60,60,57,57,57,57,57,54,59,59,59,62],"gold":23,"neow_bonus":"BOSS_RELIC","is_daily":false,"chose_seed":false,"campfire_upgraded":9,"win_rate":0.0,"timestamp":1611148981,"path_taken":["M","?","M","?","M","E","R","M","T","R","M","?","?","M","R","BOSS","M","?","?","$","M","R","E","R","T","R","M","M","E","?","R","BOSS","M","M","M","?","?","R","E","?","T","R","?","?","E","M","R","BOSS"],"items_purchased_type":["Card"],"build_version":"2020-12-22","purchased_purges":0,"victory":true,"max_hp_per_floor":[75,75,75,75,75,75,75,75,75,75,75,75,69,69,69,69,69,69,69,69,69,69,69,69,69,69,69,69,69,69,69,69,69,69,69,69,69,69,69,69,69,69,69,69,69,69,69,69,69,69],"card_choices":[{"not_picked":["Barrage","Scrape"],"picked":"Streamline","floor":1.0},{"not_picked":["Redo","Gash"],"picked":"Go for the Eyes","floor":3.0},{"not_picked":["Ball Lightning","Gash"],"picked":"Rainbow","floor":5.0},{"not_picked":["Fusion","Rebound"],"picked":"Darkness","floor":6.0},{"not_picked":["Turbo","Double Energy"],"picked":"Genetic Algorithm","floor":8.0},{"not_picked":["Turbo","Loop"],"picked":"Compile Driver","floor":11.0},{"not_picked":["Barrage","Gash"],"picked":"Redo","floor":12.0},{"not_picked":["Hologram","Reinforced Body"],"picked":"Conserve Battery","floor":14.0},{"not_picked":["Amplify","Thunder Strike"],"picked":"Creative AI","floor":16.0},{"not_picked":["Redo","Conserve Battery"],"picked":"Reinforced Body+1","floor":18.0},{"not_picked":["Beam Cell+1","All For One","Rebound"],"picked":"SKIP","floor":22.0},{"not_picked":["Double Energy","Reprogram"],"picked":"Coolheaded","floor":24.0},{"not_picked":["Streamline+1","Stack","Steam"],"picked":"SKIP","floor":28.0},{"not_picked":["Scrape","Barrage","Steam"],"picked":"SKIP","floor":29.0},{"not_picked":["Hyperbeam","Steam","Cold Snap+1"],"picked":"SKIP","floor":30.0},{"not_picked":["Core Surge","Amplify"],"picked":"Seek","floor":33.0},{"not_picked":["Scrape+1","Streamline"],"picked":"Darkness+1","floor":35.0},{"not_picked":["Coolheaded","Conserve Battery","Darkness"],"picked":"SKIP","floor":36.0},{"not_picked":["Recycle","Fusion+1"],"picked":"Coolheaded+1","floor":37.0},{"not_picked":["Gash","Self Repair+1"],"picked":"Go for the Eyes+1","floor":41.0},{"not_picked":["All For One","Steam+1","Redo"],"picked":"SKIP","floor":46.0},{"not_picked":["Auto Shields+1","White Noise+1"],"picked":"Undo+1","floor":47.0},{"not_picked":["Hello World+1","Barrage","Self Repair"],"picked":"SKIP","floor":48.0}],"player_experience":14852,"relics_obtained":[{"floor":4.0,"key":"Gambling Chip"},{"floor":6.0,"key":"Nunchaku"},{"floor":9.0,"key":"Darkstone Periapt"},{"floor":12.0,"key":"Letter Opener"},{"floor":24.0,"key":"CaptainsWheel"},{"floor":26.0,"key":"Ancient Tea Set"},{"floor":30.0,"key":"Toy Ornithopter"},{"floor":31.0,"key":"War Paint"},{"floor":41.0,"key":"HornCleat"},{"floor":47.0,"key":"Bag of Marbles"}],"event_choices":[{"cards_removed":["Strike_B"],"damage_healed":0.0,"max_hp_gain":0.0,"max_hp_loss":0.0,"gold_gain":0.0,"event_name":"Living Wall","player_choice":"Forget","floor":2.0,"gold_loss":0.0,"damage_taken":0.0},{"damage_healed":0.0,"max_hp_gain":0.0,"max_hp_loss":0.0,"gold_gain":30.0,"event_name":"Dead Adventurer","player_choice":"Searched \u00273\u0027 times","floor":12.0,"gold_loss":0.0,"damage_taken":0.0},{"damage_healed":0.0,"max_hp_gain":0.0,"max_hp_loss":6.0,"gold_gain":0.0,"event_name":"Golden Idol","player_choice":"Lose Max HP","floor":13.0,"gold_loss":0.0,"damage_taken":0.0,"relics_obtained":["Golden Idol"]},{"damage_healed":0.0,"max_hp_gain":0.0,"max_hp_loss":0.0,"gold_gain":0.0,"event_name":"Vampires","player_choice":"Ignored","floor":19.0,"gold_loss":0.0,"damage_taken":0.0},{"damage_healed":0.0,"max_hp_gain":0.0,"max_hp_loss":0.0,"gold_gain":0.0,"cards_transformed":["Strike_B","Strike_B"],"event_name":"Drug Dealer","player_choice":"Became Test Subject","floor":20.0,"gold_loss":0.0,"damage_taken":0.0,"cards_obtained":["Capacitor","Cold Snap"]},{"damage_healed":0.0,"max_hp_gain":0.0,"max_hp_loss":0.0,"gold_gain":0.0,"event_name":"The Moai Head","player_choice":"Ignored","floor":38.0,"gold_loss":0.0,"damage_taken":0.0},{"cards_removed":["Streamline"],"damage_healed":0.0,"max_hp_gain":0.0,"max_hp_loss":0.0,"gold_gain":0.0,"event_name":"Falling","player_choice":"Removed Attack","floor":39.0,"gold_loss":0.0,"damage_taken":0.0},{"damage_healed":0.0,"max_hp_gain":0.0,"max_hp_loss":0.0,"gold_gain":0.0,"cards_transformed":["Strike_B"],"event_name":"Transmorgrifier","player_choice":"Transformed","floor":45.0,"gold_loss":0.0,"damage_taken":0.0,"cards_obtained":["Ball Lightning"]}],"is_beta":false,"boss_relics":[{"not_picked":["SlaversCollar","Philosopher\u0027s Stone"],"picked":"Nuclear Battery"},{"not_picked":["Sozu","SacredBark"],"picked":"Cursed Key"}],"items_purged_floors":[],"is_endless":false,"potions_floor_spawned":[8,11,16,22,29,30,33,35,36,37,47,48],"ascension_level":2}}