{"host":"vzkpoqyw8ea6g4k2","time":1611135319,"event":{"mods":["AchievementEnabler","BaseMod","Colored Map","Colored Powertips","Minty Spire (QoL Compilation)","Permanent Neow","Quick Restart","StSLib","The Alterego"],"gold_per_floor":[118,118,118,138,138,138,64,79,79,100,100,136,167,194,206,218,218],"floor_reached":16,"language":"KOR","playtime":577,"items_purged":[],"score":102,"play_id":"92d4e110-2522-4bda-acff-287411466c1c","local_time":"20210120183519","is_ascension_mode":false,"campfire_choices":[{"floor":6,"key":"REST"},{"data":"alterego_mod:1TonWallop","floor":11,"key":"SMITH"},{"floor":15,"key":"REST"}],"circlet_count":0,"master_deck":["alterego_mod:Strike","alterego_mod:Strike","alterego_mod:Strike","alterego_mod:Strike","alterego_mod:Defend","alterego_mod:Defend","alterego_mod:Defend","alterego_mod:Defend","alterego_mod:Impale","alterego_mod:BigMeatyClaws","alterego_mod:BrynhildrsRune","alterego_mod:Rake","alterego_mod:TrashNCrash","alterego_mod:ChallengeComplete","alterego_mod:SakuraFive","alterego_mod:Bounce","alterego_mod:BiFurious","alterego_mod:Maid","alterego_mod:SakuraFive","alterego_mod:Nekomimi","alterego_mod:Rip","alterego_mod:1TonWallop+1","alterego_mod:MagicResistance","alterego_mod:PerceptionDisorder+1","alterego_mod:Punishment+1"],"relics":["alterego_mod:MasochisticConstitution","Kunai","Golden Idol","Frozen Egg 2","MawBank"],"acts_visited":["Exordium"],"potions_floor_usage":[16],"damage_taken":[{"damage":16,"enemies":"Jaw Worm","floor":1,"turns":4},{"damage":8,"enemies":"Small Slimes","floor":4,"turns":3},{"damage":1,"enemies":"2 Louse","floor":8,"turns":4},{"damage":13,"enemies":"Blue Slaver","floor":10,"turns":4},{"damage":28,"enemies":"Gremlin Nob","floor":12,"turns":6},{"damage":6,"enemies":"Looter","floor":13,"turns":3},{"damage":7,"enemies":"Red Slaver","floor":14,"turns":2},{"damage":25,"enemies":"The Guardian","floor":16,"turns":4}],"seed_played":"6364262300940683184","potions_obtained":[{"floor":1,"key":"Energy Potion"},{"floor":10,"key":"Dexterity Potion"}],"is_trial":false,"path_per_floor":["M","?","?","M","?","R","$","M","T","M","R","E","M","M","R","B"],"character_chosen":"The_Alterego","items_purchased":["alterego_mod:Nekomimi"],"campfire_rested":2,"item_purchase_floors":[7],"current_hp_per_floor":[55,52,52,45,27,48,48,48,48,43,43,23,18,12,35,10,10],"gold":218,"neow_bonus":"ONE_RANDOM_RARE_CARD","is_daily":false,"chose_seed":false,"campfire_upgraded":1,"win_rate":0.0,"timestamp":1611135319,"path_taken":["M","?","?","M","?","R","?","M","T","M","R","E","M","M","R","BOSS"],"items_purchased_type":["Card"],"build_version":"2020-12-22","purchased_purges":0,"victory":false,"max_hp_per_floor":[71,71,71,72,72,72,72,73,73,74,74,75,76,77,77,77,77],"card_choices":[{"not_picked":["alterego_mod:Bloomers","alterego_mod:DestructionOfProperty"],"picked":"alterego_mod:TrashNCrash","floor":1},{"not_picked":["alterego_mod:BusterCard","alterego_mod:Cooking"],"picked":"alterego_mod:SakuraFive","floor":4},{"not_picked":["alterego_mod:Skirt","alterego_mod:Stockings"],"picked":"alterego_mod:Rip","floor":8},{"not_picked":["alterego_mod:HighServant","alterego_mod:SuperDuperMasochism"],"picked":"alterego_mod:1TonWallop","floor":10},{"not_picked":["alterego_mod:DeftHands","alterego_mod:TrashNCrash"],"picked":"alterego_mod:MagicResistance","floor":12},{"not_picked":["alterego_mod:Bunnysuit","alterego_mod:Pet"],"picked":"alterego_mod:PerceptionDisorder+1","floor":13},{"not_picked":["alterego_mod:Clones","alterego_mod:GoddessCore"],"picked":"alterego_mod:Punishment+1","floor":14}],"player_experience":22349,"relics_obtained":[{"floor":9,"key":"Frozen Egg 2"},{"floor":12,"key":"MawBank"}],"event_choices":[{"damage_healed":0,"gold_gain":0,"player_choice":"Success","damage_taken":3,"relics_obtained":["Kunai"],"max_hp_gain":0,"max_hp_loss":0,"event_name":"Scrap Ooze","floor":2,"gold_loss":0},{"damage_healed":0,"gold_gain":0,"player_choice":"Take Damage","damage_taken":18,"relics_obtained":["Golden Idol"],"max_hp_gain":0,"max_hp_loss":0,"event_name":"Golden Idol","floor":5,"gold_loss":0}],"is_beta":false,"boss_relics":[],"items_purged_floors":[],"is_endless":false,"potions_floor_spawned":[1,10],"killed_by":"The Guardian","ascension_level":0}}