{"host":"h4qgcirtxz6qax9j","time":1611121332,"event":{"mods":["AchievementEnabler","BaseMod","Colored Powertips","Hermit","Minty Spire (QoL Compilation)","StSLib","SuperFastMode","The Servant 0.9.4"],"gold_per_floor":[116,71,71,90,104,104,123,123,123,70,97,97,97,116,116,215,215,233,251,251,251,251],"floor_reached":21,"language":"KOR","playtime":613,"items_purged":[],"score":208,"play_id":"d9744438-8d9f-4861-9d2f-b9dc5bd10095","local_time":"20210120144212","is_ascension_mode":true,"campfire_choices":[{"data":"SilverMatrix","floor":6,"key":"SMITH"},{"floor":13,"key":"REST"},{"data":"InstantArmor","floor":15,"key":"SMITH"}],"circlet_count":0,"master_deck":["Strike_S","Strike_S","Strike_S+1","Strike_S","Defend_S","Defend_S+1","Defend_S","Defend_S","KidneyShot","Exchange","SilverMatrix+1","Defy","Defy","Alleviate","ShatteredReality","Potential","InstantArmor+1","BottledTime","SilverMatrix","Rewind","Alleviate"],"relics":["Uniform","Incense Burner","Ice Cream","Philosopher\u0027s Stone"],"acts_visited":["Exordium","TheCity"],"potions_floor_usage":[20],"damage_taken":[{"damage":1,"enemies":"Jaw Worm","floor":1,"turns":3},{"damage":0,"enemies":"2 Louse","floor":4,"turns":3},{"damage":0,"enemies":"Cultist","floor":5,"turns":4},{"damage":3,"enemies":"Blue Slaver","floor":7,"turns":5},{"damage":12,"enemies":"Gremlin Nob","floor":11,"turns":5},{"damage":0,"enemies":"2 Fungi Beasts","floor":14,"turns":3},{"damage":9,"enemies":"Slime Boss","floor":16,"turns":19},{"damage":0,"enemies":"Spheric Guardian","floor":18,"turns":6},{"damage":41,"enemies":"3 Byrds","floor":19,"turns":7},{"damage":0,"enemies":"Centurion and Healer","floor":20,"turns":9},{"damage":26,"enemies":"3 Cultists","floor":21,"turns":6}],"seed_played":"8080994513209821889","potions_obtained":[{"floor":1,"key":"LiquidBronze"},{"floor":4,"key":"Dexterity Potion"},{"floor":12,"key":"CultistPotion"},{"floor":12,"key":"SmokeBomb"}],"is_trial":false,"path_per_floor":["M","$","?","M","M","R","M","$","T","$","E","?","R","M","R","B",null,"M","M","M","M"],"character_chosen":"THE_SERVANT","items_purchased":["Defy","Potential"],"campfire_rested":1,"item_purchase_floors":[2,10],"current_hp_per_floor":[64,64,51,51,51,51,48,48,48,48,36,36,55,55,55,46,65,65,24,24,0,0],"gold":251,"neow_bonus":"ONE_RANDOM_RARE_CARD","is_daily":false,"chose_seed":false,"campfire_upgraded":2,"win_rate":0.0,"timestamp":1611121332,"path_taken":["M","$","?","M","M","R","M","$","T","$","E","?","R","M","R","BOSS","M","?","M","M"],"items_purchased_type":["Card","Card"],"build_version":"2020-12-22","purchased_purges":0,"victory":false,"max_hp_per_floor":[65,65,65,65,65,65,65,65,65,65,65,65,65,65,65,65,65,65,65,65,65,65],"card_choices":[{"not_picked":["Replace","Rearm"],"picked":"Defy","floor":1},{"not_picked":["Rearm","Defy"],"picked":"Alleviate","floor":4},{"not_picked":["Starlight","Unruled","SpecialFormula"],"picked":"SKIP","floor":5},{"not_picked":["Alleviate","PendulumOfEternity"],"picked":"ShatteredReality","floor":7},{"not_picked":["Collapse","Moondial"],"picked":"InstantArmor","floor":11},{"not_picked":["Potential","Defy"],"picked":"BottledTime","floor":14},{"not_picked":["Sunlight","PendulumOfEternity"],"picked":"SilverMatrix","floor":16},{"not_picked":["Spin","Ricochet"],"picked":"Rewind","floor":18},{"not_picked":["Rewind","TimeTheft"],"picked":"Alleviate","floor":19}],"player_experience":78610,"relics_obtained":[{"floor":9,"key":"Incense Burner"},{"floor":11,"key":"Ice Cream"}],"event_choices":[{"damage_healed":0,"gold_gain":0,"player_choice":"Entered Light","damage_taken":13,"max_hp_gain":0,"max_hp_loss":0,"event_name":"Shining Light","floor":3,"gold_loss":0,"cards_upgraded":["Defend_S","Strike_S"]},{"damage_healed":0,"gold_gain":0,"player_choice":"Got Potions","damage_taken":0,"max_hp_gain":0,"max_hp_loss":0,"event_name":"Lab","floor":12,"gold_loss":0}],"is_beta":false,"boss_relics":[{"not_picked":["SacredBark","Cursed Key"],"picked":"Philosopher\u0027s Stone"}],"items_purged_floors":[],"is_endless":false,"potions_floor_spawned":[1,4,18,20],"killed_by":"3 Cultists","ascension_level":3}}