{"host":"s58r5yp46srrl8k0","time":1611107993,"event":{"mods":["BaseMod","BetterRewards","Colored Powertips","Energized Spire","Infinite Spire","Minty Spire (QoL Compilation)","Permanent Neow","Relic Stats","Replay The Spire","StSLib"],"gold_per_floor":[10119,10312,10324,9623,9635,9635,9666,9682,9682,9757,2220,2245,2245,2286,2286,2405,2405,2441,2441,2486,2521,2566,2566,2575,2599,2599,2599,2599,2644,2653,2683,2683,2800,2800,2832,2832,2856,2856,2856,2856,2887,2937,3013,3087,3149,3158,3214,45,45,101,101,101,101,158,210],"floor_reached":56,"language":"ENG","playtime":13919,"items_purged":["Strike_B","Strike_B","Defend_B"],"score":2057,"play_id":"64e71b37-5159-4719-a864-72a60284a5fe","local_time":"20210119205953","is_ascension_mode":true,"campfire_choices":[{"data":"Dualcast","floor":6,"key":"SMITH"},{"floor":13,"key":"REST"},{"data":"Streamline","floor":13,"key":"SMITH"},{"data":"Streamline","floor":15,"key":"SMITH"},{"data":"ReplayGash","floor":15,"key":"SMITH"},{"data":"Conserve Battery","floor":23,"key":"SMITH"},{"data":"Defend_B+2","floor":23,"key":"SMITH"},{"data":"Defend_B+3","floor":28,"key":"SMITH"},{"data":"Defend_B+4","floor":28,"key":"SMITH"},{"floor":32,"key":"RECALL"},{"data":"Defend_B","floor":40,"key":"PURGE"},{"data":"Defend_B","floor":49,"key":"PURGE"},{"data":"Defend_B+5","floor":52,"key":"SMITH"}],"circlet_count":0,"master_deck":["Defend_B+6","Zap+1","Dualcast+1","Streamline+1","ReplayGash+1","Scrape+1","Conserve Battery+1","Redo+1","Streamline+1","Go for the Eyes+1","ReplayGash+1","Go for the Eyes+1","Barrage+1","Beam Cell+1","Sweeping Beam+1","Bite+1","Bite+1","Bite+1","Bite+1","Bite+1","ReplayGash+1","Gash+1","Gash+1","Gash+1","Bandage Up+1","Redo+1","Conserve Battery+1","ReplayGash+1"],"relics":["Cracked Core","Ancient Tea Set","Simple Rune","Guide Book","Vajra","The Courier","infinitespire:Lucky Rock","Replay:Baseball","ReplayTheSpireMod:TigerMarble","Replay:Bandana","HornCleat","Strange Spoon","Blue Doll","Replay:Rubber Ducky","Replay:Bottled Snecko","Lantern","infinitespire:Magic Flask","FossilizedHelix","Toxic Egg 2","Pantograph","Art of War","Durian","Solar Panel","Cables","InkBottle","Replay:Mystery Machine","Shuriken","Counterbalance","Replay:Wax Seal","Letter Opener","Replay:Bottled Steam","ReplayFunnel","War Paint","infinitespire:PuzzleCube","Replay:Multitool","PreservedInsect","Whetstone","Pet Ghost","infinitespire:Midas Blood","Thread and Needle","Emotion Chip","Peace Pipe","Carrot","infinitespire:Broken Mirror","Pocketwatch","ReplayTheSpireMod:Shallot","Iron Hammer","infinitespire:WardingShard","Potion Belt","infinitespire:Lychee Nut","Du-Vu Doll","Replay:Ringing Soul","Blue Candle","DataDisk","infinitespire:BottledMercury","Anchor","Nunchaku","Geode","Gremlin Food","Replay:WaspNest","Unceasing Top","Replay:Kaleidoscope","infinitespire:CheckeredPen","Replay:Bottled Flurry","Happy Flower","Replay:PocketPolymizer","ReplayTheSpireMod:Lightbulb","Torii","Question Card","Toy Ornithopter","infinitespire:Satchel","Molten Egg 2","infinitespire:Beetle Shell","Mummified Hand","Darkstone Periapt","Incense Burner","infinitespire:ShieldingShard","Pen Nib","MealTicket","Snack Pack","Meat on the Bone","Golden Egg","Bag of Preparation","infinitespire:EmpoweringShard","Boot","StoneCalendar","Orichalcum","Ginger","Mango","Tiny Chest","Calipers","White Beast Statue","Dream Catcher","Juzu Bracelet","Omamori","WingedGreaves","ReplayTheSpireMod:Ninjato","CaptainsWheel","Gremlin Horn","Bottled Lightning","CeramicFish","Singing Bowl","Replay:Antivirus Software","Garlic","Bronze Scales","Replay:Arrowhead","energizedSpire:MagnifyingGlass","Akabeko","Bag of Marbles","Busted Crown","infinitespire:Freezer","Strawberry","Symbiotic Virus","Blood Vial","Oddly Smooth Stone","Pear","Pondfish Scales","Membership Card","Mirror","Replay:Accelerometer","Ice Cream","Frozen Egg 2","infinitespire:FocusingShard","Eternal Feather","Divine Protection","Chameleon Ring","Prayer Wheel","Regal Pillow","Kunai","Quantum Egg","Mercury Hourglass","Ornamental Fan","infinitespire:CursedDice","infinitespire:SolderingIron","Replay:Bottled Eggs","Bottled Flame","Lizard Tail","Onion Ring","Turnip","Replay:Towering Pillar of Hats","Bird Faced Urn","infinitespire:Golems Mask"],"acts_visited":["Exordium","TheCity","TheBeyond","TheEnding"],"potions_floor_usage":[7,44,55,55,55,55,55],"damage_taken":[{"damage":9,"enemies":"Jaw Worm","floor":1,"turns":3},{"damage":0,"enemies":"Small Slimes","floor":3,"turns":2},{"damage":0,"enemies":"Cultist","floor":5,"turns":2},{"damage":11,"enemies":"Replay:BlueRogue","floor":7,"turns":3},{"damage":0,"enemies":"Large Slime","floor":8,"turns":3},{"damage":0,"enemies":"Gremlin Nob","floor":14,"turns":1},{"damage":0,"enemies":"Slime Boss","floor":16,"turns":1},{"damage":0,"enemies":"Shell Parasite","floor":18,"turns":1},{"damage":0,"enemies":"2 Thieves","floor":20,"turns":1},{"damage":0,"enemies":"Snecko","floor":21,"turns":1},{"damage":0,"enemies":"Book of Stabbing","floor":29,"turns":1},{"damage":0,"enemies":"Shelled Parasite and Fungi","floor":31,"turns":1},{"damage":0,"enemies":"Collector","floor":33,"turns":2},{"damage":0,"enemies":"Orb Walker","floor":35,"turns":1},{"damage":0,"enemies":"3 Shapes","floor":41,"turns":1},{"damage":0,"enemies":"Reptomancer","floor":42,"turns":1},{"damage":0,"enemies":"Transient","floor":44,"turns":4},{"damage":0,"enemies":"Giant Head","floor":45,"turns":2},{"damage":0,"enemies":"R_Hoarder","floor":47,"turns":2},{"damage":0,"enemies":"infinitespire:MassOfShapes","floor":50,"turns":2},{"damage":0,"enemies":"Shield and Spear","floor":54,"turns":1},{"damage":0,"enemies":"The Heart","floor":55,"turns":3}],"seed_played":"-1167330780541105725","potions_obtained":[{"floor":1,"key":"Fire Potion"},{"floor":7,"key":"FearPotion"},{"floor":44,"key":"DuplicationPotion"}],"is_trial":false,"path_per_floor":["M","?","M","$","M","R","E","M","T","?","$","T","R","E","R","B",null,"M","AVR","M","M","?","R","?","T","T","?","R","E","?","M","R","B",null,"M","?","T","AVR","?","R","M","E","T","M","E","?","E","$","R","B",null,"R","$","E","B",null],"character_chosen":"DEFECT","items_purchased":["Ancient Tea Set","Simple Rune","Guide Book","FocusPotion","SkillPotion","DistilledChaos","Go for the Eyes","ReplayGash","infinitespire:Lucky Rock","Replay:Baseball","ReplayTheSpireMod:TigerMarble","Replay:Bandana","HornCleat","Strange Spoon","Blue Doll","Replay:Rubber Ducky","Replay:Bottled Snecko","Lantern","infinitespire:Magic Flask","FossilizedHelix","Toxic Egg 2","Pantograph","Art of War","Durian","Solar Panel","Cables","InkBottle","Replay:Mystery Machine","Shuriken","Counterbalance","Replay:Wax Seal","Letter Opener","Replay:Bottled Steam","ReplayFunnel","War Paint","infinitespire:PuzzleCube","Replay:Multitool","PreservedInsect","Whetstone","Pet Ghost","infinitespire:Midas Blood","Thread and Needle","Emotion Chip","Peace Pipe","Carrot","infinitespire:Broken Mirror","Pocketwatch","ReplayTheSpireMod:Shallot","Iron Hammer","infinitespire:WardingShard","Potion Belt","infinitespire:Lychee Nut","Du-Vu Doll","Replay:Ringing Soul","Blue Candle","DataDisk","infinitespire:BottledMercury","Anchor","Nunchaku","Geode","Gremlin Food","Replay:WaspNest","Unceasing Top","Adrenaline Potion","Strength Potion","Replay:Kaleidoscope","infinitespire:CheckeredPen","Replay:Bottled Flurry","Happy Flower","Replay:PocketPolymizer","ReplayTheSpireMod:Lightbulb","Torii","Question Card","Toy Ornithopter","infinitespire:Satchel","Molten Egg 2","infinitespire:Beetle Shell","Mummified Hand","Darkstone Periapt","Incense Burner","infinitespire:ShieldingShard","Pen Nib","MealTicket","Snack Pack","Meat on the Bone","Golden Egg","Bag of Preparation","infinitespire:EmpoweringShard","Boot","StoneCalendar","Orichalcum","Ginger","Mango","Tiny Chest","Calipers","White Beast Statue","Dream Catcher","Juzu Bracelet","Omamori","WingedGreaves","ReplayTheSpireMod:Ninjato","CaptainsWheel","Gremlin Horn","Bottled Lightning","CeramicFish","Singing Bowl","Replay:Antivirus Software","Garlic","Pear","Pondfish Scales","Membership Card","Mirror","Conserve Battery+1","Replay:Accelerometer","Ice Cream","Frozen Egg 2","infinitespire:FocusingShard","Eternal Feather","Divine Protection","Chameleon Ring","Prayer Wheel","Regal Pillow","Kunai","Quantum Egg","Mercury Hourglass","Ornamental Fan","infinitespire:CursedDice","infinitespire:SolderingIron","Replay:Bottled Eggs","Bottled Flame","Lizard Tail","Onion Ring","Turnip","Replay:Towering Pillar of Hats","Bird Faced Urn","infinitespire:Golems Mask"],"campfire_rested":1,"item_purchase_floors":[4,4,4,4,4,4,11,11,11,11,11,11,11,11,11,11,11,11,11,11,11,11,11,11,11,11,11,11,11,11,11,11,11,11,11,11,11,11,11,11,11,11,11,11,11,11,11,11,11,11,11,11,11,11,11,11,11,11,11,11,11,11,11,11,11,11,11,11,11,11,11,11,11,11,11,11,11,11,11,11,11,11,11,11,11,11,11,11,11,11,11,11,11,11,11,11,11,11,11,11,11,11,11,11,11,11,11,11,48,48,48,48,48,48,48,48,48,48,48,48,48,48,48,48,48,48,48,48,48,48,48,48,48,48,48,48],"current_hp_per_floor":[66,48,48,48,48,48,37,37,37,26,45,45,69,74,74,81,81,84,84,87,90,65,65,68,68,68,68,68,70,73,76,76,78,78,81,81,81,81,77,77,79,88,88,90,92,95,98,111,111,111,111,111,111,114,114],"gold":210,"neow_bonus":"UPGRADE_CARD","is_daily":false,"chose_seed":false,"campfire_upgraded":9,"win_rate":0.0,"timestamp":1611107993,"path_taken":["M","?","M","$","M","R","E","M","T","?","$","?","R","E","R","BOSS","M","AVR","M","M","?","R","?","?","T","?","R","E","?","M","R","BOSS","M","?","?","AVR","?","R","M","E","T","M","E","?","E","$","R","BOSS","R","$","E","BOSS"],"items_purchased_type":["Relic","Relic","Relic","Potion","Potion","Potion","Card","Card","Relic","Relic","Relic","Relic","Relic","Relic","Relic","Relic","Relic","Relic","Relic","Relic","Relic","Relic","Relic","Relic","Relic","Relic","Relic","Relic","Relic","Relic","Relic","Relic","Relic","Relic","Relic","Relic","Relic","Relic","Relic","Relic","Relic","Relic","Relic","Relic","Relic","Relic","Relic","Relic","Relic","Relic","Relic","Relic","Relic","Relic","Relic","Relic","Relic","Relic","Relic","Relic","Relic","Relic","Relic","Potion","Potion","Relic","Relic","Relic","Relic","Relic","Relic","Relic","Relic","Relic","Relic","Relic","Relic","Relic","Relic","Relic","Relic","Relic","Relic","Relic","Relic","Relic","Relic","Relic","Relic","Relic","Relic","Relic","Relic","Relic","Relic","Relic","Relic","Relic","Relic","Relic","Relic","Relic","Relic","Relic","Relic","Relic","Relic","Relic","Relic","Relic","Relic","Relic","Card","Relic","Relic","Relic","Relic","Relic","Relic","Relic","Relic","Relic","Relic","Relic","Relic","Relic","Relic","Relic","Relic","Relic","Relic","Relic","Relic","Relic","Relic","Relic"],"build_version":"2020-12-22","purchased_purges":3,"victory":true,"max_hp_per_floor":[75,75,75,75,75,75,75,75,75,75,74,74,76,79,79,81,81,84,84,87,90,65,65,68,68,68,68,68,70,73,76,76,78,78,81,81,81,81,77,77,79,88,88,90,92,95,98,111,111,111,111,111,111,114,114],"relic_stats":{"Gremlin Horn":[12,12],"CeramicFish":153,"Whetstone":["Go for the Eyes","Strike_B"],"Ginger":[2],"Boot":[0],"Blood Vial":0,"Lizard Tail":0,"MealTicket":0,"Prayer Wheel":0,"Kunai":[16],"Happy Flower":[8],"counters":[22,39],"Blue Candle":[0],"Eternal Feather":0,"Pen Nib":[18],"Letter Opener":[114],"War Paint":["Redo","Defend_B"],"Question Card":25,"Cables":[10,7,3,0,0],"Shuriken":[51],"Bronze Scales":[51],"Bird Faced Urn":[0],"obtain_stats":[{"infinitespire:BottledMercury":11,"Golden Egg":11,"Replay:Accelerometer":48,"Whetstone":11,"Ginger":11,"Boot":11,"Blood Vial":45,"Replay:Ringing Soul":11,"infinitespire:ShieldingShard":11,"MealTicket":11,"infinitespire:Golems Mask":48,"Replay:Bottled Flurry":11,"Kunai":48,"Replay:Wax Seal":11,"Replay:Bottled Steam":11,"Pear":48,"Counterbalance":11,"Blue Candle":11,"Eternal Feather":48,"Pen Nib":11,"infinitespire:Magic Flask":11,"Akabeko":25,"Cables":11,"infinitespire:Broken Mirror":11,"infinitespire:Lychee Nut":11,"Bird Faced Urn":48,"energizedSpire:MagnifyingGlass":17,"infinitespire:PuzzleCube":11,"Unceasing Top":11,"Solar Panel":11,"Lantern":11,"Carrot":11,"Regal Pillow":48,"Torii":11,"Singing Bowl":11,"Blue Doll":11,"StoneCalendar":11,"Replay:Multitool":11,"Bag of Preparation":11,"Ancient Tea Set":4,"Pet Ghost":11,"Replay:Rubber Ducky":11,"WingedGreaves":11,"Replay:Bottled Eggs":48,"InkBottle":11,"Potion Belt":11,"Thread and Needle":11,"The Courier":9,"PreservedInsect":11,"Geode":11,"Omamori":11,"infinitespire:Lucky Rock":11,"infinitespire:CheckeredPen":11,"Frozen Egg 2":48,"Replay:Arrowhead":14,"Busted Crown":34,"Ornamental Fan":48,"Turnip":48,"Art of War":11,"Durian":11,"Garlic":11,"Bottled Lightning":11,"ReplayTheSpireMod:Lightbulb":11,"Toy Ornithopter":11,"infinitespire:Midas Blood":11,"infinitespire:Freezer":37,"Ice Cream":48,"Divine Protection":48,"Calipers":11,"Gremlin Horn":11,"CeramicFish":11,"Vajra":7,"Lizard Tail":48,"HornCleat":11,"infinitespire:SolderingIron":48,"Strawberry":42,"Prayer Wheel":48,"Iron Hammer":11,"Toxic Egg 2":11,"Happy Flower":11,"Oddly Smooth Stone":47,"infinitespire:Beetle Shell":11,"Letter Opener":11,"Replay:Kaleidoscope":11,"War Paint":11,"Question Card":11,"Du-Vu Doll":11,"Replay:Baseball":11,"Bottled Flame":48,"ReplayTheSpireMod:Shallot":11,"Shuriken":11,"Bronze Scales":12,"Simple Rune":4,"Molten Egg 2":11,"Onion Ring":48,"ReplayTheSpireMod:TigerMarble":11,"infinitespire:EmpoweringShard":11,"Symbiotic Virus":43,"Mirror":48,"Pocketwatch":11,"Meat on the Bone":11,"ReplayFunnel":11,"Darkstone Periapt":11,"Replay:PocketPolymizer":11,"Mango":11,"Incense Burner":11,"Juzu Bracelet":11,"Replay:Mystery Machine":11,"Replay:Bandana":11,"Emotion Chip":11,"Nunchaku":11,"Dream Catcher":11,"Chameleon Ring":48,"Mummified Hand":11,"Pantograph":11,"Tiny Chest":11,"Replay:Bottled Snecko":11,"Replay:Antivirus Software":11,"Cracked Core":0,"Gremlin Food":11,"ReplayTheSpireMod:Ninjato":11,"Replay:Towering Pillar of Hats":48,"infinitespire:CursedDice":48,"Guide Book":4,"Quantum Egg":48,"Replay:WaspNest":11,"infinitespire:FocusingShard":48,"Orichalcum":11,"White Beast Statue":11,"Mercury Hourglass":48,"Peace Pipe":11,"Strange Spoon":11,"DataDisk":11,"Anchor":11,"CaptainsWheel":11,"Pondfish Scales":48,"infinitespire:WardingShard":11,"infinitespire:Satchel":11,"Snack Pack":11,"Bag of Marbles":29,"Membership Card":48,"FossilizedHelix":11},{"infinitespire:BottledMercury":5,"Golden Egg":5,"Replay:Accelerometer":19,"Whetstone":5,"Ginger":5,"Boot":5,"Blood Vial":18,"Replay:Ringing Soul":5,"infinitespire:ShieldingShard":5,"MealTicket":5,"infinitespire:Golems Mask":19,"Replay:Bottled Flurry":5,"Kunai":19,"Replay:Wax Seal":5,"Replay:Bottled Steam":5,"Pear":19,"Counterbalance":5,"Blue Candle":5,"Eternal Feather":19,"Pen Nib":5,"infinitespire:Magic Flask":5,"Akabeko":10,"Cables":5,"infinitespire:Broken Mirror":5,"infinitespire:Lychee Nut":5,"Bird Faced Urn":19,"energizedSpire:MagnifyingGlass":7,"infinitespire:PuzzleCube":5,"Unceasing Top":5,"Solar Panel":5,"Lantern":5,"Carrot":5,"Regal Pillow":19,"Torii":5,"Singing Bowl":5,"Blue Doll":5,"StoneCalendar":5,"Replay:Multitool":5,"Bag of Preparation":5,"Ancient Tea Set":2,"Pet Ghost":5,"Replay:Rubber Ducky":5,"WingedGreaves":5,"Replay:Bottled Eggs":19,"InkBottle":5,"Potion Belt":5,"Thread and Needle":5,"The Courier":5,"PreservedInsect":5,"Geode":5,"Omamori":5,"infinitespire:Lucky Rock":5,"infinitespire:CheckeredPen":5,"Frozen Egg 2":19,"Replay:Arrowhead":6,"Busted Crown":13,"Ornamental Fan":19,"Turnip":19,"Art of War":5,"Durian":5,"Garlic":5,"Bottled Lightning":5,"ReplayTheSpireMod:Lightbulb":5,"Toy Ornithopter":5,"infinitespire:Midas Blood":5,"infinitespire:Freezer":14,"Ice Cream":19,"Divine Protection":19,"Calipers":5,"Gremlin Horn":5,"CeramicFish":5,"Vajra":4,"Lizard Tail":19,"HornCleat":5,"infinitespire:SolderingIron":19,"Strawberry":16,"Prayer Wheel":19,"Iron Hammer":5,"Toxic Egg 2":5,"Happy Flower":5,"Oddly Smooth Stone":19,"infinitespire:Beetle Shell":5,"Letter Opener":5,"Replay:Kaleidoscope":5,"War Paint":5,"Question Card":5,"Du-Vu Doll":5,"Replay:Baseball":5,"Bottled Flame":19,"ReplayTheSpireMod:Shallot":5,"Shuriken":5,"Bronze Scales":5,"Simple Rune":2,"Molten Egg 2":5,"Onion Ring":19,"ReplayTheSpireMod:TigerMarble":5,"infinitespire:EmpoweringShard":5,"Symbiotic Virus":16,"Mirror":19,"Pocketwatch":5,"Meat on the Bone":5,"ReplayFunnel":5,"Darkstone Periapt":5,"Replay:PocketPolymizer":5,"Mango":5,"Incense Burner":5,"Juzu Bracelet":5,"Replay:Mystery Machine":5,"Replay:Bandana":5,"Emotion Chip":5,"Nunchaku":5,"Dream Catcher":5,"Chameleon Ring":19,"Mummified Hand":5,"Pantograph":5,"Tiny Chest":5,"Replay:Bottled Snecko":5,"Replay:Antivirus Software":5,"Cracked Core":0,"Gremlin Food":5,"ReplayTheSpireMod:Ninjato":5,"Replay:Towering Pillar of Hats":19,"infinitespire:CursedDice":19,"Guide Book":2,"Quantum Egg":19,"Replay:WaspNest":5,"infinitespire:FocusingShard":19,"Orichalcum":5,"White Beast Statue":5,"Mercury Hourglass":19,"Peace Pipe":5,"Strange Spoon":5,"DataDisk":5,"Anchor":5,"CaptainsWheel":5,"Pondfish Scales":19,"infinitespire:WardingShard":5,"infinitespire:Satchel":5,"Snack Pack":5,"Bag of Marbles":11,"Membership Card":19,"FossilizedHelix":5},{"infinitespire:BottledMercury":13,"Golden Egg":13,"Replay:Accelerometer":33,"Whetstone":13,"Ginger":13,"Boot":13,"Blood Vial":31,"Replay:Ringing Soul":13,"infinitespire:ShieldingShard":13,"MealTicket":13,"infinitespire:Golems Mask":33,"Replay:Bottled Flurry":13,"Kunai":33,"Replay:Wax Seal":13,"Replay:Bottled Steam":13,"Pear":33,"Counterbalance":13,"Blue Candle":13,"Eternal Feather":33,"Pen Nib":13,"infinitespire:Magic Flask":13,"Akabeko":18,"Cables":13,"infinitespire:Broken Mirror":13,"infinitespire:Lychee Nut":13,"Bird Faced Urn":33,"energizedSpire:MagnifyingGlass":15,"infinitespire:PuzzleCube":13,"Unceasing Top":13,"Solar Panel":13,"Lantern":13,"Carrot":13,"Regal Pillow":33,"Torii":13,"Singing Bowl":13,"Blue Doll":13,"StoneCalendar":13,"Replay:Multitool":13,"Bag of Preparation":13,"Ancient Tea Set":5,"Pet Ghost":13,"Replay:Rubber Ducky":13,"WingedGreaves":13,"Replay:Bottled Eggs":33,"InkBottle":13,"Potion Belt":13,"Thread and Needle":13,"The Courier":13,"PreservedInsect":13,"Geode":13,"Omamori":13,"infinitespire:Lucky Rock":13,"infinitespire:CheckeredPen":13,"Frozen Egg 2":33,"Replay:Arrowhead":14,"Busted Crown":22,"Ornamental Fan":33,"Turnip":33,"Art of War":13,"Durian":13,"Garlic":13,"Bottled Lightning":13,"ReplayTheSpireMod:Lightbulb":13,"Toy Ornithopter":13,"infinitespire:Midas Blood":13,"infinitespire:Freezer":23,"Ice Cream":33,"Divine Protection":33,"Calipers":13,"Gremlin Horn":13,"CeramicFish":13,"Vajra":10,"Lizard Tail":33,"HornCleat":13,"infinitespire:SolderingIron":33,"Strawberry":25,"Prayer Wheel":33,"Iron Hammer":13,"Toxic Egg 2":13,"Happy Flower":13,"Oddly Smooth Stone":33,"infinitespire:Beetle Shell":13,"Letter Opener":13,"Replay:Kaleidoscope":13,"War Paint":13,"Question Card":13,"Du-Vu Doll":13,"Replay:Baseball":13,"Bottled Flame":33,"ReplayTheSpireMod:Shallot":13,"Shuriken":13,"Bronze Scales":13,"Simple Rune":5,"Molten Egg 2":13,"Onion Ring":33,"ReplayTheSpireMod:TigerMarble":13,"infinitespire:EmpoweringShard":13,"Symbiotic Virus":25,"Mirror":33,"Pocketwatch":13,"Meat on the Bone":13,"ReplayFunnel":13,"Darkstone Periapt":13,"Replay:PocketPolymizer":13,"Mango":13,"Incense Burner":13,"Juzu Bracelet":13,"Replay:Mystery Machine":13,"Replay:Bandana":13,"Emotion Chip":13,"Nunchaku":13,"Dream Catcher":13,"Chameleon Ring":33,"Mummified Hand":13,"Pantograph":13,"Tiny Chest":13,"Replay:Bottled Snecko":13,"Replay:Antivirus Software":13,"Cracked Core":0,"Gremlin Food":13,"ReplayTheSpireMod:Ninjato":13,"Replay:Towering Pillar of Hats":33,"infinitespire:CursedDice":33,"Guide Book":5,"Quantum Egg":33,"Replay:WaspNest":13,"infinitespire:FocusingShard":33,"Orichalcum":13,"White Beast Statue":13,"Mercury Hourglass":33,"Peace Pipe":13,"Strange Spoon":13,"DataDisk":13,"Anchor":13,"CaptainsWheel":13,"Pondfish Scales":33,"infinitespire:WardingShard":13,"infinitespire:Satchel":13,"Snack Pack":13,"Bag of Marbles":19,"Membership Card":33,"FossilizedHelix":13}],"Unceasing Top":[1],"Pocketwatch":[0],"Meat on the Bone":0,"Darkstone Periapt":0,"Regal Pillow":0,"Torii":0,"Singing Bowl":16,"StoneCalendar":[0],"Bag of Preparation":[34],"Juzu Bracelet":1,"Emotion Chip":[0,0,0,0,0],"Nunchaku":[18],"Dream Catcher":1,"Mummified Hand":[1],"Pantograph":5,"Tiny Chest":2,"InkBottle":[26],"PreservedInsect":421,"Orichalcum":[6],"Mercury Hourglass":[24],"Peace Pipe":2,"Strange Spoon":[13],"Busted Crown":24,"Ornamental Fan":[64],"Turnip":[2],"Art of War":[0],"Toy Ornithopter":0},"card_choices":[{"not_picked":["Melter","Ball Lightning"],"picked":"Streamline","floor":1},{"not_picked":["Stack","Go for the Eyes"],"picked":"ReplayGash","floor":2},{"not_picked":["Redo","Tempest"],"picked":"Scrape","floor":3},{"not_picked":["Turbo","Lockon"],"picked":"Conserve Battery","floor":5},{"not_picked":["Core Surge","Turbo"],"picked":"Redo","floor":7},{"not_picked":["Heatsinks","Steam"],"picked":"Streamline","floor":8},{"not_picked":["Ball Lightning+1","Conserve Battery+1","ReplayTheSpireMod:Calculation Training+1","Melter+1"],"picked":"Singing Bowl","floor":13},{"not_picked":["Turbo+1","Streamline+1","Hologram+1"],"picked":"Go for the Eyes+1","floor":14},{"not_picked":["Creative AI","ReplayTheSpireMod:Omega Cannon+1","Meteor Strike+1","Thunder Strike+1"],"picked":"Singing Bowl","floor":16},{"not_picked":["Coolheaded+1","Ball Lightning+1","Leap+1"],"picked":"Barrage+1","floor":18},{"not_picked":["Lockon+1","Doom and Gloom+1","Undo+1"],"picked":"Beam Cell+1","floor":20},{"not_picked":["Hologram+1","Beam Cell+1","Coolheaded+1"],"picked":"Sweeping Beam+1","floor":21},{"not_picked":["Darkness+1","Biased Cognition","Turbo+1","Cold Snap+1"],"picked":"Singing Bowl","floor":29},{"not_picked":["Hologram+1","ReplayGash+1","White Noise+1"],"picked":"Gash+1","floor":31},{"not_picked":["Fission+1","Multi-Cast+1","Machine Learning","Reboot+1"],"picked":"Singing Bowl","floor":33},{"not_picked":["Sunder+1"],"picked":"Gash+1","floor":35},{"not_picked":["Stack+1","Streamline+1"],"picked":"Singing Bowl","floor":41},{"not_picked":["FIFO Queue+1","Redo+1"],"picked":"Singing Bowl","floor":42},{"not_picked":["Coolheaded+1","Tempest+1"],"picked":"Singing Bowl","floor":44},{"not_picked":["BasicCrystalCard+1","Steam+1"],"picked":"Singing Bowl","floor":45},{"not_picked":["Apotheosis+1"],"picked":"Bandage Up+1","floor":46},{"not_picked":["Rebound+1"],"picked":"Redo+1","floor":47},{"not_picked":["Rip and Tear+1"],"picked":"ReplayGash+1","floor":54}],"player_experience":363156,"relics_obtained":[{"floor":7,"key":"Vajra"},{"floor":9,"key":"The Courier"},{"floor":12,"key":"Bronze Scales"},{"floor":14,"key":"Replay:Arrowhead"},{"floor":25,"key":"Akabeko"},{"floor":29,"key":"Bag of Marbles"},{"floor":37,"key":"infinitespire:Freezer"},{"floor":42,"key":"Strawberry"},{"floor":43,"key":"Symbiotic Virus"},{"floor":45,"key":"Blood Vial"},{"floor":47,"key":"Oddly Smooth Stone"}],"event_choices":[{"damage_healed":0,"gold_gain":75,"player_choice":"Gather Gold","damage_taken":11,"max_hp_gain":0,"max_hp_loss":0,"event_name":"World of Goop","floor":10,"gold_loss":0},{"damage_healed":0,"gold_gain":0,"player_choice":"Became a vampire","damage_taken":0,"max_hp_gain":0,"max_hp_loss":28,"event_name":"Vampires","floor":22,"gold_loss":0,"cards_obtained":["Bite","Bite","Bite","Bite","Bite"]},{"damage_healed":0,"gold_gain":0,"player_choice":"Copied","damage_taken":0,"max_hp_gain":0,"max_hp_loss":0,"event_name":"Duplicator","floor":24,"gold_loss":0,"cards_obtained":["ReplayGash"]},{"damage_healed":0,"gold_gain":0,"player_choice":"Ignored","damage_taken":0,"max_hp_gain":0,"max_hp_loss":0,"event_name":"The Mausoleum","floor":27,"gold_loss":0},{"damage_healed":0,"gold_gain":0,"player_choice":"Read","damage_taken":0,"max_hp_gain":0,"max_hp_loss":0,"event_name":"The Library","floor":30,"gold_loss":0,"cards_obtained":["Gash"]},{"damage_healed":0,"gold_gain":0,"player_choice":"Ignored","damage_taken":0,"max_hp_gain":0,"max_hp_loss":0,"event_name":"Tomb of Lord Red Mask","floor":36,"gold_loss":0},{"damage_healed":0,"gold_gain":0,"player_choice":"Max HP","damage_taken":0,"max_hp_gain":0,"max_hp_loss":4,"event_name":"Winding Halls","floor":39,"gold_loss":0},{"damage_healed":0,"gold_gain":0,"player_choice":"Memory 1","damage_taken":0,"max_hp_gain":0,"max_hp_loss":0,"event_name":"SensoryStone","floor":46,"gold_loss":0}],"is_beta":false,"boss_relics":[{"not_picked":["Tiny House","energizedSpire:StickyHand"],"picked":"energizedSpire:MagnifyingGlass"},{"not_picked":["Cursed Key","Snecko Eye"],"picked":"Busted Crown"}],"items_purged_floors":[4,11,48],"is_endless":false,"potions_floor_spawned":[1,5,7,14,16,18,20,21,29,31,33,35,41,42,44,45,47,54],"ascension_level":3}}