{"host":"foq4mrde4mssg7vt","time":1611142216,"event":{"mods":["AchievementEnabler","BaseMod","Colored Map","Colored Powertips","Highlight Path","Minty Spire (QoL Compilation)","Relic Stats","everything is the same but u backflip on backflip"],"gold_per_floor":[112,112,31,45,55,55,89,114,114,114,132,166,241,241,241,320,320,338,338,350,46,56,56,56,56],"floor_reached":24,"language":"ENG","playtime":726,"items_purged":[],"score":398,"play_id":"0fc158b9-7308-439a-b727-4f333d6f79be","local_time":"20210120193016","is_ascension_mode":true,"campfire_choices":[{"data":"Go for the Eyes","floor":6.0,"key":"SMITH"},{"floor":10.0,"key":"REST"},{"floor":15.0,"key":"REST"},{"floor":23,"key":"REST"}],"circlet_count":0,"master_deck":["AscendersBane","Strike_B","Strike_B","Strike_B","Strike_B","Defend_B","Defend_B","Defend_B","Defend_B","Zap","Dualcast","Cold Snap","Gash","Cold Snap","Go for the Eyes+1","Gash","Streamline","Compile Driver","Barrage","Redo","Machine Learning","Sunder","Capacitor","Chaos","Sweeping Beam","Consume"],"relics":["Nuclear Battery","Mercury Hourglass","Odd Mushroom","Centennial Puzzle","Prayer Wheel","Velvet Choker","ClockworkSouvenir"],"acts_visited":["Exordium","TheCity"],"potions_floor_usage":[24,24],"damage_taken":[{"damage":3.0,"enemies":"2 Louse","floor":1.0,"turns":3.0},{"damage":10.0,"enemies":"Jaw Worm","floor":4.0,"turns":4.0},{"damage":10.0,"enemies":"Small Slimes","floor":5.0,"turns":4.0},{"damage":21.0,"enemies":"3 Sentries","floor":7.0,"turns":7.0},{"damage":8.0,"enemies":"The Mushroom Lair","floor":8.0,"turns":3.0},{"damage":8.0,"enemies":"3 Louse","floor":11.0,"turns":2.0},{"damage":11.0,"enemies":"Lagavulin","floor":12.0,"turns":4.0},{"damage":16.0,"enemies":"Hexaghost","floor":16.0,"turns":10.0},{"damage":20.0,"enemies":"Chosen","floor":18.0,"turns":5.0},{"damage":20.0,"enemies":"2 Thieves","floor":20.0,"turns":4.0},{"damage":17,"enemies":"Cultist and Chosen","floor":22,"turns":5},{"damage":29,"enemies":"Slavers","floor":24,"turns":2}],"seed_played":"-7242631998910330783","potions_obtained":[{"floor":5.0,"key":"BlessingOfTheForge"},{"floor":8.0,"key":"PowerPotion"},{"floor":11.0,"key":"FearPotion"},{"floor":16.0,"key":"Explosive Potion"},{"floor":22,"key":"ColorlessPotion"}],"is_trial":false,"path_per_floor":["M","?","$","M","M","R","E","?","T","R","M","E","?","?","R","B",null,"M","?","M","$","M","R","E"],"character_chosen":"DEFECT","items_purchased":["Gash","Cold Snap","Sweeping Beam","Consume","ClockworkSouvenir"],"campfire_rested":3,"item_purchase_floors":[3,3,21,21,21],"current_hp_per_floor":[61,66,66,56,46,46,25,17,17,39,31,20,9,4,26,10,60,40,40,20,20,3,25,0,0],"gold":56,"neow_bonus":"BOSS_RELIC","is_daily":false,"chose_seed":false,"campfire_upgraded":1,"win_rate":0.0,"timestamp":1611142216,"path_taken":["M","?","$","M","M","R","E","?","T","R","M","E","?","?","R","BOSS","M","?","M","$","M","R","E"],"items_purchased_type":["Card","Card","Card","Card","Relic"],"build_version":"2020-12-22","purchased_purges":0,"victory":false,"max_hp_per_floor":[71,76,76,76,76,76,76,76,76,76,76,76,76,76,76,76,76,76,76,76,76,76,76,76,76],"relic_stats":{"Centennial Puzzle":[21],"counters":[12,52],"Prayer Wheel":4,"obtain_stats":[{"Centennial Puzzle":9,"Velvet Choker":17,"Prayer Wheel":12,"Odd Mushroom":8,"Cracked Core":0,"Nuclear Battery":0,"Mercury Hourglass":7,"ClockworkSouvenir":21},{"Centennial Puzzle":5,"Velvet Choker":8,"Prayer Wheel":7,"Odd Mushroom":5,"Cracked Core":0,"Nuclear Battery":0,"Mercury Hourglass":4,"ClockworkSouvenir":10},{"Centennial Puzzle":21,"Velvet Choker":37,"Prayer Wheel":27,"Odd Mushroom":21,"Cracked Core":0,"Nuclear Battery":0,"Mercury Hourglass":18,"ClockworkSouvenir":45}],"Mercury Hourglass":[142]},"card_choices":[{"not_picked":["Barrage","Recycle"],"picked":"Cold Snap","floor":1.0},{"not_picked":["Hologram","Heatsinks"],"picked":"Go for the Eyes","floor":4.0},{"not_picked":["Leap","Hologram"],"picked":"Gash","floor":5.0},{"not_picked":["Auto Shields","Leap"],"picked":"Streamline","floor":7.0},{"not_picked":["Chill","Turbo"],"picked":"Compile Driver","floor":8.0},{"not_picked":["All For One","FTL"],"picked":"Barrage","floor":11.0},{"not_picked":["Creative AI","Ball Lightning"],"picked":"Redo","floor":12.0},{"not_picked":["Amplify","Creative AI"],"picked":"Machine Learning","floor":16.0},{"not_picked":["Beam Cell","Barrage+1"],"picked":"Sunder","floor":18.0},{"not_picked":["Cold Snap","Stack","Steam"],"picked":"SKIP","floor":18.0},{"not_picked":["Barrage","Streamline"],"picked":"Capacitor","floor":20},{"not_picked":["Rebound","Static Discharge"],"picked":"Chaos","floor":20},{"not_picked":["Coolheaded","Redo","Sweeping Beam"],"picked":"SKIP","floor":22},{"not_picked":["Beam Cell","Rebound","Steam"],"picked":"SKIP","floor":22}],"player_experience":507739,"relics_obtained":[{"floor":7.0,"key":"Mercury Hourglass"},{"floor":8.0,"key":"Odd Mushroom"},{"floor":9.0,"key":"Centennial Puzzle"},{"floor":12.0,"key":"Prayer Wheel"}],"event_choices":[{"damage_healed":0.0,"max_hp_gain":5.0,"max_hp_loss":0.0,"gold_gain":0.0,"event_name":"Big Fish","player_choice":"Donut","floor":2.0,"gold_loss":0.0,"damage_taken":0.0},{"damage_healed":0.0,"max_hp_gain":0.0,"max_hp_loss":0.0,"gold_gain":0.0,"event_name":"Mushrooms","player_choice":"Fought Mushrooms","floor":8.0,"gold_loss":0.0,"damage_taken":0.0},{"damage_healed":0.0,"max_hp_gain":0.0,"max_hp_loss":0.0,"gold_gain":75.0,"event_name":"World of Goop","player_choice":"Gather Gold","floor":13.0,"gold_loss":0.0,"damage_taken":11.0},{"damage_healed":0.0,"max_hp_gain":0.0,"max_hp_loss":0.0,"gold_gain":0.0,"event_name":"Scrap Ooze","player_choice":"Fled","floor":14.0,"gold_loss":0.0,"damage_taken":5.0},{"damage_healed":0.0,"max_hp_gain":0.0,"max_hp_loss":0.0,"gold_gain":0.0,"event_name":"The Mausoleum","player_choice":"Ignored","floor":19.0,"gold_loss":0.0,"damage_taken":0.0}],"is_beta":false,"boss_relics":[{"not_picked":["Empty Cage","SacredBark"],"picked":"Velvet Choker"}],"items_purged_floors":[],"is_endless":false,"potions_floor_spawned":[5,8,11,16,22],"killed_by":"Slavers","ascension_level":19}}