{"host":"vfh4a5lsno7fg1vy","time":1611140081,"event":{"mods":["BaseMod","Minty Spire (QoL Compilation)","StSLib","Synergy Search"],"gold_per_floor":[109,284,284,294,11,28,28,28,54,88,88,113,128,167,167,167,167],"floor_reached":16,"language":"KOR","playtime":601,"items_purged":[],"score":121,"play_id":"8b7a6320-4eca-4b3f-9a93-6647e5e0aeb6","local_time":"20210120195441","is_ascension_mode":true,"campfire_choices":[{"data":"Flex","floor":7.0,"key":"SMITH"},{"floor":11.0,"key":"REST"},{"floor":15.0,"key":"REST"}],"circlet_count":0,"master_deck":["Strike_R","Strike_R","Strike_R","Strike_R","Strike_R","Defend_R","Defend_R","Defend_R","Defend_R","Bash","Uppercut","Doubt","Flex+1","Havoc","Clothesline","Injury","Double Tap","Whirlwind","Disarm","Battle Trance"],"relics":["Burning Blood","NeowsBlessing","Oddly Smooth Stone","Ornamental Fan","Golden Idol","Toy Ornithopter","Ancient Tea Set","Boot"],"acts_visited":["Exordium"],"potions_floor_usage":[16],"damage_taken":[{"damage":0.0,"enemies":"Jaw Worm","floor":1.0,"turns":1.0},{"damage":0.0,"enemies":"Small Slimes","floor":4.0,"turns":1.0},{"damage":0.0,"enemies":"2 Louse","floor":6.0,"turns":1.0},{"damage":30.0,"enemies":"Lagavulin","floor":10.0,"turns":8.0},{"damage":10.0,"enemies":"Exordium Wildlife","floor":12.0,"turns":4.0},{"damage":13.0,"enemies":"Red Slaver","floor":13.0,"turns":5.0},{"damage":66.0,"enemies":"3 Sentries","floor":14.0,"turns":10.0},{"damage":38,"enemies":"Slime Boss","floor":16,"turns":6}],"seed_played":"-6129453647369914719","potions_obtained":[{"floor":10.0,"key":"ColorlessPotion"},{"floor":12.0,"key":"Energy Potion"}],"is_trial":false,"path_per_floor":["M","?","?","M","$","M","R","?","T","E","R","M","M","E","R","B"],"character_chosen":"IRONCLAD","items_purchased":["Ornamental Fan","Havoc"],"campfire_rested":2,"item_purchase_floors":[5,5],"current_hp_per_floor":[80,80,73,79,79,80,80,80,80,56,80,76,74,14,38,5,5],"gold":167,"neow_bonus":"THREE_ENEMY_KILL","is_daily":false,"chose_seed":false,"campfire_upgraded":1,"win_rate":0.0,"timestamp":1611140081,"path_taken":["M","?","?","M","$","M","R","?","T","E","R","M","M","E","R","BOSS"],"items_purchased_type":["Relic","Card"],"build_version":"2020-12-22","purchased_purges":0,"victory":false,"max_hp_per_floor":[80,80,80,80,80,80,80,80,80,80,80,80,80,80,80,80,80],"card_choices":[{"not_picked":["Cleave","Uppercut","Ghostly Armor"],"picked":"SKIP","floor":1.0},{"not_picked":["Cleave","Ghostly Armor"],"picked":"Uppercut","floor":1.0},{"not_picked":["Burning Pact","Pommel Strike"],"picked":"Flex","floor":4.0},{"not_picked":["Bloodletting","Shrug It Off"],"picked":"Clothesline","floor":6.0},{"not_picked":["Rampage","Whirlwind"],"picked":"Double Tap","floor":10.0},{"not_picked":["Iron Wave","Pummel"],"picked":"Whirlwind","floor":12.0},{"not_picked":["Cleave","Thunderclap"],"picked":"Disarm","floor":13.0},{"not_picked":["Double Tap","Iron Wave"],"picked":"Battle Trance","floor":14.0}],"player_experience":212547,"relics_obtained":[{"floor":9.0,"key":"Toy Ornithopter"},{"floor":10.0,"key":"Ancient Tea Set"},{"floor":14.0,"key":"Boot"}],"event_choices":[{"damage_healed":0.0,"max_hp_gain":0.0,"max_hp_loss":0.0,"gold_gain":175.0,"event_name":"Liars Game","player_choice":"AGREE","floor":2.0,"gold_loss":0.0,"damage_taken":0.0,"cards_obtained":["Doubt"]},{"damage_healed":0.0,"max_hp_gain":0.0,"max_hp_loss":0.0,"gold_gain":0.0,"event_name":"Scrap Ooze","player_choice":"Success","floor":3.0,"gold_loss":0.0,"damage_taken":7.0,"relics_obtained":["Oddly Smooth Stone"]},{"damage_healed":0.0,"max_hp_gain":0.0,"max_hp_loss":0.0,"gold_gain":0.0,"event_name":"Golden Idol","player_choice":"Take Wound","floor":8.0,"gold_loss":0.0,"damage_taken":0.0,"relics_obtained":["Golden Idol"],"cards_obtained":["Injury"]}],"is_beta":false,"boss_relics":[],"items_purged_floors":[],"is_endless":false,"potions_floor_spawned":[10,12],"killed_by":"Slime Boss","ascension_level":2}}