{"host":"88q0baq93r2cvn7j","time":1611154405,"event":{"mods":["AchievementEnabler","Act Like it!","BaseMod","GungeonMod","Minty Spire (QoL Compilation)","StSLib"],"gold_per_floor":[44,44,44,92,134,134,197,197,197,257,269,79,79,79,79,214,214,230,246,25,25,225,225,272,272,272,272,285,296,309,327,342,342,342,342,342],"floor_reached":35,"language":"ZHS","playtime":1606,"items_purged":["DemoMod:Strike_Huntress"],"score":430,"play_id":"2624f1a3-f48e-478a-a1f7-7741743f8390","local_time":"20210120225325","is_ascension_mode":true,"campfire_choices":[{"data":"DemoMod:Deposit","floor":6.0,"key":"SMITH"},{"data":"DemoMod:ProbeStrike","floor":13.0,"key":"SMITH"},{"floor":15.0,"key":"REST"},{"data":"DemoMod:Elimentaler","floor":23.0,"key":"SMITH"},{"data":"DemoMod:ProbeStrike","floor":25.0,"key":"SMITH"},{"data":"DemoMod:EasyReloadBullets","floor":27.0,"key":"SMITH"},{"floor":33.0,"key":"REST"}],"circlet_count":0,"master_deck":["DemoMod:Defend_Huntress","DemoMod:Defend_Huntress","DemoMod:Defend_Huntress","DemoMod:Roll","DemoMod:ManualReload","DemoMod:RustySidearm","DemoMod:CrossBow","DemoMod:Deposit+1","DemoMod:ProbeStrike+1","DemoMod:SpreadAmmo","DemoMod:DirectionalPad","DemoMod:DarkMarker","DemoMod:ProbeStrike+1","DemoMod:TeaPot","DemoMod:Eureka","DemoMod:EasyReloadBullets+1","DemoMod:MegaHand","DemoMod:Elimentaler+1","DemoMod:Slinger","DemoMod:ThirdPartyController","DemoMod:SAA","DemoMod:TeaPot+1","DemoMod:Ejector"],"relics":["DemoMod:Dog","Mummified Hand","DemoMod:OrangeGuonStone","Bag of Marbles","DemoMod:GundromedaStrain","DemoMod:Wolf","DemoMod:LamentConfigurum","DemoMod:ChaffGrenade","DemoMod:SilverBullets"],"acts_visited":["Exordium","TheCity","TheCity"],"potions_floor_usage":[34,34],"damage_taken":[{"damage":5.0,"enemies":"Small Slimes","floor":1.0,"turns":6.0},{"damage":0.0,"enemies":"2 Louse","floor":4.0,"turns":6.0},{"damage":21.0,"enemies":"Jaw Worm","floor":5.0,"turns":6.0},{"damage":22.0,"enemies":"Lagavulin","floor":7.0,"turns":7.0},{"damage":0.0,"enemies":"Gremlin Nob","floor":10.0,"turns":4.0},{"damage":1.0,"enemies":"Looter","floor":11.0,"turns":2.0},{"damage":0.0,"enemies":"Slime Boss","floor":16.0,"turns":1.0},{"damage":0.0,"enemies":"Chosen","floor":18.0,"turns":2.0},{"damage":0.0,"enemies":"3 Byrds","floor":19.0,"turns":2.0},{"damage":29.0,"enemies":"Snake Plant","floor":24.0,"turns":4.0},{"damage":0.0,"enemies":"DemoMod:2_Veteran_bullet_kins_and_red_shotgun_kin","floor":28.0,"turns":2.0},{"damage":0.0,"enemies":"DemoMod:4_Bullet_Kins","floor":29.0,"turns":3.0},{"damage":19.0,"enemies":"DemoMod:Red_and_blue_shotgun_kin_with_gunsinger","floor":30.0,"turns":2.0},{"damage":10.0,"enemies":"DemoMod:Veteran_shot_gun_kin_and_blue_shotgun_kin_with_gunsinger","floor":31.0,"turns":2.0},{"damage":14.0,"enemies":"DemoMod:2_Mousers","floor":32.0,"turns":3.0},{"damage":14,"enemies":"DemoMod:ResourcefulRat","floor":35,"turns":1}],"seed_played":"7361758072002430972","potions_obtained":[{"floor":7.0,"key":"SteroidPotion"},{"floor":11.0,"key":"DuplicationPotion"},{"floor":18.0,"key":"SteroidPotion"},{"floor":19.0,"key":"SpeedPotion"},{"floor":29.0,"key":"FearPotion"},{"floor":32.0,"key":"Strength Potion"}],"is_trial":false,"path_per_floor":["M","?","?","M","M","R","E","?","T","E","M","$","R","T","R","B",null,"M","M","$","?","?","R","M","R","T","R","M","M","M","M","M","R","B","B"],"character_chosen":"HUNTRESS","items_purchased":["DemoMod:GnawedKey","DemoMod:Elimentaler","DemoMod:LamentConfigurum"],"campfire_rested":2,"item_purchase_floors":[12,20,20],"current_hp_per_floor":[65,59,52,52,31,31,9,9,9,9,8,8,8,8,29,29,60,60,60,60,60,60,60,31,31,60,60,60,60,41,31,17,38,9,0,0],"gold":342,"neow_bonus":"RANDOM_COLORLESS_2","is_daily":false,"chose_seed":false,"campfire_upgraded":5,"win_rate":0.0,"timestamp":1611154405,"path_taken":["M","?","?","M","M","R","E","?","T","E","M","?","R","?","R","BOSS","M","M","$","?","?","R","?","R","T","R","M","M","M","M","M","R","BOSS","BOSS"],"items_purchased_type":["Relic","Card","Relic"],"build_version":"2020-12-22","purchased_purges":1,"victory":false,"max_hp_per_floor":[70,70,70,70,70,70,70,70,70,70,70,70,70,70,70,70,70,70,70,70,70,70,70,70,70,70,70,70,70,70,70,70,70,70,70,70],"card_choices":[{"not_picked":["Sadistic Nature","Panache"],"picked":"DemoMod:Deposit","floor":0.0},{"not_picked":["DemoMod:Replace","DemoMod:HardPowerCard"],"picked":"DemoMod:ProbeStrike","floor":1.0},{"not_picked":["DemoMod:DirectionalPad","DemoMod:TeaPot"],"picked":"DemoMod:GunstockTap","floor":4.0},{"not_picked":["DemoMod:TableSutra","DemoMod:GunstockTap"],"picked":"DemoMod:DirectionalPad","floor":5.0},{"not_picked":["DemoMod:TripleGun","DemoMod:Ejector"],"picked":"DemoMod:DarkMarker","floor":7.0},{"not_picked":["DemoMod:Rummage","DemoMod:ShadowBullets"],"picked":"DemoMod:TeaPot","floor":10.0},{"not_picked":["DemoMod:GunShield","DemoMod:Unmoved","DemoMod:MachoBrace"],"picked":"SKIP","floor":11.0},{"not_picked":["DemoMod:FullFirepower","DemoMod:BalloonGun"],"picked":"DemoMod:Eureka","floor":16.0},{"not_picked":["DemoMod:Polaris","DemoMod:JK47"],"picked":"DemoMod:EasyReloadBullets","floor":18.0},{"not_picked":["DemoMod:HungryBullets","DemoMod:DirectionalPad"],"picked":"DemoMod:MegaHand","floor":19.0},{"not_picked":["DemoMod:HardPowerCard","DemoMod:Replace","DemoMod:RadGun"],"picked":"SKIP","floor":24.0},{"not_picked":["DemoMod:DoubleSwitch","DemoMod:ProbeStrike","DemoMod:MachoBrace+1"],"picked":"SKIP","floor":28.0},{"not_picked":["DemoMod:HuntsMan+1","DemoMod:Unmoved"],"picked":"DemoMod:SAA","floor":29.0},{"not_picked":["DemoMod:Polaris","DemoMod:PracticeMakesPerfect"],"picked":"DemoMod:TeaPot+1","floor":30.0},{"not_picked":["DemoMod:DirectionalPad","DemoMod:Replace+1","DemoMod:TeaPot"],"picked":"SKIP","floor":31.0},{"not_picked":["DemoMod:SAA+1","DemoMod:RadGun"],"picked":"DemoMod:Ejector","floor":32.0}],"player_experience":345200,"relics_obtained":[{"floor":7.0,"key":"Mummified Hand"},{"floor":9.0,"key":"DemoMod:OrangeGuonStone"},{"floor":10.0,"key":"Bag of Marbles"},{"floor":14.0,"key":"DemoMod:GundromedaStrain"}],"event_choices":[{"cards_removed":["DemoMod:Strike_Huntress"],"damage_healed":0.0,"max_hp_gain":0.0,"max_hp_loss":0.0,"gold_gain":0.0,"event_name":"Golden Wing","player_choice":"Card Removal","floor":3.0,"gold_loss":0.0,"damage_taken":7.0},{"damage_healed":0.0,"max_hp_gain":0.0,"max_hp_loss":0.0,"gold_gain":0.0,"cards_transformed":["DemoMod:Strike_Huntress"],"event_name":"Living Wall","player_choice":"Change","floor":8.0,"gold_loss":0.0,"damage_taken":0.0,"cards_obtained":["DemoMod:ProbeStrike"]},{"damage_healed":0.0,"max_hp_gain":0.0,"max_hp_loss":0.0,"gold_gain":0.0,"cards_transformed":["DemoMod:Defend_Huntress","DemoMod:GunstockTap"],"event_name":"Drug Dealer","player_choice":"Became Test Subject","floor":21.0,"gold_loss":0.0,"damage_taken":0.0,"cards_obtained":["DemoMod:Slinger","DemoMod:ThirdPartyController"]},{"damage_healed":0.0,"max_hp_gain":0.0,"max_hp_loss":0.0,"gold_gain":200.0,"event_name":"Wheel of Change","player_choice":"Gold","floor":22.0,"gold_loss":0.0,"damage_taken":0.0}],"is_beta":false,"boss_relics":[{"not_picked":["Velvet Choker","Pandora\u0027s Box"],"picked":"DemoMod:Wolf"}],"items_purged_floors":[12],"is_endless":false,"potions_floor_spawned":[7,11,18,19,29,32],"killed_by":"DemoMod:ResourcefulRat","ascension_level":5}}