{"host":"1a3cjta80tad0aqj","time":1611155967,"event":{"mods":["2.2 Compatiblity","AchievementEnabler","BaseMod","Colored Map","DeckTracker","KOR Keyword Fix","Keyboard Shortcuts","Minty Spire (QoL Compilation)","Permanent Neow","Quick Restart","Random Character Button","StSLib","SuperFastMode","everything is the same but u backflip on backflip"],"gold_per_floor":[110,120,120,133,146,146,159,184,209,209,159,171,188,39,39,143,143,154,154,154,169,169,169,169,203,203,203,213,226,239,249,249,351,351,364,464,317,329,348,348,358,59,59,59,109,37,47,57,57,57],"floor_reached":51,"language":"KOR","playtime":2534,"items_purged":["Strike_B"],"score":840,"play_id":"8b97d577-0e8d-4663-8e89-4d3b66cea1dc","local_time":"20210121001927","is_ascension_mode":true,"campfire_choices":[{"data":"Zap","floor":6.0,"key":"SMITH"},{"data":"Beam Cell","floor":15.0,"key":"SMITH"},{"data":"Defragment","floor":23,"key":"SMITH"},{"data":"Auto Shields","floor":27,"key":"SMITH"},{"floor":32,"key":"REST"},{"data":"Consume","floor":40,"key":"SMITH"},{"floor":44,"key":"REST"},{"data":"Capacitor","floor":49,"key":"SMITH"}],"circlet_count":0,"master_deck":["Zap+1","Dualcast+1","Skim","Go for the Eyes","Melter","Beam Cell+1","Self Repair","Lockon","Chill","Compile Driver","Sweeping Beam","Ball Lightning","Hologram","Buffer","Doom and Gloom","Coolheaded","Auto Shields+1","Capacitor+1","Machine Learning","Defragment+1","Tempest","Genetic Algorithm+1","Leap+1","Stack","Turbo","Thunder Strike","CurseOfTheBell","Barrage","Consume+1","Coolheaded+1","Turbo+1","Seek","FTL","FTL","Stack","Double Energy+1"],"relics":["Cracked Core","Matryoshka","Potion Belt","Anchor","Strawberry","Pandora\u0027s Box","Emotion Chip","Art of War","Bottled Tornado","Calling Bell","Pen Nib","Symbiotic Virus","StoneCalendar","Bronze Scales","War Paint","Toy Ornithopter","Calipers"],"acts_visited":["Exordium","TheCity","TheBeyond"],"potions_floor_usage":[33,33,38,50,50,50],"damage_taken":[{"damage":7.0,"enemies":"Jaw Worm","floor":1.0,"turns":3.0},{"damage":4.0,"enemies":"Small Slimes","floor":2.0,"turns":3.0},{"damage":0.0,"enemies":"Cultist","floor":4.0,"turns":3.0},{"damage":4.0,"enemies":"2 Fungi Beasts","floor":5.0,"turns":2.0},{"damage":20.0,"enemies":"Gremlin Gang","floor":7.0,"turns":4.0},{"damage":17.0,"enemies":"3 Sentries","floor":8.0,"turns":4.0},{"damage":1.0,"enemies":"Looter","floor":12.0,"turns":2.0},{"damage":10.0,"enemies":"Lots of Slimes","floor":13.0,"turns":4.0},{"damage":22.0,"enemies":"Slime Boss","floor":16.0,"turns":8.0},{"damage":0.0,"enemies":"Chosen","floor":18.0,"turns":3.0},{"damage":0.0,"enemies":"3 Byrds","floor":21.0,"turns":5.0},{"damage":25,"enemies":"Book of Stabbing","floor":25,"turns":6},{"damage":7,"enemies":"Snecko","floor":28,"turns":4},{"damage":25,"enemies":"Snake Plant","floor":29,"turns":3},{"damage":18,"enemies":"Shelled Parasite and Fungi","floor":30,"turns":5},{"damage":25,"enemies":"Centurion and Healer","floor":31,"turns":5},{"damage":0,"enemies":"Champ","floor":33,"turns":9},{"damage":0,"enemies":"Orb Walker","floor":35,"turns":3},{"damage":18,"enemies":"3 Darklings","floor":38,"turns":3},{"damage":23,"enemies":"Jaw Worm Horde","floor":39,"turns":4},{"damage":22,"enemies":"Spire Growth","floor":41,"turns":5},{"damage":0,"enemies":"Mind Bloom Boss Battle","floor":45,"turns":3},{"damage":0,"enemies":"Sphere and 2 Shapes","floor":47,"turns":6},{"damage":0,"enemies":"3 Darklings","floor":48,"turns":5},{"damage":44,"enemies":"Time Eater","floor":50,"turns":7}],"seed_played":"5077026770958882818","potions_obtained":[{"floor":2.0,"key":"DistilledChaos"},{"floor":5.0,"key":"AttackPotion"},{"floor":7.0,"key":"SpeedPotion"},{"floor":12.0,"key":"PowerPotion"},{"floor":21.0,"key":"FearPotion"},{"floor":30,"key":"PowerPotion"},{"floor":31,"key":"Ancient Potion"},{"floor":33,"key":"DuplicationPotion"},{"floor":35,"key":"PowerPotion"},{"floor":38,"key":"EssenceOfDarkness"},{"floor":48,"key":"Swift Potion"}],"is_trial":false,"path_per_floor":["M","M","?","M","M","R","M","E","T","?","?","M","M","$","R","B",null,"M","?","?","M","?","R","?","E","T","R","M","M","M","M","R","B",null,"M","?","$","M","M","R","M","$","T","R","?","$","M","M","R","B",null],"character_chosen":"DEFECT","items_purchased":["Ball Lightning","Hologram","Bronze Scales","Seek","War Paint","FTL"],"campfire_rested":2,"item_purchase_floors":[14,14,37,42,42,46],"current_hp_per_floor":[68,64,64,64,60,60,47,30,30,30,30,36,33,33,33,11,82,82,82,82,82,82,82,74,56,56,56,56,38,27,9,33,40,82,82,82,82,64,48,48,33,33,33,57,57,57,64,64,64,35],"gold":57,"neow_bonus":"TRANSFORM_CARD","is_daily":false,"chose_seed":false,"campfire_upgraded":6,"win_rate":0.0,"timestamp":1611155967,"path_taken":["M","M","?","M","M","R","M","E","T","?","?","?","M","$","R","BOSS","M","?","?","?","?","R","?","E","T","R","M","?","M","?","R","BOSS","M","?","$","?","M","R","M","$","T","R","?","?","M","?","R","BOSS"],"items_purchased_type":["Card","Card","Relic","Card","Relic","Card"],"build_version":"2020-12-22","purchased_purges":1,"victory":true,"max_hp_per_floor":[75,75,75,75,75,75,75,75,75,82,82,82,82,82,82,82,82,82,82,82,82,82,82,82,82,82,82,82,82,82,82,82,82,82,82,82,82,82,82,82,82,82,82,82,82,82,82,82,82,82],"card_choices":[{"not_picked":["Stack","Scrape"],"picked":"Go for the Eyes","floor":1.0},{"not_picked":["Aggregate","Beam Cell"],"picked":"Melter","floor":2.0},{"not_picked":["Steam","Recycle"],"picked":"Beam Cell","floor":4.0},{"not_picked":["Stack","Sweeping Beam"],"picked":"Self Repair","floor":5.0},{"not_picked":["Static Discharge","Stack"],"picked":"Lockon","floor":7.0},{"not_picked":["Beam Cell","Compile Driver"],"picked":"Chill","floor":8.0},{"not_picked":["Beam Cell","Meteor Strike"],"picked":"Compile Driver","floor":12.0},{"not_picked":["Beam Cell","Hologram"],"picked":"Sweeping Beam","floor":13.0},{"not_picked":["Hyperbeam","All For One"],"picked":"Buffer","floor":16.0},{"not_picked":["Go for the Eyes","Auto Shields"],"picked":"Capacitor","floor":18.0},{"not_picked":["Coolheaded","Rip and Tear"],"picked":"Defragment","floor":21.0},{"not_picked":["Compile Driver+1","Hologram"],"picked":"Tempest","floor":25},{"not_picked":["Redo+1","Hologram"],"picked":"Genetic Algorithm","floor":28},{"not_picked":["Turbo","Loop"],"picked":"Leap+1","floor":29},{"not_picked":["Rainbow","Steam"],"picked":"Stack","floor":30},{"not_picked":["Leap","Steam"],"picked":"Turbo","floor":31},{"not_picked":["Machine Learning","Buffer"],"picked":"Thunder Strike","floor":33},{"not_picked":["Blizzard","Rebound+1"],"picked":"Barrage","floor":35},{"not_picked":["Rebound","Cold Snap"],"picked":"Consume","floor":38},{"not_picked":["Fusion","Beam Cell"],"picked":"Coolheaded","floor":39},{"not_picked":["Leap","Ball Lightning"],"picked":"Turbo+1","floor":41},{"not_picked":["Rip and Tear+1","Streamline"],"picked":"FTL","floor":45},{"not_picked":["Chaos","Beam Cell+1"],"picked":"Stack","floor":47},{"not_picked":["Electrodynamics","Streamline+1"],"picked":"Double Energy+1","floor":48}],"player_experience":815645,"relics_obtained":[{"floor":8.0,"key":"Matryoshka"},{"floor":9.0,"key":"Potion Belt"},{"floor":9.0,"key":"Anchor"},{"floor":25,"key":"Emotion Chip"},{"floor":26,"key":"Art of War"},{"floor":26,"key":"Bottled Tornado"},{"floor":34,"key":"Pen Nib"},{"floor":34,"key":"Symbiotic Virus"},{"floor":34,"key":"StoneCalendar"},{"floor":43,"key":"Toy Ornithopter"},{"floor":45,"key":"Calipers"}],"event_choices":[{"damage_healed":0.0,"max_hp_gain":0.0,"max_hp_loss":0.0,"gold_gain":0.0,"event_name":"Living Wall","player_choice":"Grow","floor":3.0,"gold_loss":0.0,"damage_taken":0.0,"cards_upgraded":["Dualcast"]},{"damage_healed":0.0,"max_hp_gain":0.0,"max_hp_loss":0.0,"gold_gain":0.0,"event_name":"Scrap Ooze","player_choice":"Success","floor":10.0,"gold_loss":0.0,"damage_taken":7.0,"relics_obtained":["Strawberry"]},{"cards_removed":["Strike_B"],"damage_healed":0.0,"max_hp_gain":0.0,"max_hp_loss":0.0,"gold_gain":0.0,"event_name":"The Cleric","player_choice":"Card Removal","floor":11.0,"gold_loss":50.0,"damage_taken":0.0},{"damage_healed":0.0,"max_hp_gain":0.0,"max_hp_loss":0.0,"gold_gain":0.0,"cards_transformed":["Coolheaded","Thunder Strike"],"event_name":"Drug Dealer","player_choice":"Became Test Subject","floor":19.0,"gold_loss":0.0,"damage_taken":0.0,"cards_obtained":["Machine Learning","Melter"]},{"cards_removed":["Melter"],"damage_healed":0.0,"max_hp_gain":0.0,"max_hp_loss":0.0,"gold_gain":0.0,"event_name":"Purifier","player_choice":"Purged","floor":20.0,"gold_loss":0.0,"damage_taken":0.0},{"damage_healed":0,"gold_gain":0,"player_choice":"Ignored","damage_taken":0,"max_hp_gain":0,"max_hp_loss":0,"event_name":"Beggar","floor":22,"gold_loss":0},{"damage_healed":0,"gold_gain":0,"player_choice":"Damaged","damage_taken":8,"max_hp_gain":0,"max_hp_loss":0,"event_name":"Wheel of Change","floor":24,"gold_loss":0},{"damage_healed":0,"gold_gain":100,"player_choice":"Pray","damage_taken":0,"max_hp_gain":0,"max_hp_loss":0,"event_name":"Golden Shrine","floor":36,"gold_loss":0},{"damage_healed":0,"gold_gain":0,"player_choice":"Fight","damage_taken":0,"max_hp_gain":0,"max_hp_loss":0,"event_name":"MindBloom","floor":45,"gold_loss":0}],"is_beta":false,"boss_relics":[{"not_picked":["Runic Pyramid","Coffee Dripper"],"picked":"Pandora\u0027s Box"},{"not_picked":["Runic Dome","Velvet Choker"],"picked":"Calling Bell"}],"items_purged_floors":[14],"is_endless":false,"potions_floor_spawned":[2,5,7,12,21,30,31,33,35,38,41,48],"ascension_level":2}}