{"host":"1ewlj51w384ajcbv","time":1611124540,"event":{"mods":["BaseMod","Better Third Choice","Downfall","Minty Spire (QoL Compilation)","StSLib"],"gold_per_floor":[110,59,59,76,96,130,55,70,70,89,164,164,0,0,0,129,129,149,149,168,45,60,60,60,33,33,54,73,73,73,91,91,214,214,230,230,250,250,268,268,268],"floor_reached":40,"language":"ENG","playtime":5979,"items_purged":["Pain","Injury"],"score":463,"play_id":"c0817e4c-eff1-4599-9f1d-87c099fd7a83","local_time":"20210119223539","is_ascension_mode":false,"campfire_choices":[{"floor":15,"key":"REST"},{"floor":23,"key":"REST"},{"floor":30,"key":"REST"},{"data":"Adrenaline","floor":32,"key":"SMITH"}],"circlet_count":0,"master_deck":["Strike_G","Strike_G","Strike_G","Strike_G","Strike_G","Defend_G","Defend_G","Defend_G","Defend_G","Defend_G","Survivor","Neutralize","Dodge and Roll","Poisoned Stab+1","Deadly Poison","PiercingWail","Catalyst","Poisoned Stab+1","Adrenaline+1","Flying Knee+1","Flying Knee+1","Bane+1","Catalyst+1","Poisoned Stab+1","Poisoned Stab+1","Deadly Poison","Secret Weapon","Quick Slash+1","Slice+1","Burst","Poisoned Stab+1","Slice+1","Swift Strike+1","Discovery","Dagger Spray+1"],"relics":["Ring of the Snake","NeowsBlessing","WarpedTongs","Peace Pipe","Molten Egg 2","Golden Idol","Runic Pyramid","Ninja Scroll","Sozu"],"acts_visited":["Exordium","TheCity","TheBeyond"],"potions_floor_usage":[16,16,16,28,33,35,39],"damage_taken":[{"damage":0,"enemies":"2 Louse","floor":1,"turns":1},{"damage":0,"enemies":"Cultist","floor":4,"turns":1},{"damage":1,"enemies":"Jaw Worm","floor":5,"turns":1},{"damage":16,"enemies":"Lagavulin","floor":6,"turns":7},{"damage":6,"enemies":"Blue Slaver","floor":8,"turns":4},{"damage":11,"enemies":"Large Slime","floor":10,"turns":5},{"damage":30,"enemies":"Hexaghost","floor":16,"turns":7},{"damage":6,"enemies":"Shell Parasite","floor":18,"turns":6},{"damage":2,"enemies":"Chosen","floor":20,"turns":4},{"damage":0,"enemies":"Centurion and Healer","floor":22,"turns":6},{"damage":0,"enemies":"Snake Plant","floor":27,"turns":2},{"damage":27,"enemies":"Shelled Parasite and Fungi","floor":28,"turns":4},{"damage":0,"enemies":"Centurion and Healer","floor":31,"turns":3},{"damage":48,"enemies":"Collector","floor":33,"turns":6},{"damage":7,"enemies":"3 Darklings","floor":35,"turns":4},{"damage":22,"enemies":"3 Shapes","floor":37,"turns":3},{"damage":4,"enemies":"Spire Growth","floor":39,"turns":2},{"damage":57,"enemies":"Reptomancer","floor":40,"turns":2}],"seed_played":"-6968937253369570467","potions_obtained":[{"floor":1,"key":"BlessingOfTheForge"},{"floor":6,"key":"EntropicBrew"},{"floor":8,"key":"hexamod:SoulburnPotion"},{"floor":31,"key":"GhostInAJar"}],"is_trial":false,"path_per_floor":["M","$","?","M","M","E","$","M","T","M","?","?","?","$","R","B",null,"M","?","M","$","M","R","?","$","T","M","M","?","R","M","R","B",null,"M","?","M","?","M","E"],"character_chosen":"THE_SILENT","items_purchased":["Poisoned Stab","Bane+1","Poisoned Stab+1"],"campfire_rested":3,"item_purchase_floors":[2,21,25],"current_hp_per_floor":[70,70,70,70,69,53,53,47,47,36,25,25,31,31,53,23,76,70,70,68,68,68,76,76,76,76,76,49,49,71,71,71,23,76,69,69,47,42,38,0,0],"gold":268,"neow_bonus":"THREE_ENEMY_KILL","is_daily":false,"chose_seed":false,"campfire_upgraded":1,"win_rate":0.0,"timestamp":1611124539,"path_taken":["M","$","?","M","M","E","$","M","T","?","?","?","?","$","R","BOSS","M","?","?","$","M","R","?","?","T","M","?","?","R","M","R","BOSS","M","?","M","?","M","E"],"items_purchased_type":["Card","Card","Card"],"build_version":"2020-12-22","purchased_purges":2,"victory":false,"max_hp_per_floor":[70,70,70,70,70,70,70,70,70,70,70,70,76,76,76,76,76,76,76,76,76,76,76,76,76,76,76,76,76,76,76,76,76,76,76,76,76,76,76,76,76],"card_choices":[{"not_picked":["Flying Knee","Tactician"],"picked":"Dodge and Roll","floor":1},{"not_picked":["PiercingWail","Dodge and Roll"],"picked":"Deadly Poison","floor":4},{"not_picked":["Riddle With Holes","Catalyst"],"picked":"PiercingWail","floor":5},{"not_picked":["Heel Hook","Crippling Poison"],"picked":"Predator","floor":6},{"not_picked":["Endless Agony","Expertise"],"picked":"Catalyst","floor":8},{"not_picked":["Dagger Spray+1","Flechettes+1"],"picked":"Poisoned Stab+1","floor":10},{"not_picked":["Phantasmal Killer","Storm of Steel"],"picked":"Adrenaline","floor":16},{"not_picked":["Deflect","Dagger Spray+1"],"picked":"Flying Knee+1","floor":18},{"not_picked":["Acrobatics","Skewer+1"],"picked":"Flying Knee+1","floor":20},{"not_picked":["Terror+1","Finisher+1"],"picked":"Catalyst+1","floor":22},{"not_picked":["Acrobatics+1","Prepared"],"picked":"Deadly Poison","floor":27},{"not_picked":["Bouncing Flask+1","Blade Dance"],"picked":"Infinite Blades","floor":28},{"not_picked":["Blade Dance","Terror"],"picked":"Slice+1","floor":31},{"not_picked":["Night Terror","Venomology"],"picked":"Burst","floor":33},{"not_picked":["Dagger Throw+1","Slice+1"],"picked":"Poisoned Stab+1","floor":35},{"not_picked":["Acrobatics","Expertise"],"picked":"Slice+1","floor":37},{"not_picked":["Impatience","Forethought"],"picked":"Swift Strike+1","floor":38},{"not_picked":["Swift Strike+1","PanicButton"],"picked":"Discovery","floor":38},{"not_picked":["Heel Hook+1","All Out Attack+1"],"picked":"Dagger Spray+1","floor":39}],"player_experience":117838,"relics_obtained":[{"floor":6,"key":"Peace Pipe"},{"floor":9,"key":"Molten Egg 2"},{"floor":26,"key":"Ninja Scroll"}],"event_choices":[{"damage_healed":0,"gold_gain":0,"player_choice":"Rummage","damage_taken":0,"relics_obtained":["WarpedTongs"],"max_hp_gain":0,"max_hp_loss":0,"event_name":"Accursed Blacksmith","floor":3,"gold_loss":0,"cards_obtained":["Pain"]},{"damage_healed":0,"gold_gain":75,"player_choice":"Gold","damage_taken":11,"max_hp_gain":0,"max_hp_loss":0,"event_name":"betterThird:BetterGoop","floor":11,"gold_loss":0},{"damage_healed":0,"gold_gain":0,"player_choice":"Take Wound","damage_taken":0,"relics_obtained":["Golden Idol"],"max_hp_gain":0,"max_hp_loss":0,"event_name":"Golden Idol","floor":12,"gold_loss":0,"cards_obtained":["Injury"]},{"damage_healed":0,"gold_gain":0,"player_choice":"RENOUNCE","damage_taken":164,"max_hp_gain":0,"max_hp_loss":0,"event_name":"betterThird:BetterSerpent","floor":13,"gold_loss":164,"cards_obtained":["Enlightenment"]},{"damage_healed":0,"gold_gain":0,"player_choice":"Upgraded","damage_taken":0,"max_hp_gain":0,"max_hp_loss":0,"event_name":"Upgrade Shrine","floor":19,"gold_loss":0,"cards_upgraded":["Poisoned Stab"]},{"damage_healed":0,"gold_gain":0,"player_choice":"Copied","damage_taken":0,"max_hp_gain":0,"max_hp_loss":0,"event_name":"Duplicator","floor":24,"gold_loss":0,"cards_obtained":["Poisoned Stab"]},{"damage_healed":0,"gold_gain":0,"cards_transformed":["Enlightenment","Predator"],"player_choice":"Became Test Subject","damage_taken":0,"max_hp_gain":0,"max_hp_loss":0,"event_name":"Drug Dealer","floor":29,"gold_loss":0,"cards_obtained":["Secret Weapon","Quick Slash"]},{"cards_removed":["Infinite Blades"],"damage_healed":0,"gold_gain":0,"player_choice":"Removed Power","damage_taken":0,"max_hp_gain":0,"max_hp_loss":0,"event_name":"Falling","floor":36,"gold_loss":0},{"damage_healed":0,"gold_gain":0,"player_choice":"Memory 2","damage_taken":5,"max_hp_gain":0,"max_hp_loss":0,"event_name":"SensoryStone","floor":38,"gold_loss":0}],"is_beta":false,"boss_relics":[{"not_picked":["Runic Dome","Busted Crown"],"picked":"Runic Pyramid"},{"not_picked":["Ring of the Serpent","bronze:MakeshiftBattery"],"picked":"Sozu"}],"items_purged_floors":[7,21],"is_endless":false,"potions_floor_spawned":[1,6,8,16,18,31,39],"killed_by":"Reptomancer","ascension_level":0}}