{"host":"yd6hhqps9de4qmof","time":1611155238,"event":{"mods":["BaseMod","Downfall","Hermit","Highlight Path","Jorbs\u0027s Wanderer Trilogy","Minty Spire (QoL Compilation)","Relic Stats","Shade Mod","StSLib","The Cursed","The Servant 0.9.4"],"gold_per_floor":[99,109,119,119,32,47,47,67,84,20,36,49,49,34,49,144,144,44,61,61,73,92,117,117,136,136,136,150,250,250,250,267,368,368,368,388,388,401,414,414,414,430,448,459,459,498,298,327,355,355,355,355],"floor_reached":50,"language":"ENG","playtime":2661,"items_purged":[],"score":544,"play_id":"dbbeb3af-516d-4f8a-942f-92ec669fe8ae","local_time":"20210120160718","is_ascension_mode":true,"campfire_choices":[{"floor":1,"key":"RECALL"},{"data":"bronze:Mutator","floor":13,"key":"SMITH"},{"data":"bronze:BurnOut","floor":18,"key":"SMITH"},{"floor":30,"key":"REST"},{"data":"bronze:DonuBeam","floor":35,"key":"SMITH"},{"floor":47,"key":"REST"}],"circlet_count":0,"master_deck":["bronze:Strike","bronze:Strike","bronze:Defend","bronze:Defend","bronze:Defend","bronze:Replicate+1","bronze:Goto+1","bronze:Overload","bronze:Branch","bronze:Mutator+1","bronze:Repair","bronze:BuggyMess","bronze:Iterate","bronze:Assembly","bronze:ChosenStrike","bronze:Constructor","bronze:WildBeam","bronze:ForceShield","bronze:BurnOut+1","CurseOfTheBell","bronze:Deprecate+1","bronze:Boost","bronze:ChildClass","bronze:Flail+1","bronze:DonuBeam+1","bronze:DecaBeam","bronze:DarkDash+1","bronze:SpaghettiCode","bronze:Separator+1","bronze:FineTuning+1","bronze:DelayedSlice+1","bronze:ShipIt","bronze:Frontload+1","bronze:Constructor+1","bronze:Shell"],"relics":["bronze:BronzeCore","Potion Belt","Ornamental Fan","Calling Bell","Omamori","Blue Candle","Dead Branch","downfall:HeartBlessingRed","Smiling Mask","Sundial","sneckomod:BabySnecko","hexamod:CandleOfCauterizing","bronze:MakeshiftBattery","CeramicFish","downfall:HeartBlessingGreen","downfall:HeartBlessingBlue"],"acts_visited":["Exordium","TheCity","TheBeyond"],"potions_floor_usage":[16,16,23,29,29,46,46,50,50,50,50],"damage_taken":[{"damage":0,"enemies":"Small Slimes","floor":2,"turns":3},{"damage":1,"enemies":"Cultist","floor":3,"turns":3},{"damage":0,"enemies":"downfall:FleeingMerchant","floor":5,"turns":4},{"damage":4,"enemies":"Jaw Worm","floor":6,"turns":7},{"damage":0,"enemies":"Red Slaver","floor":8,"turns":5},{"damage":11,"enemies":"3 Louse","floor":9,"turns":3},{"damage":0,"enemies":"downfall:FleeingMerchant","floor":10,"turns":4},{"damage":3,"enemies":"Lots of Slimes","floor":11,"turns":5},{"damage":2,"enemies":"3 Louse","floor":12,"turns":5},{"damage":3,"enemies":"downfall:FleeingMerchant","floor":14,"turns":4},{"damage":4,"enemies":"Large Slime","floor":15,"turns":4},{"damage":1,"enemies":"SI_SHIV_ARCHETYPE","floor":16,"turns":6},{"damage":3,"enemies":"Shell Parasite","floor":19,"turns":5},{"damage":21,"enemies":"Spheric Guardian","floor":21,"turns":4},{"damage":6,"enemies":"Snecko","floor":22,"turns":4},{"damage":17,"enemies":"Slavers","floor":23,"turns":8},{"damage":11,"enemies":"Snake Plant","floor":25,"turns":5},{"damage":5,"enemies":"Chosen and Byrds","floor":28,"turns":5},{"damage":10,"enemies":"Chosen and Byrds","floor":29,"turns":6},{"damage":0,"enemies":"Snecko","floor":32,"turns":4},{"damage":25,"enemies":"DF_ARCHETYPE_CLAW","floor":33,"turns":8},{"damage":0,"enemies":"3 Shapes","floor":36,"turns":5},{"damage":0,"enemies":"Orb Walker","floor":38,"turns":2},{"damage":14,"enemies":"Sphere and 2 Shapes","floor":39,"turns":4},{"damage":24,"enemies":"Transient","floor":42,"turns":5},{"damage":18,"enemies":"Spire Growth","floor":43,"turns":3},{"damage":0,"enemies":"3 Darklings","floor":44,"turns":5},{"damage":32,"enemies":"Nemesis","floor":46,"turns":7},{"damage":5,"enemies":"Transient","floor":48,"turns":5},{"damage":17,"enemies":"Writhing Mass","floor":49,"turns":5},{"damage":121,"enemies":"IC_BLOCK_ARCHETYPE","floor":50,"turns":4}],"seed_played":"-8039923815003926715","potions_obtained":[{"floor":3,"key":"BlessingOfTheForge"},{"floor":6,"key":"LiquidBronze"},{"floor":9,"key":"Strength Potion"},{"floor":12,"key":"Swift Potion"},{"floor":15,"key":"bronze:BurnAndBuffPotion"},{"floor":21,"key":"Block Potion"},{"floor":23,"key":"GamblersBrew"},{"floor":25,"key":"LiquidMemories"},{"floor":28,"key":"Strength Potion"},{"floor":38,"key":"bronze:FreeFunctionsPotion"},{"floor":43,"key":"Dexterity Potion"},{"floor":48,"key":"champ:CounterPotion"},{"floor":49,"key":"SkillPotion"}],"is_trial":false,"path_per_floor":["R","M","M","?","$","M","T","M","M","$","M","M","R","$","M","B",null,"R","M","?","M","M","E","T","M","?","?","M","?","R","T","M","B",null,"R","M","?","M","M","?","T","M","M","M","?","E","R","M","M","B"],"character_chosen":"THE_AUTOMATON","items_purchased":["bronze:Repair","bronze:OilSpill"],"campfire_rested":2,"item_purchase_floors":[5,10],"current_hp_per_floor":[70,70,69,69,69,70,70,70,59,66,67,70,70,67,70,69,70,70,70,70,49,43,33,33,29,29,29,31,28,49,49,56,38,70,70,70,70,70,63,63,63,46,35,42,42,17,51,46,37,0,0,0],"gold":355,"neow_bonus":"RANDOM_COMMON_RELIC","is_daily":false,"chose_seed":false,"campfire_upgraded":3,"win_rate":0.0,"timestamp":1611155238,"path_taken":["R","M","M","?","?","?","T","M","M","$","M","M","R","?","M","BOSS","R","M","?","?","M","E","T","M","?","?","M","?","R","?","M","BOSS","R","M","?","M","M","?","T","M","M","M","?","E","R","M","M","BOSS"],"items_purchased_type":["Card","Card"],"build_version":"2020-12-22","purchased_purges":0,"victory":false,"max_hp_per_floor":[70,70,70,70,70,70,70,70,70,70,70,70,70,70,70,70,70,70,70,70,70,70,70,70,70,70,70,70,70,70,70,70,70,70,70,70,70,70,70,70,70,70,70,70,70,70,80,80,80,80,80,80],"relic_stats":{"counters":[31,147],"Ornamental Fan":[204],"Sundial":[2],"Blue Candle":[0],"Dead Branch":[92],"CeramicFish":27,"Smiling Mask":0,"obtain_stats":[{"Potion Belt":0,"hexamod:CandleOfCauterizing":31,"bronze:BronzeCore":0,"downfall:HeartBlessingRed":18,"Blue Candle":17,"Dead Branch":17,"CeramicFish":46,"downfall:HeartBlessingGreen":47,"Omamori":17,"Smiling Mask":23,"Calling Bell":17,"sneckomod:BabySnecko":27,"Ornamental Fan":7,"Sundial":24,"downfall:HeartBlessingBlue":47,"bronze:MakeshiftBattery":34},{"Potion Belt":0,"hexamod:CandleOfCauterizing":19,"bronze:BronzeCore":0,"downfall:HeartBlessingRed":12,"Blue Candle":12,"Dead Branch":12,"CeramicFish":28,"downfall:HeartBlessingGreen":28,"Omamori":12,"Smiling Mask":16,"Calling Bell":12,"sneckomod:BabySnecko":17,"Ornamental Fan":4,"Sundial":16,"downfall:HeartBlessingBlue":28,"bronze:MakeshiftBattery":21},{"Potion Belt":0,"hexamod:CandleOfCauterizing":90,"bronze:BronzeCore":0,"downfall:HeartBlessingRed":53,"Blue Candle":53,"Dead Branch":53,"CeramicFish":133,"downfall:HeartBlessingGreen":133,"Omamori":53,"Smiling Mask":74,"Calling Bell":53,"sneckomod:BabySnecko":79,"Ornamental Fan":17,"Sundial":74,"downfall:HeartBlessingBlue":133,"bronze:MakeshiftBattery":102}]},"card_choices":[{"not_picked":["bronze:Constructor","bronze:Overheat"],"picked":"bronze:Overload","floor":2},{"not_picked":["bronze:Backtrace","bronze:Iterate"],"picked":"bronze:Branch","floor":3},{"not_picked":["bronze:BugBarrage","bronze:WildBeam"],"picked":"bronze:Mutator","floor":5},{"not_picked":["bronze:ForceShield","bronze:Turbo"],"picked":"bronze:BuggyMess","floor":6},{"not_picked":["bronze:OilSpill","bronze:Frontload"],"picked":"bronze:Iterate","floor":8},{"not_picked":["bronze:Separator","bronze:BronzeArmor"],"picked":"bronze:Assembly","floor":9},{"not_picked":["bronze:DelayedGuard","bronze:Fortify"],"picked":"bronze:ChosenStrike","floor":10},{"not_picked":["bronze:ItsAFeature","bronze:OilSpill"],"picked":"bronze:Constructor","floor":11},{"not_picked":["bronze:BugBarrage","bronze:Overheat","bronze:CloningBeam"],"picked":"SKIP","floor":12},{"not_picked":["bronze:Overload","bronze:DelayedGuard"],"picked":"bronze:WildBeam","floor":14},{"not_picked":["bronze:Frontload","bronze:DarkDash"],"picked":"bronze:ForceShield","floor":15},{"not_picked":["bronze:FindAndReplace","bronze:CleanCode"],"picked":"bronze:BurnOut","floor":16},{"not_picked":["bronze:Iterate","bronze:Overload","bronze:OilSpill"],"picked":"SKIP","floor":19},{"not_picked":["bronze:ChildClass+1","bronze:Constructor"],"picked":"bronze:Deprecate+1","floor":21},{"not_picked":["bronze:Deprecate","bronze:Backtrace"],"picked":"bronze:Boost","floor":22},{"not_picked":["bronze:Boost","bronze:Turbo","bronze:ForceShield"],"picked":"SKIP","floor":23},{"not_picked":["bronze:Invalidate","bronze:FineTuning"],"picked":"bronze:ChildClass","floor":25},{"not_picked":["bronze:Overheat","bronze:Constructor"],"picked":"bronze:Flail+1","floor":28},{"not_picked":[],"picked":"bronze:DonuBeam","floor":29},{"not_picked":[],"picked":"bronze:DecaBeam","floor":29},{"not_picked":["bronze:Backtrace+1","bronze:Overheat"],"picked":"bronze:DarkDash+1","floor":29},{"not_picked":["bronze:ForLoop+1","bronze:Fortify","bronze:ForceShield"],"picked":"SKIP","floor":32},{"not_picked":["bronze:BurnOut","bronze:HyperBeam"],"picked":"bronze:SpaghettiCode","floor":33},{"not_picked":["bronze:MaxOutput+1","bronze:Iterate"],"picked":"bronze:Separator+1","floor":36},{"not_picked":["bronze:ForceShield","bronze:Deprecate","bronze:BugBarrage"],"picked":"SKIP","floor":38},{"not_picked":["bronze:DelayedGuard","bronze:Allocate","bronze:WildBeam"],"picked":"SKIP","floor":39},{"not_picked":["bronze:DelayedGuard","bronze:OilSpill"],"picked":"bronze:FineTuning+1","floor":42},{"not_picked":["bronze:Repulsor","bronze:Branch+1"],"picked":"bronze:DelayedSlice+1","floor":43},{"not_picked":["bronze:Fortify","bronze:DelayedGuard+1"],"picked":"bronze:ShipIt","floor":44},{"not_picked":["bronze:Shield","bronze:HardenedForm"],"picked":"bronze:Frontload+1","floor":46},{"not_picked":["bronze:DelayedGuard","bronze:Terminator+1"],"picked":"bronze:Constructor+1","floor":48},{"not_picked":["bronze:CutThrough+1","bronze:Constructor+1"],"picked":"bronze:Shell","floor":49}],"player_experience":1151948,"relics_obtained":[{"floor":7,"key":"Ornamental Fan"},{"floor":17,"key":"Omamori"},{"floor":17,"key":"Blue Candle"},{"floor":17,"key":"Dead Branch"},{"floor":23,"key":"Smiling Mask"},{"floor":24,"key":"Sundial"},{"floor":31,"key":"hexamod:CandleOfCauterizing"},{"floor":46,"key":"CeramicFish"}],"event_choices":[{"damage_healed":0,"gold_gain":0,"player_choice":"Ignored","damage_taken":0,"max_hp_gain":0,"max_hp_loss":0,"event_name":"Ghosts","floor":26,"gold_loss":0},{"cards_removed":["bronze:OilSpill"],"damage_healed":0,"gold_gain":0,"player_choice":"Removed Attack","damage_taken":0,"max_hp_gain":0,"max_hp_loss":0,"event_name":"Falling","floor":37,"gold_loss":0},{"damage_healed":0,"gold_gain":0,"player_choice":"Got Potions","damage_taken":0,"max_hp_gain":0,"max_hp_loss":0,"event_name":"Lab","floor":45,"gold_loss":0}],"is_beta":false,"boss_relics":[{"not_picked":["Runic Pyramid","Sozu"],"picked":"Calling Bell"},{"not_picked":["Astrolabe","Cursed Key"],"picked":"bronze:MakeshiftBattery"}],"items_purged_floors":[],"is_endless":false,"potions_floor_spawned":[3,6,9,12,15,21,23,25,28,38,43,48,49],"killed_by":"IC_BLOCK_ARCHETYPE","ascension_level":1}}