{"host":"sc0o2qwpf9j16a4i","time":1611171259,"event":{"mods":["AchievementEnabler","BaseMod","BetterRewards","Block Reminder","Colored Map","Colored Powertips","Custom Start","Highlight Path","Minty Spire (QoL Compilation)","Relic Stats"],"gold_per_floor":[118,137,137,151,151,179,179,204,204,229,194,194,208,227,227,301,301,312,227,227,58,77,77,105,105,128,128,146,172,182,212,212,289,289,324,365,365,400,400,458,458,496,496,540,540,584,85,144,144,144,144,144,144,19,54,54,54],"floor_reached":56,"language":"ENG","playtime":2810,"items_purged":["Doubt","Defend_P+1"],"score":2520,"play_id":"625237e8-75de-47be-8b8f-391f284f7eae","local_time":"20210120213419","is_ascension_mode":true,"campfire_choices":[{"data":"TalkToTheHand","floor":7,"key":"SMITH"},{"floor":12,"key":"REST"},{"floor":15,"key":"REST"},{"data":"SashWhip","floor":23,"key":"SMITH"},{"floor":25,"key":"REST"},{"floor":32,"key":"REST"},{"floor":41,"key":"RECALL"},{"floor":49,"key":"REST"},{"floor":53,"key":"REST"}],"circlet_count":0,"master_deck":["AscendersBane","Defend_P+1","Defend_P+1","Defend_P+1","Eruption+1","Vigilance","TalkToTheHand+1","FlurryOfBlows+1","ThirdEye+1","FlyingSleeves+1","SashWhip+1","FearNoEvil+1","CutThroughFate","MentalFortress","Conclude","LessonLearned","RitualDagger","Tantrum","Halt+1","Wallop+1","Wish+1","ReachHeaven+1","Scrawl+1","Prostrate+1","TalkToTheHand+1","Meditate","SpiritShield","LikeWater","Prostrate","TalkToTheHand","Crescendo","Prostrate+1"],"relics":["PureWater","Matryoshka","Melange","Pen Nib","Gremlin Horn","Dream Catcher","Oddly Smooth Stone","Juzu Bracelet","Runic Pyramid","Mango","Damaru","Sundial","Bag of Preparation","Ancient Tea Set","Vajra","Anchor","Astrolabe","Lantern","Torii","CaptainsWheel","Akabeko"],"acts_visited":["Exordium","TheCity","TheBeyond","TheEnding"],"potions_floor_usage":[8,13,13,18,18,18,29,31,33,40,56,56],"damage_taken":[{"damage":0,"enemies":"Jaw Worm","floor":1,"turns":3},{"damage":2,"enemies":"Small Slimes","floor":2,"turns":3},{"damage":0,"enemies":"Cultist","floor":4,"turns":2},{"damage":13,"enemies":"3 Sentries","floor":6,"turns":6},{"damage":15,"enemies":"Gremlin Nob","floor":8,"turns":3},{"damage":29,"enemies":"3 Sentries","floor":10,"turns":9},{"damage":6,"enemies":"Large Slime","floor":13,"turns":4},{"damage":0,"enemies":"Blue Slaver","floor":14,"turns":4},{"damage":5,"enemies":"Slime Boss","floor":16,"turns":7},{"damage":10,"enemies":"3 Byrds","floor":18,"turns":4},{"damage":0,"enemies":"Shell Parasite","floor":22,"turns":4},{"damage":23,"enemies":"Book of Stabbing","floor":24,"turns":7},{"damage":2,"enemies":"Centurion and Healer","floor":28,"turns":5},{"damage":0,"enemies":"Slavers","floor":29,"turns":3},{"damage":0,"enemies":"Snecko","floor":30,"turns":2},{"damage":10,"enemies":"Book of Stabbing","floor":31,"turns":3},{"damage":37,"enemies":"Automaton","floor":33,"turns":8},{"damage":12,"enemies":"3 Shapes","floor":35,"turns":4},{"damage":0,"enemies":"Orb Walker","floor":36,"turns":3},{"damage":0,"enemies":"Sphere and 2 Shapes","floor":38,"turns":6},{"damage":2,"enemies":"Nemesis","floor":40,"turns":5},{"damage":27,"enemies":"Transient","floor":42,"turns":6},{"damage":0,"enemies":"Jaw Worm Horde","floor":44,"turns":4},{"damage":0,"enemies":"3 Darklings","floor":46,"turns":4},{"damage":22,"enemies":"Giant Head","floor":48,"turns":6},{"damage":34,"enemies":"Donu and Deca","floor":50,"turns":6},{"damage":22,"enemies":"Awakened One","floor":51,"turns":9},{"damage":1,"enemies":"Shield and Spear","floor":55,"turns":5},{"damage":107,"enemies":"The Heart","floor":56,"turns":8}],"seed_played":"7248371381944918197","potions_obtained":[{"floor":6,"key":"Ancient Potion"},{"floor":10,"key":"EntropicBrew"},{"floor":13,"key":"EntropicBrew"},{"floor":24,"key":"BottledMiracle"},{"floor":29,"key":"LiquidMemories"},{"floor":31,"key":"Swift Potion"},{"floor":33,"key":"FairyPotion"},{"floor":35,"key":"LiquidMemories"},{"floor":46,"key":"Swift Potion"},{"floor":48,"key":"LiquidBronze"}],"is_trial":false,"path_per_floor":["M","M","?","M","?","E","R","E","T","E","?","R","M","M","R","B",null,"M","?","?","$","M","R","E","R","T","?","M","E","M","E","R","B",null,"M","M","?","M","?","E","R","M","T","M","?","M","$","E","R","B","B",null,"R","$","E","B"],"character_chosen":"WATCHER","items_purchased":["TalkToTheHand","FlurryOfBlows","Matryoshka","WindmillStrike","Melange","ThirdEye","Damaru","Torii","DuplicationPotion","Crescendo"],"campfire_rested":6,"item_purchase_floors":[0,0,0,0,0,0,21,47,47,54],"current_hp_per_floor":[35,33,26,26,68,55,55,40,40,11,28,48,42,42,62,57,65,55,69,63,63,63,63,40,64,64,64,62,62,62,52,76,39,71,59,59,59,59,59,57,57,30,30,30,78,78,78,56,78,44,22,64,78,78,77,0,0],"gold":54,"neow_bonus":"","is_daily":false,"chose_seed":false,"campfire_upgraded":2,"win_rate":0.0,"timestamp":1611171259,"path_taken":["M","M","?","M","?","E","R","E","T","E","?","R","M","M","R","BOSS","M","?","?","$","M","R","E","R","T","?","M","E","M","E","R","BOSS","M","M","?","M","?","E","R","M","T","M","?","M","$","E","R","BOSS","BOSS","R","$","E","BOSS"],"items_purchased_type":["Card","Card","Relic","Card","Relic","Card","Relic","Relic","Potion","Card"],"build_version":"2020-12-22","purchased_purges":2,"victory":false,"max_hp_per_floor":[68,68,68,68,68,68,68,68,68,68,68,68,68,68,68,68,68,68,82,82,82,82,82,82,82,82,82,82,82,82,82,82,82,82,82,82,82,82,78,78,78,78,78,78,78,78,78,78,78,78,78,78,78,78,78,78,78],"relic_stats":{"Dream Catcher":12,"Gremlin Horn":[57,59],"Torii":9,"counters":[184,859],"Sundial":[18],"Astrolabe":["ReachHeaven","Scrawl","Prostrate"],"Melange":[63],"Pen Nib":[49],"Juzu Bracelet":1,"Bag of Preparation":[94],"obtain_stats":[{"Ice Cream":28,"Gremlin Horn":31,"CeramicFish":9,"Vajra":29,"Whetstone":6,"Old Coin":24,"Blood Vial":0,"Centennial Puzzle":44,"HornCleat":7,"FaceOfCleric":12,"Sundial":24,"MealTicket":7,"Prayer Wheel":0,"VioletLotus":34,"Kunai":40,"Girya":0,"Pear":30,"Happy Flower":9,"Blue Candle":30,"Astrolabe":34,"Oddly Smooth Stone":7,"Eternal Feather":24,"Pen Nib":6,"Akabeko":0,"WarpedTongs":2,"SlaversCollar":34,"OrangePellets":0,"Shuriken":0,"Bronze Scales":9,"Bird Faced Urn":0,"Snecko Eye":17,"Pandora\u0027s Box":34,"Molten Egg 2":46,"NlothsMask":4,"Meat on the Bone":0,"Lantern":0,"Regal Pillow":14,"Torii":47,"Singing Bowl":40,"Melange":0,"StoneCalendar":7,"Mango":19,"Bag of Preparation":29,"Incense Burner":0,"Juzu Bracelet":10,"Ancient Tea Set":0,"Smiling Mask":28,"ClockworkSouvenir":0,"Frozen Eye":0,"Dream Catcher":0,"Nunchaku":24,"Shovel":37,"Matryoshka":0,"Mummified Hand":26,"Pantograph":9,"Tiny Chest":0,"Red Mask":28,"InkBottle":53,"Runic Pyramid":17,"Lee\u0027s Waffle":0,"Golden Idol":8,"Damaru":44,"PreservedInsect":9,"The Courier":26,"Omamori":0,"Orichalcum":11,"Odd Mushroom":13,"GoldenEye":8,"MawBank":26,"Mercury Hourglass":0,"Peace Pipe":31,"Strange Spoon":30,"Anchor":42,"CaptainsWheel":48,"Busted Crown":17,"Ornamental Fan":9,"Orrery":20,"Bag of Marbles":0,"Membership Card":13,"Bottled Lightning":27,"PureWater":0,"TungstenRod":36,"Toy Ornithopter":49},{"Ice Cream":86,"Gremlin Horn":32,"CeramicFish":103,"Vajra":169,"Whetstone":4,"Old Coin":26,"Blood Vial":99,"Centennial Puzzle":66,"HornCleat":49,"FaceOfCleric":77,"Sundial":167,"MealTicket":20,"Prayer Wheel":99,"VioletLotus":61,"Kunai":64,"Girya":71,"Pear":30,"Happy Flower":132,"Blue Candle":112,"Astrolabe":172,"Oddly Smooth Stone":11,"Eternal Feather":57,"Pen Nib":159,"Akabeko":128,"WarpedTongs":16,"SlaversCollar":114,"OrangePellets":128,"Shuriken":71,"Bronze Scales":49,"Bird Faced Urn":71,"Snecko Eye":23,"Pandora\u0027s Box":89,"Molten Egg 2":122,"NlothsMask":36,"Meat on the Bone":45,"Lantern":99,"Regal Pillow":136,"Torii":68,"Singing Bowl":93,"Melange":155,"StoneCalendar":75,"Mango":165,"Bag of Preparation":59,"Incense Burner":128,"Juzu Bracelet":161,"Ancient Tea Set":0,"Smiling Mask":29,"ClockworkSouvenir":71,"Frozen Eye":140,"Dream Catcher":7,"Nunchaku":153,"Shovel":117,"Matryoshka":155,"Mummified Hand":111,"Pantograph":5,"Tiny Chest":128,"Red Mask":59,"InkBottle":126,"Runic Pyramid":43,"Lee\u0027s Waffle":45,"Golden Idol":11,"Damaru":66,"PreservedInsect":11,"The Courier":84,"Omamori":99,"Orichalcum":40,"Odd Mushroom":105,"GoldenEye":5,"MawBank":27,"Mercury Hourglass":71,"Peace Pipe":32,"Strange Spoon":87,"Anchor":66,"CaptainsWheel":180,"Busted Crown":80,"Ornamental Fan":20,"Orrery":82,"Bag of Marbles":33,"Membership Card":21,"Bottled Lightning":58,"PureWater":0,"TungstenRod":91,"Toy Ornithopter":124},{"Ice Cream":408,"Gremlin Horn":154,"CeramicFish":492,"Vajra":780,"Whetstone":15,"Old Coin":132,"Blood Vial":480,"Centennial Puzzle":317,"HornCleat":239,"FaceOfCleric":377,"Sundial":772,"MealTicket":104,"Prayer Wheel":480,"VioletLotus":288,"Kunai":302,"Girya":358,"Pear":147,"Happy Flower":621,"Blue Candle":529,"Astrolabe":793,"Oddly Smooth Stone":57,"Eternal Feather":271,"Pen Nib":730,"Akabeko":614,"WarpedTongs":84,"SlaversCollar":540,"OrangePellets":614,"Shuriken":358,"Bronze Scales":239,"Bird Faced Urn":358,"Snecko Eye":118,"Pandora\u0027s Box":424,"Molten Egg 2":574,"NlothsMask":172,"Meat on the Bone":227,"Lantern":480,"Regal Pillow":631,"Torii":328,"Singing Bowl":445,"Melange":716,"StoneCalendar":367,"Mango":761,"Bag of Preparation":276,"Incense Burner":614,"Juzu Bracelet":742,"Ancient Tea Set":0,"Smiling Mask":142,"ClockworkSouvenir":358,"Frozen Eye":653,"Dream Catcher":28,"Nunchaku":706,"Shovel":549,"Matryoshka":716,"Mummified Hand":523,"Pantograph":22,"Tiny Chest":614,"Red Mask":276,"InkBottle":605,"Runic Pyramid":214,"Lee\u0027s Waffle":227,"Golden Idol":57,"Damaru":317,"PreservedInsect":57,"The Courier":397,"Omamori":480,"Orichalcum":195,"Odd Mushroom":499,"GoldenEye":22,"MawBank":135,"Mercury Hourglass":358,"Peace Pipe":154,"Strange Spoon":412,"Anchor":317,"CaptainsWheel":831,"Busted Crown":388,"Ornamental Fan":104,"Orrery":392,"Bag of Marbles":162,"Membership Card":106,"Bottled Lightning":273,"PureWater":0,"TungstenRod":436,"Toy Ornithopter":585}]},"card_choices":[{"not_picked":["Halt","ClearTheMind"],"picked":"FlyingSleeves","floor":1},{"not_picked":["Protect","PathToVictory"],"picked":"SashWhip","floor":2},{"not_picked":["Indignation","EmptyBody"],"picked":"FearNoEvil","floor":4},{"not_picked":["FlyingSleeves","WaveOfTheHand"],"picked":"CutThroughFate","floor":6},{"not_picked":["SashWhip","Prostrate","PathToVictory"],"picked":"SKIP","floor":8},{"not_picked":["Prostrate","Collect","Swivel"],"picked":"SKIP","floor":10},{"not_picked":["ClearTheMind","FlurryOfBlows"],"picked":"MentalFortress","floor":12},{"not_picked":["BowlingBash","FlyingSleeves","Swivel"],"picked":"SKIP","floor":13},{"not_picked":["Consecrate","FlurryOfBlows"],"picked":"Conclude","floor":14},{"not_picked":["Scrawl","Blasphemy"],"picked":"LessonLearned","floor":16},{"not_picked":["FollowUp","WindmillStrike","FlyingSleeves"],"picked":"SKIP","floor":18},{"not_picked":["WheelKick+1","FollowUp+1","Evaluate"],"picked":"SKIP","floor":22},{"not_picked":["Wireheading","Establishment"],"picked":"Tantrum","floor":24},{"not_picked":["PathToVictory","Pray"],"picked":"Halt","floor":28},{"not_picked":["Fasting2","MasterReality","Indignation"],"picked":"SKIP","floor":29},{"not_picked":["EmptyFist","Indignation","JustLucky"],"picked":"SKIP","floor":30},{"not_picked":["CrushJoints","BowlingBash","Worship"],"picked":"SKIP","floor":31},{"not_picked":["FlyingSleeves","PathToVictory"],"picked":"Wallop+1","floor":32},{"not_picked":["Omniscience","MasterReality"],"picked":"Wish","floor":33},{"not_picked":["Perseverance","Fasting2"],"picked":"TalkToTheHand","floor":35},{"not_picked":["Perseverance+1","EmptyBody","Swivel+1"],"picked":"SKIP","floor":36},{"not_picked":["EmptyFist","ClearTheMind"],"picked":"Meditate","floor":38},{"not_picked":["CarveReality","FlyingSleeves","InnerPeace"],"picked":"SKIP","floor":40},{"not_picked":["WindmillStrike","Weave","Halt"],"picked":"SKIP","floor":42},{"not_picked":["Protect","Consecrate+1","FlurryOfBlows+1"],"picked":"SKIP","floor":44},{"not_picked":["PathToVictory","WheelKick"],"picked":"SpiritShield","floor":46},{"not_picked":["Consecrate+1","CutThroughFate"],"picked":"LikeWater","floor":48},{"not_picked":["WindmillStrike","Protect"],"picked":"Prostrate","floor":49},{"not_picked":["Evaluate","CutThroughFate"],"picked":"TalkToTheHand","floor":53},{"not_picked":["ClearTheMind","DeusExMachina"],"picked":"Prostrate+1","floor":55}],"player_experience":804964,"relics_obtained":[{"floor":6,"key":"Pen Nib"},{"floor":8,"key":"Gremlin Horn"},{"floor":9,"key":"Dream Catcher"},{"floor":9,"key":"Oddly Smooth Stone"},{"floor":10,"key":"Juzu Bracelet"},{"floor":24,"key":"Sundial"},{"floor":26,"key":"Bag of Preparation"},{"floor":26,"key":"Ancient Tea Set"},{"floor":29,"key":"Vajra"},{"floor":31,"key":"Anchor"},{"floor":40,"key":"Lantern"},{"floor":48,"key":"CaptainsWheel"},{"floor":55,"key":"Akabeko"}],"event_choices":[{"cards_removed":["Strike_P"],"damage_healed":0,"gold_gain":0,"player_choice":"Card Removal","damage_taken":7,"max_hp_gain":0,"max_hp_loss":0,"event_name":"Golden Wing","floor":3,"gold_loss":0},{"cards_removed":["WindmillStrike"],"damage_healed":42,"gold_gain":0,"player_choice":"Offered Uncommon","damage_taken":0,"max_hp_gain":0,"max_hp_loss":0,"event_name":"Bonfire Elementals","floor":5,"gold_loss":0},{"damage_healed":17,"gold_gain":0,"player_choice":"Healed","damage_taken":0,"max_hp_gain":0,"max_hp_loss":0,"event_name":"The Cleric","floor":11,"gold_loss":35},{"damage_healed":0,"gold_gain":0,"player_choice":"Obtained Relic","damage_taken":0,"relics_obtained":["Mango"],"max_hp_gain":0,"max_hp_loss":0,"event_name":"Addict","floor":19,"gold_loss":85},{"damage_healed":0,"gold_gain":0,"player_choice":"Joined the Cult","damage_taken":6,"max_hp_gain":0,"max_hp_loss":0,"event_name":"Nest","floor":20,"gold_loss":0,"cards_obtained":["RitualDagger"]},{"damage_healed":0,"gold_gain":0,"player_choice":"Simplicity","damage_taken":0,"max_hp_gain":0,"max_hp_loss":0,"event_name":"Back to Basics","floor":27,"gold_loss":0,"cards_upgraded":["Strike_P","Strike_P","Defend_P","Defend_P","Defend_P"]},{"damage_healed":0,"gold_gain":0,"player_choice":"Ignored","damage_taken":0,"max_hp_gain":0,"max_hp_loss":0,"event_name":"Tomb of Lord Red Mask","floor":37,"gold_loss":0},{"damage_healed":0,"gold_gain":0,"player_choice":"Max HP","damage_taken":0,"max_hp_gain":0,"max_hp_loss":4,"event_name":"Winding Halls","floor":39,"gold_loss":0},{"damage_healed":48,"gold_gain":0,"player_choice":"Heal","damage_taken":0,"max_hp_gain":0,"max_hp_loss":0,"event_name":"MindBloom","floor":45,"gold_loss":0,"cards_obtained":["Doubt"]}],"is_beta":false,"boss_relics":[{"not_picked":["Black Star","SacredBark"],"picked":"Runic Pyramid"},{"not_picked":["Tiny House","HolyWater"],"picked":"Astrolabe"}],"items_purged_floors":[47,54],"is_endless":false,"potions_floor_spawned":[6,10,13,24,29,31,33,35,38,46,48,55],"killed_by":"The Heart","ascension_level":20}}