{"host":"j4g6ia6asvpyu2b0","time":1611148104,"event":{"mods":["BaseMod","Colored Map","Minty Spire (QoL Compilation)","Permanent Neow","Quick Restart","Relic Stats","StSLib","Unceasing Turn Reminder"],"gold_per_floor":[364,439,452,463,478,478,505,505,505,524,524,540,540,540],"floor_reached":13,"language":"ENG","playtime":253,"items_purged":[],"score":139,"play_id":"6a43e617-b4fb-48f3-8fe8-dfd3b08d3be8","local_time":"20210120060824","is_ascension_mode":true,"campfire_choices":[{"data":"Zap","floor":6,"key":"SMITH"},{"floor":8,"key":"REST"},{"data":"Fission","floor":11,"key":"SMITH"}],"circlet_count":0,"master_deck":["AscendersBane","Strike_B","Strike_B","Strike_B","Strike_B","Defend_B","Defend_B","Defend_B","Defend_B","Zap+1","Dualcast","Sweeping Beam","Gash","FTL","Streamline","Ball Lightning","Fission+1","Loop"],"relics":["Cracked Core","PreservedInsect"],"acts_visited":["Exordium"],"potions_floor_usage":[7,13],"damage_taken":[{"damage":7.0,"enemies":"Small Slimes","floor":1.0,"turns":3.0},{"damage":1,"enemies":"Cultist","floor":3,"turns":3},{"damage":4,"enemies":"2 Louse","floor":4,"turns":3},{"damage":0,"enemies":"Large Slime","floor":5,"turns":4},{"damage":29,"enemies":"Gremlin Nob","floor":7,"turns":4},{"damage":6,"enemies":"Looter","floor":10,"turns":2},{"damage":11,"enemies":"2 Fungi Beasts","floor":12,"turns":3},{"damage":13,"enemies":"3 Sentries","floor":13,"turns":3}],"seed_played":"-1679409494657447389","potions_obtained":[{"floor":4,"key":"PowerPotion"},{"floor":7,"key":"SkillPotion"}],"is_trial":false,"path_per_floor":["M","?","M","M","M","R","E","R","T","M","R","M","E"],"character_chosen":"DEFECT","items_purchased":[],"campfire_rested":1,"item_purchase_floors":[],"current_hp_per_floor":[43,36,35,31,31,31,2,24,24,18,18,7,0,0],"gold":540,"neow_bonus":"TWO_FIFTY_GOLD","is_daily":false,"chose_seed":false,"campfire_upgraded":2,"win_rate":0.0,"timestamp":1611148104,"path_taken":["M","?","?","M","M","R","E","R","T","M","R","?","E"],"items_purchased_type":[],"build_version":"2020-12-22","purchased_purges":0,"victory":false,"max_hp_per_floor":[75,75,75,75,75,75,75,75,75,75,75,75,75,75],"relic_stats":{"counters":[8,25],"PreservedInsect":39,"obtain_stats":[{"PreservedInsect":7,"Cracked Core":0},{"PreservedInsect":5,"Cracked Core":0},{"PreservedInsect":17,"Cracked Core":0}]},"card_choices":[{"not_picked":["Rebound","Reinforced Body"],"picked":"Sweeping Beam","floor":1.0},{"not_picked":["Stack","Coolheaded"],"picked":"Gash","floor":3},{"not_picked":["Redo","Leap"],"picked":"FTL","floor":4},{"not_picked":["Recycle","Aggregate"],"picked":"Streamline","floor":5},{"not_picked":["Recycle","Redo"],"picked":"Ball Lightning","floor":7},{"not_picked":["Redo","FTL"],"picked":"Fission","floor":10},{"not_picked":["Beam Cell","Compile Driver"],"picked":"Loop","floor":12}],"player_experience":881362,"relics_obtained":[{"floor":7,"key":"PreservedInsect"}],"event_choices":[{"damage_healed":0,"gold_gain":75,"player_choice":"Touch","damage_taken":7,"max_hp_gain":0,"max_hp_loss":0,"event_name":"FaceTrader","floor":2,"gold_loss":0}],"is_beta":false,"boss_relics":[],"items_purged_floors":[],"is_endless":false,"potions_floor_spawned":[4,7],"killed_by":"3 Sentries","ascension_level":12}}