{"host":"f5mjulaw5aqlqmd7","time":1611103594,"event":{"mods":["Act Like it!","BaseMod","Colored Map","GifTheSpireLib","Hallownest","Minty Spire (QoL Compilation)","StSLib","The Bug Knight"],"gold_per_floor":[111,126,137,115,134,167,179,202,241,269,293,124,124,137,137,137,137],"floor_reached":16,"language":"ENG","playtime":1028,"items_purged":[],"score":106,"play_id":"7baeb298-c47b-47fb-8b05-e2bf3db24322","local_time":"20210119194634","is_ascension_mode":false,"campfire_choices":[{"floor":7,"key":"REST"},{"floor":15,"key":"REST"}],"circlet_count":0,"master_deck":["HollowMod:NailStrikeStart","HollowMod:NailStrikeStart","HollowMod:NailStrikeStart","HollowMod:NailStrikeStart","HollowMod:QuickDashStart","HollowMod:QuickDashStart","HollowMod:QuickDashStart","HollowMod:QuickDashStart","HollowMod:FocusHealStart","HollowMod:PogoStrike","HollowMod:VengefulVoid","HollowMod:VengefulVoid","HollowMod:DescendingDark","HollowMod:GoodIntentions","HollowMod:PerfectDash","HollowMod:SiblingsSouls","HollowMod:ShadowDash","HollowMod:WraithStrike","Injury","HollowMod:MantisMark"],"relics":["HollowMod:VesselMask","NeowsBlessing","MawBank","Boot","Bag of Marbles","Golden Idol"],"acts_visited":["Exordium"],"potions_floor_usage":[],"damage_taken":[{"damage":0,"enemies":"Cultist","floor":1,"turns":1},{"damage":0,"enemies":"Jaw Worm","floor":2,"turns":1},{"damage":0,"enemies":"Small Slimes","floor":3,"turns":1},{"damage":15,"enemies":"Blue Slaver","floor":5,"turns":4},{"damage":36,"enemies":"3 Sentries","floor":6,"turns":10},{"damage":17,"enemies":"Red Slaver","floor":8,"turns":2},{"damage":1,"enemies":"3 Louse","floor":10,"turns":2},{"damage":0,"enemies":"2 Fungi Beasts","floor":11,"turns":2},{"damage":6,"enemies":"Exordium Thugs","floor":14,"turns":4},{"damage":46,"enemies":"HollowMod:FalseKnight","floor":16,"turns":6}],"seed_played":"8194041332860550582","potions_obtained":[{"floor":2,"key":"SpeedPotion"},{"floor":6,"key":"SneckoOil"},{"floor":10,"key":"SmokeBomb"}],"is_trial":false,"path_per_floor":["M","M","M","$","M","E","R","M","T","M","M","$","?","M","R","B"],"character_chosen":"THE_BUGKNIGHT","items_purchased":["HollowMod:GoodIntentions","Bag of Marbles","HollowMod:WraithStrike"],"campfire_rested":2,"item_purchase_floors":[4,12,12],"current_hp_per_floor":[75,75,75,75,60,24,46,29,29,28,28,28,28,22,44,0,0],"gold":137,"neow_bonus":"THREE_ENEMY_KILL","is_daily":false,"chose_seed":false,"campfire_upgraded":0,"win_rate":0.0,"timestamp":1611103594,"path_taken":["M","?","?","$","M","E","R","?","T","M","M","$","?","M","R","BOSS"],"items_purchased_type":["Card","Relic","Card"],"build_version":"2020-12-22","purchased_purges":0,"victory":false,"max_hp_per_floor":[75,75,75,75,75,75,75,75,75,75,75,75,75,75,75,75,75],"card_choices":[{"not_picked":["HollowMod:NewJinnsSoul","HollowMod:NewLittleFool"],"picked":"HollowMod:VengefulVoid","floor":1},{"not_picked":["HollowMod:VengefulVoid","HollowMod:DashSlash","HollowMod:PureNailStrike"],"picked":"SKIP","floor":2},{"not_picked":["HollowMod:DashSlash","HollowMod:PureNailStrike"],"picked":"HollowMod:VengefulVoid","floor":2},{"not_picked":["HollowMod:SoulSplash","HollowMod:HuntersJournal"],"picked":"HollowMod:DescendingDark","floor":3},{"not_picked":["HollowMod:InfectedCysts","HollowMod:Grubsong","HollowMod:NewGlowingWomb"],"picked":"SKIP","floor":5},{"not_picked":["HollowMod:DreamGate","HollowMod:HowlingWraiths","HollowMod:HeavyBlow"],"picked":"SKIP","floor":6},{"not_picked":["HollowMod:BlackTendrils","HollowMod:SoulStrike"],"picked":"HollowMod:PerfectDash","floor":8},{"not_picked":["HollowMod:SharpenedNail","HollowMod:CrystalDash"],"picked":"HollowMod:SiblingsSouls","floor":10},{"not_picked":["HollowMod:NewGlowingWomb","HollowMod:SharpenedNail"],"picked":"HollowMod:ShadowDash","floor":11},{"not_picked":["HollowMod:GrimmsGift","HollowMod:CloakDash"],"picked":"HollowMod:MantisMark","floor":14}],"player_experience":64976,"relics_obtained":[{"floor":6,"key":"MawBank"},{"floor":9,"key":"Boot"}],"event_choices":[{"damage_healed":0,"gold_gain":0,"player_choice":"Take Wound","damage_taken":0,"relics_obtained":["Golden Idol"],"max_hp_gain":0,"max_hp_loss":0,"event_name":"Golden Idol","floor":13,"gold_loss":0,"cards_obtained":["Injury"]}],"is_beta":false,"boss_relics":[],"items_purged_floors":[],"is_endless":false,"potions_floor_spawned":[2,6,10,14],"killed_by":"HollowMod:FalseKnight","ascension_level":0}}