{"host":"7tvb1em0d2fx72q7","time":1611109065,"event":{"mods":["BaseMod","Challenge The Spire","Minty Spire (QoL Compilation)","StSLib","everything is the same but u backflip on backflip"],"gold_per_floor":[115,115,115,131,149,149,165,198,266,292,217,234,257,277,277,350,350,360,360,360],"floor_reached":19,"language":"ENG","playtime":641,"items_purged":[],"score":338,"play_id":"d6cb6aac-eb1a-4a20-867c-d5f0d020ba55","local_time":"20210119211745","is_ascension_mode":true,"campfire_choices":[{"data":"Immolate","floor":6,"key":"SMITH"},{"data":"Sever Soul","floor":15,"key":"SMITH"}],"circlet_count":0,"master_deck":["AscendersBane","Strike_R","Strike_R","Defend_R","Defend_R","Defend_R","Defend_R","Bash","Immolate+1","Headbutt","Carnage","Thunderclap","Sever Soul+1","Pommel Strike","Impervious","Dual Wield+1","Rupture+1","Rupture+1"],"relics":["Burning Blood","Bird Faced Urn","Omamori","Ancient Tea Set","Astrolabe"],"acts_visited":["Exordium","TheCity"],"potions_floor_usage":[8,14,16],"damage_taken":[{"damage":3,"enemies":"Small Slimes","floor":1,"turns":2},{"damage":5,"enemies":"2 Louse","floor":4,"turns":2},{"damage":7,"enemies":"Jaw Worm","floor":5,"turns":2},{"damage":20,"enemies":"Large Slime","floor":7,"turns":4},{"damage":10,"enemies":"3 Sentries","floor":8,"turns":3},{"damage":0,"enemies":"Exordium Wildlife","floor":12,"turns":1},{"damage":6,"enemies":"Blue Slaver","floor":14,"turns":3},{"damage":8,"enemies":"Slime Boss","floor":16,"turns":6},{"damage":71,"enemies":"Shell Parasite","floor":18,"turns":8},{"damage":1,"enemies":"3 Byrds","floor":19,"turns":2}],"seed_played":"-8629284774290093411","potions_obtained":[{"floor":4,"key":"Explosive Potion"},{"floor":8,"key":"BlessingOfTheForge"},{"floor":12,"key":"ColorlessPotion"}],"is_trial":false,"path_per_floor":["M","?","?","M","M","R","M","E","T","T","?","M","T","M","R","B",null,"M","M"],"character_chosen":"IRONCLAD","items_purchased":[],"campfire_rested":0,"item_purchase_floors":[],"current_hp_per_floor":[53,53,58,59,58,58,44,40,40,40,40,46,46,46,46,44,71,8,7,7],"gold":360,"neow_bonus":"THREE_RARE_CARDS","is_daily":false,"chose_seed":false,"campfire_upgraded":2,"win_rate":0.0,"timestamp":1611109065,"path_taken":["M","?","?","M","M","R","M","E","T","?","?","?","?","M","R","BOSS","M","M"],"items_purchased_type":[],"build_version":"2020-12-22","purchased_purges":0,"victory":false,"max_hp_per_floor":[75,75,80,80,80,80,80,80,80,80,80,80,80,80,80,80,80,80,80,80],"card_choices":[{"not_picked":["Offering","Brutality"],"picked":"Immolate","floor":0},{"not_picked":["Spot Weakness","Shrug It Off"],"picked":"Headbutt","floor":1},{"not_picked":["Rupture","Pummel"],"picked":"Havoc","floor":4},{"not_picked":["Seeing Red","Body Slam"],"picked":"Carnage","floor":5},{"not_picked":["Bloodletting","Body Slam"],"picked":"Thunderclap","floor":7},{"not_picked":["Flex","Juggernaut"],"picked":"Sever Soul","floor":8},{"not_picked":["Flex","Headbutt","Perfected Strike"],"picked":"SKIP","floor":12},{"not_picked":["Headbutt","Brutality"],"picked":"Pommel Strike","floor":14},{"not_picked":["Feed","Juggernaut"],"picked":"Impervious","floor":16},{"not_picked":["Perfected Strike","Sword Boomerang","Rampage+1"],"picked":"SKIP","floor":18}],"player_experience":1941543,"relics_obtained":[{"floor":8,"key":"Bird Faced Urn"},{"floor":10,"key":"Omamori"},{"floor":13,"key":"Ancient Tea Set"}],"event_choices":[{"damage_healed":0,"gold_gain":0,"player_choice":"Ignored","damage_taken":0,"max_hp_gain":0,"max_hp_loss":0,"event_name":"Liars Game","floor":2,"gold_loss":0},{"damage_healed":0,"gold_gain":0,"player_choice":"Donut","damage_taken":0,"max_hp_gain":5,"max_hp_loss":0,"event_name":"Big Fish","floor":3,"gold_loss":0},{"cards_removed":["Strike_R"],"damage_healed":0,"gold_gain":0,"player_choice":"Card Removal","damage_taken":0,"max_hp_gain":0,"max_hp_loss":0,"event_name":"The Cleric","floor":11,"gold_loss":75}],"is_beta":false,"boss_relics":[{"not_picked":["Runic Dome","Black Blood"],"picked":"Astrolabe"}],"items_purged_floors":[],"is_endless":false,"potions_floor_spawned":[4,8,12],"killed_by":"3 Byrds","ascension_level":20}}