{"host":"0iuhrgzkozzv273x","time":1611162953,"event":{"mods":["2.2 Compatiblity","Astrologer","BaseMod","ChefMod","Colored Map","Curses Come First","Downfall","Hermit","Jorbs\u0027s Wanderer Trilogy","Key Reminder","Minty Spire (QoL Compilation)","Robot Space Explorer","Shade Mod","Spire Arcade","StSLib","The Construct","The Cursed","The Disciple","The Hayseed","The Runesmith","The Showman","TheFirefly","Unceasing Turn Reminder","Wandering Minibosses","thorton"],"gold_per_floor":[119,136,185,201,201,201,236,236,236,269,288,288,303,334,334,465,465,483,398,412,435,21,54,73,73,73,118,120,122,163,186,189,323,329,359,391,398,114,140,180,183,230,259,264,289,294,330,355,362,369,376,383,72,117,119],"floor_reached":56,"language":"ENG","playtime":6409,"items_purged":["Bite"],"score":1804,"play_id":"bc14603f-814b-4a75-826e-7baab8d8c4f7","local_time":"20210120121553","is_ascension_mode":true,"campfire_choices":[{"data":"chefmod:QuickThaw","floor":6.0,"key":"SMITH"},{"data":"chefmod:TodaysSpecial","floor":8.0,"key":"SMITH"},{"data":"chefmod:FiveAlarmChili","floor":12.0,"key":"SMITH"},{"data":"chefmod:Ratatouille","floor":15.0,"key":"SMITH"},{"floor":25.0,"key":"REST"},{"floor":32.0,"key":"RECALL"},{"data":"chefmod:FreshProduce","floor":41,"key":"SMITH"},{"data":"chefmod:OrderUp","floor":46,"key":"SMITH"},{"data":"Bite","floor":49,"key":"SMITH"},{"data":"Bite","floor":52,"key":"SMITH"}],"circlet_count":0,"master_deck":["chefmod:QuickThaw+1","chefmod:Defend","chefmod:Defend+1","chefmod:Defend+1","chefmod:Defend","chefmod:TodaysSpecial+1","chefmod:FiveAlarmChili+1","chefmod:Ratatouille+1","chefmod:BleedOut+1","chefmod:Gelato+1","chefmod:SushiPlatter+1","chefmod:OrderUp+1","chefmod:Sorbet+1","chefmod:FreshProduce+1","Bite+1","Bite","Bite","Bite+1","chefmod:OldCookbook+1","chefmod:OrderUp+1","wanderingMiniBosses:FinaleOfPromise+1","chefmod:SearedScallops+1","chefmod:FullCourseMeal+1","chefmod:OldCookbook+1"],"relics":["SacredBark","Omamori","Golden Idol","HornCleat","construct:RocketBooster","Runesmith:AutoHammer","Calling Bell","Dream Catcher","InkBottle","Turnip","Blue Candle","chefmod:WoodenSpoon","Boot","thethorton:BankDeed","Bird Faced Urn","Thread and Needle","SlaversCollar","chefmod:RollingPin","Membership Card","Ice Cream","wanderingMiniBosses:Blackblade","Vajra","Bronze Scales","Strawberry","Centennial Puzzle","Happy Flower","Lantern","OrangePellets","Bottled Tornado"],"acts_visited":["Exordium","TheCity","TheBeyond","TheEnding"],"potions_floor_usage":[39,42,50,55,55],"damage_taken":[{"damage":0.0,"enemies":"Cultist","floor":1.0,"turns":5.0},{"damage":1.0,"enemies":"Jaw Worm","floor":2.0,"turns":4.0},{"damage":2.0,"enemies":"2 Louse","floor":4.0,"turns":3.0},{"damage":35.0,"enemies":"3 Sentries","floor":7.0,"turns":8.0},{"damage":0.0,"enemies":"Lagavulin","floor":10.0,"turns":8.0},{"damage":0.0,"enemies":"Blue Slaver","floor":11.0,"turns":5.0},{"damage":0.0,"enemies":"3 Louse","floor":13.0,"turns":4.0},{"damage":4.0,"enemies":"Gremlin Nob","floor":14.0,"turns":4.0},{"damage":10.0,"enemies":"Slime Boss","floor":16.0,"turns":9.0},{"damage":30.0,"enemies":"Chosen","floor":18.0,"turns":7.0},{"damage":7.0,"enemies":"Spheric Guardian","floor":20.0,"turns":6.0},{"damage":18.0,"enemies":"3 Cultists","floor":21.0,"turns":8.0},{"damage":2.0,"enemies":"Gremlin Leader","floor":23.0,"turns":5.0},{"damage":0.0,"enemies":"Book of Stabbing","floor":27.0,"turns":7.0},{"damage":16.0,"enemies":"Gremlin Leader","floor":30.0,"turns":8.0},{"damage":6.0,"enemies":"Snake Plant","floor":31.0,"turns":6.0},{"damage":84.0,"enemies":"Automaton","floor":33.0,"turns":15.0},{"damage":23,"enemies":"3 Darklings","floor":35,"turns":5},{"damage":0,"enemies":"3 Shapes","floor":36,"turns":8},{"damage":2,"enemies":"3 Darklings","floor":39,"turns":7},{"damage":0,"enemies":"Giant Head","floor":40,"turns":5},{"damage":0,"enemies":"Reptomancer","floor":42,"turns":3},{"damage":0,"enemies":"Maw","floor":45,"turns":4},{"damage":0,"enemies":"Giant Head","floor":47,"turns":7},{"damage":6,"enemies":"Transient","floor":48,"turns":5},{"damage":15,"enemies":"Time Eater","floor":50,"turns":10},{"damage":1,"enemies":"Shield and Spear","floor":54,"turns":2},{"damage":9,"enemies":"The Heart","floor":55,"turns":4}],"seed_played":"-2604928337762201227","potions_obtained":[{"floor":2.0,"key":"Weak Potion"},{"floor":10.0,"key":"Dexterity Potion"},{"floor":13.0,"key":"Energy Potion"},{"floor":14.0,"key":"champ:CounterPotion"},{"floor":21.0,"key":"Swift Potion"},{"floor":23.0,"key":"Swift Potion"},{"floor":27.0,"key":"Dexterity Potion"},{"floor":36,"key":"DuplicationPotion"},{"floor":40,"key":"DistilledChaos"},{"floor":47,"key":"champ:CounterPotion"},{"floor":48,"key":"LiquidBronze"}],"is_trial":false,"path_per_floor":["M","M","T","M","?","R","E","R","T","E","M","R","M","E","R","B",null,"M","?","M","M","$","E","?","R","T","E","?","$","E","M","R","B",null,"M","M","?","$","M","E","R","E","T","?","M","R","E","M","R","B",null,"R","$","E","B",null],"character_chosen":"THE_CHEF","items_purchased":["chefmod:WoodenSpoon","chefmod:FreshProduce","EntropicBrew","Membership Card","Ice Cream","Happy Flower","Lantern","OrangePellets","FairyPotion"],"campfire_rested":1,"item_purchase_floors":[22,22,22,38,38,53,53,53,53],"current_hp_per_floor":[76,75,75,73,73,73,38,38,38,38,38,38,38,34,34,24,63,33,33,26,8,8,6,6,28,28,28,28,28,48,53,53,17,44,53,53,53,53,53,53,53,53,60,60,60,60,60,60,60,53,58,58,58,60,60],"gold":121,"neow_bonus":"BOSS_RELIC","is_daily":false,"chose_seed":false,"campfire_upgraded":8,"win_rate":0.0,"timestamp":1611162953,"path_taken":["M","M","?","?","?","R","E","R","T","E","M","R","M","E","R","BOSS","M","?","M","M","$","E","?","R","T","E","?","$","E","M","R","BOSS","M","M","?","$","?","E","R","E","T","?","?","R","E","M","R","BOSS","R","$","E","BOSS"],"items_purchased_type":["Relic","Card","Potion","Relic","Relic","Relic","Relic","Relic","Potion"],"build_version":"2020-12-22","purchased_purges":1,"victory":true,"max_hp_per_floor":[76,76,76,76,76,76,76,76,76,76,76,76,76,76,76,76,76,76,76,76,76,76,76,76,76,76,76,53,53,53,53,53,53,53,53,53,53,53,53,53,53,53,60,60,60,60,60,60,60,60,60,60,60,60,60],"card_choices":[{"not_picked":["chefmod:Sorbet","chefmod:IcePick","chefmod:IceCreamCone"],"picked":"SKIP","floor":1.0},{"not_picked":["chefmod:FireUp","chefmod:IcePick"],"picked":"chefmod:FiveAlarmChili","floor":2.0},{"not_picked":["chefmod:PotatoGratin","chefmod:FryPan","chefmod:Omelette"],"picked":"SKIP","floor":4.0},{"not_picked":["chefmod:DoubleChop","chefmod:CandyBowl"],"picked":"chefmod:Ratatouille","floor":7.0},{"not_picked":["chefmod:DinoKale","chefmod:AllYouCanEat","chefmod:VegetableTart"],"picked":"SKIP","floor":10.0},{"not_picked":["chefmod:DinoKale","chefmod:FryPan"],"picked":"chefmod:BleedOut","floor":11.0},{"not_picked":["chefmod:BaoBuns","chefmod:FireUp"],"picked":"chefmod:Gelato","floor":13.0},{"not_picked":["chefmod:CleanHouse","chefmod:IcePick","chefmod:SliceAndDice"],"picked":"SKIP","floor":14.0},{"not_picked":["chefmod:DeepFreeze","chefmod:PrepCook"],"picked":"chefmod:SushiPlatter","floor":16.0},{"not_picked":["chefmod:IcePick+1","chefmod:Defrost+1"],"picked":"chefmod:OrderUp","floor":18.0},{"not_picked":["chefmod:Ratatouille","chefmod:HotSoup"],"picked":"chefmod:Sorbet+1","floor":20.0},{"not_picked":["chefmod:LocoMoco","chefmod:Omelette","chefmod:FiveAlarmChili+1"],"picked":"SKIP","floor":21.0},{"not_picked":["chefmod:HotSoup","chefmod:BleedOut+1","chefmod:ColdSteel"],"picked":"SKIP","floor":23.0},{"not_picked":["chefmod:ColdSteel","chefmod:Granita","chefmod:HotSoup"],"picked":"SKIP","floor":27.0},{"not_picked":["chefmod:Gelato+1","chefmod:Fillet"],"picked":"chefmod:OldCookbook+1","floor":30.0},{"not_picked":["chefmod:HotSoup","chefmod:SpaghettiCarbonara+1","chefmod:NewMenu"],"picked":"SKIP","floor":31.0},{"not_picked":["chefmod:PrepCook","chefmod:Canape"],"picked":"chefmod:OrderUp","floor":33.0},{"not_picked":["chefmod:Fillet","chefmod:SliceAndDice+1","chefmod:Gelato"],"picked":"SKIP","floor":35},{"not_picked":["chefmod:Gelato+1","chefmod:FireUp","chefmod:PotatoGratin"],"picked":"SKIP","floor":36},{"not_picked":[],"picked":"wanderingMiniBosses:FinaleOfPromise","floor":39},{"not_picked":["chefmod:DoubleChop+1","chefmod:HotSoup"],"picked":"chefmod:SearedScallops+1","floor":39},{"not_picked":["chefmod:MonsterBait+1","chefmod:Granita+1","chefmod:Omelette+1"],"picked":"SKIP","floor":40},{"not_picked":["chefmod:SliceAndDice","chefmod:QuickChop+1"],"picked":"chefmod:FullCourseMeal","floor":42},{"not_picked":["chefmod:HotSoup","chefmod:BaoBuns+1","chefmod:Cleavers"],"picked":"SKIP","floor":45},{"not_picked":["chefmod:Omelette","chefmod:FryPan"],"picked":"chefmod:OldCookbook+1","floor":47},{"not_picked":["chefmod:NoSoupForYou","chefmod:FireUp","chefmod:QuickChop"],"picked":"SKIP","floor":48},{"not_picked":["chefmod:TonkotsuRamen+1","chefmod:FireUp","chefmod:AllYouCanEat+1"],"picked":"SKIP","floor":54}],"player_experience":1466590,"relics_obtained":[{"floor":3.0,"key":"Omamori"},{"floor":7.0,"key":"HornCleat"},{"floor":10.0,"key":"construct:RocketBooster"},{"floor":14.0,"key":"Runesmith:AutoHammer"},{"floor":17.0,"key":"Dream Catcher"},{"floor":17.0,"key":"InkBottle"},{"floor":17.0,"key":"Turnip"},{"floor":23.0,"key":"Boot"},{"floor":26.0,"key":"thethorton:BankDeed"},{"floor":27.0,"key":"Bird Faced Urn"},{"floor":30.0,"key":"Thread and Needle"},{"floor":39,"key":"wanderingMiniBosses:Blackblade"},{"floor":40,"key":"Vajra"},{"floor":42,"key":"Bronze Scales"},{"floor":43,"key":"Strawberry"},{"floor":47,"key":"Centennial Puzzle"},{"floor":54,"key":"Bottled Tornado"}],"event_choices":[{"damage_healed":0.0,"max_hp_gain":0.0,"max_hp_loss":0.0,"gold_gain":0.0,"event_name":"Golden Idol","player_choice":"Take Wound","floor":5.0,"gold_loss":0.0,"damage_taken":0.0,"relics_obtained":["Golden Idol"],"cards_obtained":["Injury"]},{"damage_healed":0.0,"max_hp_gain":0.0,"max_hp_loss":0.0,"gold_gain":0.0,"event_name":"Addict","player_choice":"Obtained Relic","floor":19.0,"gold_loss":85.0,"damage_taken":0.0,"relics_obtained":["Blue Candle"]},{"damage_healed":0.0,"max_hp_gain":0.0,"max_hp_loss":23.0,"gold_gain":0.0,"event_name":"Vampires","player_choice":"Became a vampire","floor":28.0,"gold_loss":0.0,"damage_taken":0.0,"cards_obtained":["Bite","Bite","Bite","Bite","Bite"]},{"damage_healed":0,"gold_gain":0,"player_choice":"Gave Potion","damage_taken":0,"relics_obtained":["chefmod:RollingPin"],"max_hp_gain":0,"max_hp_loss":0,"event_name":"WeMeetAgain","floor":37,"gold_loss":0},{"damage_healed":0,"gold_gain":0,"player_choice":"Upgraded","damage_taken":0,"max_hp_gain":0,"max_hp_loss":0,"event_name":"Upgrade Shrine","floor":44,"gold_loss":0,"cards_upgraded":["chefmod:FullCourseMeal"]}],"is_beta":false,"boss_relics":[{"not_picked":["Pandora\u0027s Box","Fusion Hammer"],"picked":"Calling Bell"},{"not_picked":["construct:ClawGrip","Snecko Eye"],"picked":"SlaversCollar"}],"items_purged_floors":[53],"is_endless":false,"potions_floor_spawned":[2,10,13,14,20,21,23,27,36,40,47,48],"ascension_level":5}}