{"host":"u25um2at8ivhxl8o","time":1611154816,"event":{"mods":["BaseMod","Colored Map","Downfall","Minty Spire (QoL Compilation)","StSLib"],"gold_per_floor":[99,113,128,146,166,166,166,166,166,5,35,48,48,76,92,92,92,92],"floor_reached":16,"language":"ENG","playtime":1129,"items_purged":[],"score":102,"play_id":"7fd5b348-8a72-48db-99f2-de3a763ca590","local_time":"20210120070016","is_ascension_mode":false,"campfire_choices":[{"data":"bronze:Goto","floor":1,"key":"SMITH"},{"data":"bronze:Replicate","floor":6,"key":"SMITH"},{"data":"bronze:FollowUp","floor":8,"key":"SMITH"},{"floor":13,"key":"REST"}],"circlet_count":0,"master_deck":["bronze:Strike","bronze:Strike","bronze:Strike","bronze:Defend","bronze:Defend","bronze:Defend","bronze:Defend","bronze:Replicate+1","bronze:Goto+1","bronze:CloningBeam","bronze:FollowUp+1","bronze:Overload","bronze:ClassDefault","bronze:Branch"],"relics":["bronze:BronzeCore","Peace Pipe","Frozen Eye","Odd Mushroom","FossilizedHelix"],"acts_visited":["Exordium"],"potions_floor_usage":[14,14],"damage_taken":[{"damage":1,"enemies":"Cultist","floor":2,"turns":3},{"damage":0,"enemies":"Small Slimes","floor":3,"turns":5},{"damage":5,"enemies":"2 Louse","floor":4,"turns":3},{"damage":11,"enemies":"Lots of Slimes","floor":5,"turns":5},{"damage":0,"enemies":"downfall:FleeingMerchant","floor":10,"turns":4},{"damage":23,"enemies":"The Mushroom Lair","floor":11,"turns":5},{"damage":13,"enemies":"Gremlin Gang","floor":12,"turns":6},{"damage":17,"enemies":"3 Sentries","floor":14,"turns":4},{"damage":0,"enemies":"2 Fungi Beasts","floor":15,"turns":3},{"damage":30,"enemies":"SI_SHIV_ARCHETYPE","floor":16,"turns":6}],"seed_played":"-5180412197834301071","potions_obtained":[{"floor":2,"key":"CultistPotion"},{"floor":5,"key":"FearPotion"},{"floor":11,"key":"ColorlessPotion"},{"floor":15,"key":"LiquidMemories"}],"is_trial":false,"path_per_floor":["R","M","M","M","M","R","T","R","?","$","?","M","R","E","M","B"],"character_chosen":"THE_AUTOMATON","items_purchased":["Frozen Eye"],"campfire_rested":1,"item_purchase_floors":[10],"current_hp_per_floor":[77,76,76,71,60,60,60,60,60,60,37,24,47,30,30,0,0,0],"gold":92,"neow_bonus":"TEN_PERCENT_HP_BONUS","is_daily":false,"chose_seed":false,"campfire_upgraded":3,"win_rate":0.0,"timestamp":1611154816,"path_taken":["R","M","M","M","M","R","T","R","?","?","?","M","R","E","M","BOSS"],"items_purchased_type":["Relic"],"build_version":"2020-12-22","purchased_purges":0,"victory":false,"max_hp_per_floor":[77,77,77,77,77,77,77,77,77,77,77,77,77,77,77,77,77,77],"card_choices":[{"not_picked":["bronze:NullPointer","bronze:Frontload"],"picked":"bronze:CloningBeam","floor":2},{"not_picked":["bronze:Frontload","bronze:BuggyMess"],"picked":"bronze:FollowUp","floor":3},{"not_picked":["bronze:BuggyMess","bronze:Overheat"],"picked":"bronze:Overload","floor":4},{"not_picked":["bronze:Overheat","bronze:Invalidate","bronze:CutThrough"],"picked":"SKIP","floor":5},{"not_picked":["bronze:Philosophize","bronze:ChildClass","bronze:Invalidate"],"picked":"SKIP","floor":10},{"not_picked":["bronze:Overload","bronze:DelayedGuard"],"picked":"bronze:ClassDefault","floor":11},{"not_picked":["bronze:MaxOutput","bronze:BuggyMess","bronze:Repulsor"],"picked":"SKIP","floor":12},{"not_picked":["bronze:Frontload","bronze:WildBeam"],"picked":"bronze:Branch","floor":14},{"not_picked":["bronze:Branch","bronze:Shield","bronze:BuggyMess"],"picked":"SKIP","floor":15}],"player_experience":350569,"relics_obtained":[{"floor":7,"key":"Peace Pipe"},{"floor":11,"key":"Odd Mushroom"},{"floor":14,"key":"FossilizedHelix"}],"event_choices":[{"cards_removed":["bronze:Strike"],"damage_healed":0,"gold_gain":0,"player_choice":"Offered Basic","damage_taken":0,"max_hp_gain":0,"max_hp_loss":0,"event_name":"Bonfire Elementals","floor":9,"gold_loss":0},{"damage_healed":0,"gold_gain":0,"player_choice":"Fought Mushrooms","damage_taken":0,"max_hp_gain":0,"max_hp_loss":0,"event_name":"Mushrooms","floor":11,"gold_loss":0}],"is_beta":false,"boss_relics":[],"items_purged_floors":[],"is_endless":false,"potions_floor_spawned":[2,5,11,12,15],"killed_by":"SI_SHIV_ARCHETYPE","ascension_level":0}}