{"host":"yuhy0i501zzmn1iz","time":1611158321,"event":{"mods":["AchievementEnabler","AlwaysNeverKeys","BaseMod","Bestiary","Better Match","Better Third Choice","Curses Come First","Downfall","Minty Spire (QoL Compilation)","StSLib","slay the spire mod where everything is the same but ironclad has a cowboy hat"],"gold_per_floor":[112,112,112,132,132,171,246,51,51,74,74,89,89,109,109,232,232,245,270,270,270,294,294,294],"floor_reached":23,"language":"ENG","playtime":927,"items_purged":[],"score":248,"play_id":"09ff778e-eb2a-47e6-a47b-8311e4528c77","local_time":"20210120105841","is_ascension_mode":true,"campfire_choices":[{"floor":11,"key":"REST"},{"data":"Streamline","floor":15,"key":"SMITH"}],"circlet_count":0,"master_deck":["Strike_B","Defend_B","Defend_B","Defend_B","Defend_B","Zap+1","Dualcast","Leap","Sweeping Beam","Thunder Strike","FTL","Discovery+1","Glacier","Streamline+1","Reboot","Echo Form","Defragment+1","Skim+1","Buffer+1","Aggregate+1","Force Field","Shame","Rip and Tear"],"relics":["Cracked Core","NeowsBlessing","The Courier","Golden Idol","Ginger","Cables","Runic Capacitor","Calipers","War Paint","Astrolabe","Ornamental Fan","Du-Vu Doll"],"acts_visited":["Exordium","TheCity"],"potions_floor_usage":[22,22],"damage_taken":[{"damage":0,"enemies":"Small Slimes","floor":1,"turns":1},{"damage":0,"enemies":"Jaw Worm","floor":4,"turns":1},{"damage":0,"enemies":"Gremlin Nob","floor":6,"turns":1},{"damage":40,"enemies":"3 Sentries","floor":7,"turns":7},{"damage":0,"enemies":"Cultist","floor":10,"turns":2},{"damage":0,"enemies":"Looter","floor":12,"turns":3},{"damage":9,"enemies":"2 Fungi Beasts","floor":14,"turns":3},{"damage":7,"enemies":"Slime Boss","floor":16,"turns":7},{"damage":25,"enemies":"2 Thieves","floor":18,"turns":3},{"damage":0,"enemies":"Shell Parasite","floor":19,"turns":5},{"damage":1,"enemies":"Centurion and Healer","floor":22,"turns":5},{"damage":73,"enemies":"Book of Stabbing","floor":23,"turns":5}],"seed_played":"48825513313760687","potions_obtained":[{"floor":4,"key":"Regen Potion"},{"floor":12,"key":"GamblersBrew"},{"floor":14,"key":"Strength Potion"},{"floor":18,"key":"Swift Potion"}],"is_trial":false,"path_per_floor":["M","?","T","M","?","E","?","$","T","M","R","M","T","M","R","B",null,"M","M","?","T","M","E"],"character_chosen":"DEFECT","items_purchased":["Runic Capacitor","Discovery"],"campfire_rested":1,"item_purchase_floors":[8,8],"current_hp_per_floor":[75,80,80,80,60,60,20,20,20,20,44,44,44,35,35,28,80,55,55,55,55,68,0,0],"gold":294,"neow_bonus":"THREE_ENEMY_KILL","is_daily":false,"chose_seed":false,"campfire_upgraded":1,"win_rate":0.0,"timestamp":1611158321,"path_taken":["M","?","?","?","?","E","?","?","T","M","R","M","?","M","R","BOSS","M","M","?","?","?","E"],"items_purchased_type":["Relic","Card"],"build_version":"2020-12-22","purchased_purges":0,"victory":false,"max_hp_per_floor":[75,80,80,80,80,80,80,80,80,80,80,80,80,80,80,80,80,80,80,80,80,80,80,80],"card_choices":[{"not_picked":["Turbo","Coolheaded"],"picked":"Leap","floor":1},{"not_picked":["Stack","Barrage"],"picked":"Sweeping Beam","floor":4},{"not_picked":["Conserve Battery","Hologram"],"picked":"Thunder Strike","floor":6},{"not_picked":["Reprogram","Conserve Battery"],"picked":"FTL","floor":7},{"not_picked":["Redo","Coolheaded"],"picked":"Glacier","floor":10},{"not_picked":["Barrage","Redo"],"picked":"Streamline","floor":12},{"not_picked":["Barrage","Lockon"],"picked":"Reboot","floor":14},{"not_picked":["Core Surge","Biased Cognition"],"picked":"Echo Form","floor":16},{"not_picked":["Force Field","Rebound"],"picked":"Aggregate+1","floor":18},{"not_picked":["Blizzard+1","Scrape"],"picked":"Force Field","floor":19},{"not_picked":["Undo","Streamline+1"],"picked":"Rip and Tear","floor":22}],"player_experience":311501,"relics_obtained":[{"floor":3,"key":"The Courier"},{"floor":6,"key":"Ginger"},{"floor":9,"key":"Calipers"},{"floor":13,"key":"War Paint"},{"floor":21,"key":"Du-Vu Doll"}],"event_choices":[{"damage_healed":0,"gold_gain":0,"player_choice":"Donut","damage_taken":0,"max_hp_gain":5,"max_hp_loss":0,"event_name":"Big Fish","floor":2,"gold_loss":0},{"damage_healed":0,"gold_gain":0,"player_choice":"Take Damage","damage_taken":20,"relics_obtained":["Golden Idol"],"max_hp_gain":0,"max_hp_loss":0,"event_name":"Golden Idol","floor":5,"gold_loss":0},{"damage_healed":0,"gold_gain":0,"player_choice":"Searched \u00273\u0027 times","damage_taken":0,"relics_obtained":["Cables"],"max_hp_gain":0,"max_hp_loss":0,"event_name":"Dead Adventurer","floor":7,"gold_loss":0},{"damage_healed":0,"gold_gain":0,"player_choice":"Stole Relic","damage_taken":0,"relics_obtained":["Ornamental Fan"],"max_hp_gain":0,"max_hp_loss":0,"event_name":"Addict","floor":20,"gold_loss":0,"cards_obtained":["Shame"]}],"is_beta":false,"boss_relics":[{"not_picked":["Ectoplasm","Philosopher\u0027s Stone"],"picked":"Astrolabe"}],"items_purged_floors":[],"is_endless":false,"potions_floor_spawned":[4,12,14,18],"killed_by":"Book of Stabbing","ascension_level":3}}