{"host":"8xi53560pl5zaoq2","time":1611106724,"event":{"mods":["BaseMod","Colored Map","Highlight Path","Minty Spire (QoL Compilation)","StSLib","Synergy Search"],"gold_per_floor":[114,114,39,39,59,59,94,107,187,187,216,216,232,246,246,319,319,338,77,77,77,77,112,80,80,125,125,44,44,44,61,61,61,61],"floor_reached":33,"language":"ENG","playtime":1499,"items_purged":["Regret"],"score":518,"play_id":"d6d02482-3f56-41a9-b8d8-343d89d5e8ca","local_time":"20210119183844","is_ascension_mode":true,"campfire_choices":[{"data":"Zap","floor":6,"key":"SMITH"},{"data":"Hologram","floor":10,"key":"SMITH"},{"data":"Dualcast","floor":12,"key":"SMITH"},{"data":"Chaos","floor":15,"key":"SMITH"},{"data":"Fission","floor":25,"key":"SMITH"},{"data":"Defragment","floor":27,"key":"SMITH"},{"data":"Panacea","floor":29,"key":"SMITH"},{"data":"Coolheaded","floor":32,"key":"SMITH"}],"circlet_count":0,"master_deck":["AscendersBane","Strike_B+1","Strike_B+1","Defend_B+1","Defend_B+1","Defend_B+1","Defend_B+1","Zap+1","Dualcast+1","Chill","Go for the Eyes","Scrape","Hologram+1","Sunder","Chaos+1","Coolheaded","Fission+1","Reinforced Body+1","Defragment+1","Undo","Ghostly","Ghostly","Ghostly","Biased Cognition","Panacea+1","Coolheaded+1","Gash","Steam"],"relics":["Cracked Core","NeowsBlessing","DataDisk","MealTicket","HornCleat","Prayer Wheel","Velvet Choker","PrismaticShard","Oddly Smooth Stone","Akabeko"],"acts_visited":["Exordium","TheCity"],"potions_floor_usage":[16,23,24],"damage_taken":[{"damage":0,"enemies":"2 Louse","floor":1,"turns":1},{"damage":0,"enemies":"Small Slimes","floor":5,"turns":1},{"damage":0,"enemies":"3 Sentries","floor":7,"turns":1},{"damage":4,"enemies":"Jaw Worm","floor":8,"turns":2},{"damage":3,"enemies":"Lagavulin","floor":11,"turns":6},{"damage":0,"enemies":"3 Louse","floor":13,"turns":2},{"damage":0,"enemies":"Large Slime","floor":14,"turns":6},{"damage":5,"enemies":"Hexaghost","floor":16,"turns":11},{"damage":2,"enemies":"Chosen","floor":18,"turns":6},{"damage":1,"enemies":"Slavers","floor":23,"turns":13},{"damage":0,"enemies":"2 Thieves","floor":24,"turns":5},{"damage":14,"enemies":"Snake Plant","floor":31,"turns":5},{"damage":0,"enemies":"Champ","floor":33,"turns":4}],"seed_played":"-7172814164893423854","potions_obtained":[{"floor":5,"key":"LiquidMemories"},{"floor":7,"key":"Fire Potion"},{"floor":16,"key":"Fruit Juice"},{"floor":23,"key":"Dexterity Potion"}],"is_trial":false,"path_per_floor":["M","?","$","?","M","R","E","M","T","R","E","R","M","M","R","B",null,"M","$","?","?","?","E","M","R","T","R","$","R","?","M","R","B"],"character_chosen":"DEFECT","items_purchased":["Defragment","Undo","PrismaticShard","Panacea"],"campfire_rested":0,"item_purchase_floors":[19,19,19,28],"current_hp_per_floor":[64,64,64,57,57,57,57,53,53,53,50,50,50,50,50,45,65,63,71,71,71,35,39,39,39,39,39,40,40,40,26,26,26,26],"gold":61,"neow_bonus":"THREE_ENEMY_KILL","is_daily":false,"chose_seed":false,"campfire_upgraded":8,"win_rate":0.0,"timestamp":1611106724,"path_taken":["M","?","$","?","M","R","E","M","T","R","E","R","M","M","R","BOSS","M","$","?","?","?","E","?","R","T","R","$","R","?","M","R","BOSS"],"items_purchased_type":["Card","Card","Relic","Card"],"build_version":"2020-12-22","purchased_purges":1,"victory":false,"max_hp_per_floor":[71,71,71,71,71,71,71,71,71,71,71,71,71,71,71,71,71,71,71,71,71,35,40,40,40,40,40,40,40,40,40,40,40,40],"card_choices":[{"not_picked":["Hologram","Go for the Eyes"],"picked":"Chill","floor":1},{"not_picked":["Ball Lightning","Aggregate"],"picked":"Go for the Eyes","floor":5},{"not_picked":["Leap","Rip and Tear"],"picked":"Scrape","floor":7},{"not_picked":["Streamline","Storm"],"picked":"Hologram","floor":8},{"not_picked":["Turbo","Genetic Algorithm"],"picked":"Sunder","floor":11},{"not_picked":["Reinforced Body","Blizzard"],"picked":"Chaos","floor":13},{"not_picked":["Sunder","Ball Lightning","Compile Driver"],"picked":"SKIP","floor":13},{"not_picked":["Hologram","Streamline"],"picked":"Coolheaded","floor":14},{"not_picked":["Barrage","Stack","Rebound"],"picked":"SKIP","floor":14},{"not_picked":["Thunder Strike","Meteor Strike"],"picked":"Fission","floor":16},{"not_picked":["Double Energy","Beam Cell"],"picked":"Reinforced Body+1","floor":18},{"not_picked":["Hologram","Skim","Streamline"],"picked":"SKIP","floor":18},{"not_picked":["Barrage","Recycle"],"picked":"Biased Cognition","floor":23},{"not_picked":["CrushJoints+1","Quick Slash"],"picked":"Feel No Pain","floor":24},{"not_picked":["BowlingBash","Outmaneuver","Redo"],"picked":"SKIP","floor":24},{"not_picked":["Pummel","Turbo"],"picked":"Steam","floor":31},{"not_picked":["Nirvana","FollowUp","Carnage"],"picked":"SKIP","floor":31}],"player_experience":1300455,"relics_obtained":[{"floor":7,"key":"MealTicket"},{"floor":9,"key":"HornCleat"},{"floor":11,"key":"Prayer Wheel"},{"floor":23,"key":"Oddly Smooth Stone"},{"floor":26,"key":"Akabeko"}],"event_choices":[{"damage_healed":0,"gold_gain":0,"player_choice":"Box","damage_taken":0,"relics_obtained":["DataDisk"],"max_hp_gain":0,"max_hp_loss":0,"event_name":"Big Fish","floor":2,"gold_loss":0,"cards_obtained":["Regret"]},{"cards_removed":["Strike_B"],"damage_healed":0,"gold_gain":0,"player_choice":"Card Removal","damage_taken":7,"max_hp_gain":0,"max_hp_loss":0,"event_name":"Golden Wing","floor":4,"gold_loss":0},{"damage_healed":0,"gold_gain":0,"player_choice":"Simplicity","damage_taken":0,"max_hp_gain":0,"max_hp_loss":0,"event_name":"Back to Basics","floor":20,"gold_loss":0,"cards_upgraded":["Strike_B","Strike_B","Strike_B","Defend_B","Defend_B","Defend_B","Defend_B"]},{"damage_healed":0,"gold_gain":0,"player_choice":"Ignored","damage_taken":0,"max_hp_gain":0,"max_hp_loss":0,"event_name":"Vampires","floor":21,"gold_loss":0},{"damage_healed":0,"gold_gain":0,"player_choice":"Became a Ghost","damage_taken":0,"max_hp_gain":0,"max_hp_loss":36,"event_name":"Ghosts","floor":22,"gold_loss":0,"cards_obtained":["Ghostly","Ghostly","Ghostly"]},{"damage_healed":0,"gold_gain":0,"cards_transformed":["Strike_B","Feel No Pain"],"player_choice":"Became Test Subject","damage_taken":0,"max_hp_gain":0,"max_hp_loss":0,"event_name":"Drug Dealer","floor":30,"gold_loss":0,"cards_obtained":["Coolheaded","Gash"]}],"is_beta":false,"boss_relics":[{"not_picked":["Runic Pyramid","Empty Cage"],"picked":"Velvet Choker"}],"items_purged_floors":[3],"is_endless":false,"potions_floor_spawned":[5,7,8,16,23],"killed_by":"Champ","ascension_level":15}}