{"host":"gqhy17d1xpb1p3ki","time":1611180622,"event":{"mods":["2.2 Compatiblity","AchievementEnabler","BaseMod","Bestiary","Colored Map","Colored Powertips","Curses Come First","Downfall","Duelist Mod","Hermit","Marisa????????","Minty Spire (QoL Compilation)","Rare Cards Sparkle","Shop Mod","StSLib","The Animator","The Bug Knight","The Cursed","The Disciple","The Hierophant","The Necromancer","The Runesmith","The Servant 0.9.4","Yuri Mod"],"gold_per_floor":[109,126,144,144,25,60,78,78,78,103,54,54,68,88,88,188,188,199,149,159,176,186,186,186,186,186,186,196,8,22,47,47,47,47],"floor_reached":33,"language":"ENG","playtime":13264,"items_purged":[],"score":279,"play_id":"775fc8ed-bcf1-4ff3-af40-c15461e4899b","local_time":"20210120171022","is_ascension_mode":false,"campfire_choices":[{"data":"Runesmith:Empowerment","floor":8,"key":"SMITH"},{"data":"Runesmith:CraftIncendium","floor":12,"key":"SMITH"},{"data":"Runesmith:Permafrost","floor":15,"key":"SMITH"},{"data":"Runesmith:UnlimitedPower","floor":23,"key":"SMITH"},{"data":"Runesmith:CraftFirestone","floor":25,"key":"SMITH"},{"data":"Runesmith:Grindstone","floor":27,"key":"SMITH"},{"data":"Runesmith:FrozenChisel","floor":32,"key":"SMITH"}],"circlet_count":0,"master_deck":["Runesmith:Strike_RS","Runesmith:Strike_RS","Runesmith:Strike_RS","Runesmith:Defend_RS","Runesmith:Defend_RS","Runesmith:Defend_RS","Runesmith:Defend_RS","Runesmith:CraftFirestone+1","Runesmith:Fortify","Runesmith:ChiselStab","Runesmith:EarthShield","Runesmith:FrozenChisel+1","Runesmith:RuneHurl","Runesmith:UnlimitedPower+1","Runesmith:Grindstone+1","Runesmith:OneForEveryone","Runesmith:Empowerment+1","Runesmith:CraftIncendium+1","Runesmith:HeatExchange","Runesmith:EarthShield","Runesmith:Permafrost+1","Runesmith:CreatorForm","Runesmith:CraftProtectio","Runesmith:HammerAndChisel","Runesmith:Firewall","Runesmith:PerfectChisel","Runesmith:GenerateForcefield","Runesmith:LithiumIon","Runesmith:BackupBattery","Runesmith:CraftMagma+1"],"relics":["Runesmith:BrokenRuby","yuri:PortableGlitches","Shuriken","Runesmith:MiniCore","Coffee Dripper","Nilry\u0027s Codex","Question Card","TheAbacus","Dream Catcher"],"acts_visited":["Exordium","TheCity"],"potions_floor_usage":[33],"damage_taken":[{"damage":1,"enemies":"Cultist","floor":1,"turns":5},{"damage":0,"enemies":"2 Louse","floor":2,"turns":2},{"damage":0,"enemies":"Jaw Worm","floor":3,"turns":4},{"damage":13,"enemies":"HollowMod:MossKnight","floor":6,"turns":9},{"damage":2,"enemies":"Lots of Slimes","floor":7,"turns":4},{"damage":19,"enemies":"Gremlin Nob","floor":10,"turns":4},{"damage":0,"enemies":"2 Fungi Beasts","floor":13,"turns":4},{"damage":0,"enemies":"Looter","floor":14,"turns":3},{"damage":13,"enemies":"Hexaghost","floor":16,"turns":11},{"damage":0,"enemies":"Shell Parasite","floor":18,"turns":6},{"damage":14,"enemies":"3 Byrds","floor":20,"turns":3},{"damage":0,"enemies":"Cultist and Chosen","floor":21,"turns":6},{"damage":6,"enemies":"Centurion and Healer","floor":22,"turns":6},{"damage":13,"enemies":"Snake Plant","floor":28,"turns":5},{"damage":9,"enemies":"Cultist and Chosen","floor":30,"turns":7},{"damage":3,"enemies":"theDuelist:KaibaA2","floor":31,"turns":6},{"damage":21,"enemies":"Collector","floor":33,"turns":3}],"seed_played":"8052090788493964250","potions_obtained":[{"floor":7,"key":"AttackPotion"},{"floor":14,"key":"Energy Potion"},{"floor":16,"key":"Strength Potion"}],"is_trial":false,"path_per_floor":["M","M","M","?","$","E","M","R","T","E","$","R","M","M","R","B",null,"M","?","M","M","M","R","?","R","T","R","M","$","M","E","R","B"],"character_chosen":"RUNESMITH_CLASS","items_purchased":["Runesmith:UnlimitedPower","Runesmith:Grindstone","Runesmith:HeatExchange","Runesmith:LithiumIon","TheAbacus"],"campfire_rested":0,"item_purchase_floors":[5,5,11,29,29],"current_hp_per_floor":[76,76,76,76,76,63,61,61,61,42,42,42,42,42,42,29,77,77,77,63,63,57,57,41,41,41,41,28,28,19,16,16,0,0],"gold":47,"neow_bonus":"TEN_PERCENT_HP_BONUS","is_daily":false,"chose_seed":false,"campfire_upgraded":7,"win_rate":0.0,"timestamp":1611180622,"path_taken":["M","?","M","?","$","E","M","R","T","E","$","R","?","?","R","BOSS","M","?","?","M","M","R","?","R","T","R","M","$","M","E","R","BOSS"],"items_purchased_type":["Card","Card","Card","Card","Relic"],"build_version":"2020-12-22","purchased_purges":0,"victory":false,"max_hp_per_floor":[77,77,77,77,77,77,77,77,77,77,77,77,77,77,77,77,77,77,77,77,77,77,77,77,77,77,77,77,77,77,77,77,77,77],"card_choices":[{"not_picked":["Runesmith:Repurpose","Runesmith:ShiftingStrike"],"picked":"Runesmith:ChiselStab","floor":1},{"not_picked":["Runesmith:CraftMagma","Runesmith:Firewall"],"picked":"Runesmith:EarthShield","floor":2},{"not_picked":["Runesmith:ChiselStab","Runesmith:UnstableHammer"],"picked":"Runesmith:FrozenChisel","floor":3},{"not_picked":["Runesmith:Overpower","Runesmith:RuneHurl"],"picked":"Runesmith:OneForEveryone","floor":6},{"not_picked":["Runesmith:GenerateForcefield","Runesmith:CraftReservo"],"picked":"Runesmith:Empowerment","floor":7},{"not_picked":["Runesmith:EnergizedChisel","Runesmith:RuneHurl"],"picked":"Runesmith:CraftIncendium","floor":10},{"not_picked":["Runesmith:HeatExchange","Runesmith:ShiftingStrike"],"picked":"Runesmith:EarthShield","floor":13},{"not_picked":["Runesmith:UnstableHammer","Runesmith:Repurpose"],"picked":"Runesmith:Permafrost","floor":14},{"not_picked":["Runesmith:UnlimitedPower","Runesmith:LightningRod"],"picked":"Runesmith:CreatorForm","floor":16},{"not_picked":["Runesmith:CraftSpiculum","Runesmith:Firewall"],"picked":"Runesmith:CraftProtectio","floor":18},{"not_picked":["Runesmith:Discharge","Runesmith:RuneHurl+1"],"picked":"Runesmith:HammerAndChisel","floor":20},{"not_picked":["Runesmith:Repurpose","Runesmith:Grindstone"],"picked":"Runesmith:Firewall","floor":21},{"not_picked":["Runesmith:CraftProtectio","Runesmith:LightningRod"],"picked":"Runesmith:PerfectChisel","floor":22},{"not_picked":["Runesmith:BackupBattery","Runesmith:HeatExchange","Runesmith:DoubleUp+1"],"picked":"Runesmith:GenerateForcefield","floor":28},{"not_picked":["Runesmith:FrozenChisel+1","Runesmith:CraftIncendium","Runesmith:MakeshiftArmor"],"picked":"Runesmith:BackupBattery","floor":30},{"not_picked":["Runesmith:CraftSpiculum","Runesmith:EnergizedChisel","Runesmith:StaticCage"],"picked":"Runesmith:CraftMagma+1","floor":31}],"player_experience":383160,"relics_obtained":[{"floor":6,"key":"yuri:PortableGlitches"},{"floor":9,"key":"Shuriken"},{"floor":10,"key":"Runesmith:MiniCore"},{"floor":24,"key":"Nilry\u0027s Codex"},{"floor":26,"key":"Question Card"},{"floor":31,"key":"Dream Catcher"}],"event_choices":[{"damage_healed":0,"gold_gain":0,"cards_transformed":["Runesmith:Strike_RS"],"player_choice":"Transformed","damage_taken":0,"max_hp_gain":0,"max_hp_loss":0,"event_name":"Transmorgrifier","floor":4,"gold_loss":0,"cards_obtained":["Runesmith:RuneHurl"]},{"damage_healed":0,"gold_gain":0,"player_choice":"Bet on Murderer","damage_taken":0,"max_hp_gain":0,"max_hp_loss":0,"event_name":"The Joust","floor":19,"gold_loss":50},{"damage_healed":0,"gold_gain":0,"player_choice":"Obtained Book","damage_taken":16,"max_hp_gain":0,"max_hp_loss":0,"event_name":"Cursed Tome","floor":24,"gold_loss":0}],"is_beta":false,"boss_relics":[{"not_picked":["Runesmith:PocketReactor","Runesmith:CoreCrystal"],"picked":"Coffee Dripper"}],"items_purged_floors":[],"is_endless":false,"potions_floor_spawned":[7,14,16,21,22,28],"killed_by":"Collector","ascension_level":0}}