{"host":"b5ofb9azpmwqws3x","time":1611129357,"event":{"mods":["BaseMod","Minty Spire (QoL Compilation)"],"gold_per_floor":[117,135,152,152,170,170,211,235,235,235,235,271,346,346,346],"floor_reached":14,"language":"ENG","playtime":435,"items_purged":[],"score":130,"play_id":"c938be58-a235-42d0-9170-81b3f7e05e25","local_time":"20210120105557","is_ascension_mode":true,"campfire_choices":[{"data":"Dagger Spray","floor":6,"key":"SMITH"},{"floor":11,"key":"REST"}],"circlet_count":0,"master_deck":["Strike_G","Strike_G","Strike_G","Strike_G","Strike_G","Defend_G","Defend_G","Defend_G","Defend_G+1","Defend_G","Survivor+1","Neutralize","Injury","Dagger Spray+1","Poisoned Stab","Writhe","Regret"],"relics":["Cursed Key","Golden Idol","Snake Skull","War Paint","Calipers","Nunchaku"],"acts_visited":["Exordium"],"potions_floor_usage":[7,12],"damage_taken":[{"damage":0,"enemies":"Jaw Worm","floor":1,"turns":5},{"damage":0,"enemies":"2 Louse","floor":2,"turns":4},{"damage":0,"enemies":"Cultist","floor":3,"turns":4},{"damage":8,"enemies":"Exordium Wildlife","floor":5,"turns":8},{"damage":12,"enemies":"Gremlin Nob","floor":7,"turns":5},{"damage":6,"enemies":"2 Fungi Beasts","floor":8,"turns":3},{"damage":14,"enemies":"3 Sentries","floor":12,"turns":10},{"damage":35,"enemies":"Lagavulin","floor":14,"turns":6}],"seed_played":"-2144853059484907268","potions_obtained":[{"floor":1,"key":"Dexterity Potion"},{"floor":2,"key":"BlessingOfTheForge"}],"is_trial":false,"path_per_floor":["M","M","M","?","M","R","E","M","T","T","R","E","?","E"],"character_chosen":"THE_SILENT","items_purchased":[],"campfire_rested":1,"item_purchase_floors":[],"current_hp_per_floor":[63,63,63,63,55,55,43,37,37,37,58,44,33,0,0],"gold":346,"neow_bonus":"BOSS_RELIC","is_daily":false,"chose_seed":false,"campfire_upgraded":1,"win_rate":0.0,"timestamp":1611129357,"path_taken":["M","M","M","?","M","R","E","M","T","?","R","E","?","E"],"items_purchased_type":[],"build_version":"2020-12-22","purchased_purges":0,"victory":false,"max_hp_per_floor":[70,70,70,70,70,70,70,70,70,70,70,70,70,70,70],"card_choices":[{"not_picked":["Distraction","Expertise","Reflex"],"picked":"SKIP","floor":1},{"not_picked":["Dagger Throw","Bane","Blur"],"picked":"SKIP","floor":2},{"not_picked":["Flying Knee","Underhanded Strike","Sucker Punch"],"picked":"SKIP","floor":3},{"not_picked":["All Out Attack","Poisoned Stab"],"picked":"Dagger Spray","floor":5},{"not_picked":["Dagger Spray","Cloak And Dagger"],"picked":"Poisoned Stab","floor":7},{"not_picked":["Quick Slash","Dodge and Roll","Doppelganger"],"picked":"SKIP","floor":8},{"not_picked":["Slice","Underhanded Strike","Endless Agony"],"picked":"SKIP","floor":12}],"player_experience":259354,"relics_obtained":[{"floor":7,"key":"Snake Skull"},{"floor":9,"key":"War Paint"},{"floor":10,"key":"Calipers"},{"floor":12,"key":"Nunchaku"}],"event_choices":[{"damage_healed":0,"gold_gain":0,"player_choice":"Take Wound","damage_taken":0,"relics_obtained":["Golden Idol"],"max_hp_gain":0,"max_hp_loss":0,"event_name":"Golden Idol","floor":4,"gold_loss":0,"cards_obtained":["Injury"]},{"damage_healed":0,"gold_gain":75,"player_choice":"Gather Gold","damage_taken":11,"max_hp_gain":0,"max_hp_loss":0,"event_name":"World of Goop","floor":13,"gold_loss":0}],"is_beta":false,"boss_relics":[],"items_purged_floors":[],"is_endless":false,"potions_floor_spawned":[1,2],"killed_by":"Lagavulin","ascension_level":6}}