{"host":"ttx8tv95o5vka1nm","time":1611125709,"event":{"mods":["AchievementEnabler","BaseMod","Colored Map","Downfall","Infinite Spire","Minty Spire (QoL Compilation)","Shop Mod","StSLib","The Jungle"],"gold_per_floor":[115,215,227,227,243,277,290,322,322,322,322],"floor_reached":10,"language":"ENG","playtime":570,"items_purged":[],"score":101,"play_id":"7dd8c8bd-9203-4273-9862-21f928d22608","local_time":"20210120165509","is_ascension_mode":true,"campfire_choices":[],"circlet_count":0,"master_deck":["Strike_R","Strike_R","Strike_R","Strike_R","Strike_R","Defend_R","Defend_R","Defend_R","Defend_R","Bash","infinitespire:OneForAll+1","Rampage","Battle Trance","Body Slam","Berserk","Iron Wave"],"relics":["Burning Blood","NeowsBlessing","TungstenRod","Meat on the Bone","infinitespire:WardingShard"],"acts_visited":["Exordium"],"potions_floor_usage":[6,8,10,10],"damage_taken":[{"damage":0,"enemies":"Jaw Worm","floor":1,"turns":1},{"damage":0,"enemies":"Cultist","floor":3,"turns":1},{"damage":0,"enemies":"2 Louse","floor":5,"turns":1},{"damage":45,"enemies":"3 Sentries","floor":6,"turns":9},{"damage":10,"enemies":"Looter","floor":7,"turns":3},{"damage":14,"enemies":"Gremlin Nob","floor":8,"turns":3},{"damage":29,"enemies":"3 Sentries","floor":10,"turns":6}],"seed_played":"2384038083044602601","potions_obtained":[{"floor":1,"key":"LiquidBronze"},{"floor":3,"key":"bronze:BurnAndBuffPotion"},{"floor":7,"key":"Strength Potion"},{"floor":8,"key":"LiquidMemories"}],"is_trial":false,"path_per_floor":["M","?","M","?","M","E","M","E","T","E"],"character_chosen":"IRONCLAD","items_purchased":[],"campfire_rested":0,"item_purchase_floors":[],"current_hp_per_floor":[78,78,80,80,80,41,37,29,29,0,0],"gold":322,"neow_bonus":"THREE_ENEMY_KILL","is_daily":false,"chose_seed":false,"campfire_upgraded":0,"win_rate":0.0,"timestamp":1611125709,"path_taken":["M","?","?","?","?","E","M","E","T","E"],"items_purchased_type":[],"build_version":"2020-12-22","purchased_purges":0,"victory":false,"max_hp_per_floor":[80,80,80,80,80,80,80,80,80,80,80],"card_choices":[{"not_picked":["Havoc","Heavy Blade"],"picked":"infinitespire:OneForAll","floor":1},{"not_picked":["Warcry","Anger"],"picked":"Rampage","floor":3},{"not_picked":["Heavy Blade","Ghostly Armor"],"picked":"Battle Trance","floor":5},{"not_picked":["Seeing Red","Havoc"],"picked":"Body Slam","floor":6},{"not_picked":["Dropkick","Sword Boomerang"],"picked":"Berserk","floor":7},{"not_picked":["Pummel","True Grit"],"picked":"Iron Wave","floor":8}],"player_experience":751461,"relics_obtained":[{"floor":6,"key":"TungstenRod"},{"floor":8,"key":"Meat on the Bone"},{"floor":9,"key":"infinitespire:WardingShard"}],"event_choices":[{"damage_healed":0,"gold_gain":100,"player_choice":"Pray","damage_taken":0,"max_hp_gain":0,"max_hp_loss":0,"event_name":"Golden Shrine","floor":2,"gold_loss":0},{"damage_healed":0,"gold_gain":0,"player_choice":"Upgraded","damage_taken":0,"max_hp_gain":0,"max_hp_loss":0,"event_name":"Upgrade Shrine","floor":4,"gold_loss":0,"cards_upgraded":["infinitespire:OneForAll"]}],"is_beta":false,"boss_relics":[],"items_purged_floors":[],"is_endless":false,"potions_floor_spawned":[1,3,7,8],"killed_by":"3 Sentries","ascension_level":6}}