{"host":"nbmmy2ys5j9alw05","time":1611145277,"event":{"mods":["AchievementEnabler","BaseMod","Bestiary","Better Vampires","Colored Map","Colored Powertips","Googly Eyes","Minty Spire (QoL Compilation)","Quick Restart","StSLib","The Hierophant","The IronCluck","everything is the same but u backflip on backflip"],"gold_per_floor":[109,109,109,119,137,212,202,202],"floor_reached":7,"language":"ENG","playtime":148,"items_purged":[],"score":45,"play_id":"0c745b5c-4fdb-42ac-b6a0-c9598f1d4e20","local_time":"20210120042117","is_ascension_mode":true,"campfire_choices":[],"circlet_count":0,"master_deck":["hierophant:Strike_Hierophant+1","hierophant:Strike_Hierophant+1","hierophant:Strike_Hierophant","hierophant:Punish","hierophant:Defend_Hierophant","hierophant:Defend_Hierophant","hierophant:Defend_Hierophant","hierophant:Defend_Hierophant","hierophant:ChurchCoffers","hierophant:Repentance","hierophant:PristineSoul","hierophant:Endure"],"relics":["hierophant:PropheticMaskRelic","NeowsBlessing"],"acts_visited":["Exordium"],"potions_floor_usage":[],"damage_taken":[{"damage":0,"enemies":"2 Louse","floor":1,"turns":1},{"damage":0,"enemies":"Jaw Worm","floor":4,"turns":1},{"damage":0,"enemies":"Cultist","floor":5,"turns":1},{"damage":7,"enemies":"3 Sentries","floor":7,"turns":5}],"seed_played":"-1347845760533592058","potions_obtained":[{"floor":5,"key":"DistilledChaos"}],"is_trial":false,"path_per_floor":["M","?","?","M","M","?","E"],"character_chosen":"HIEROPHANT","items_purchased":[],"campfire_rested":0,"item_purchase_floors":[],"current_hp_per_floor":[75,60,60,60,60,49,42,42],"gold":202,"neow_bonus":"THREE_ENEMY_KILL","is_daily":false,"chose_seed":false,"campfire_upgraded":0,"win_rate":0.0,"timestamp":1611145277,"path_taken":["M","?","?","M","?","?","E"],"items_purchased_type":[],"build_version":"2020-12-22","purchased_purges":0,"victory":false,"max_hp_per_floor":[75,75,75,75,75,75,75,75],"card_choices":[{"not_picked":["hierophant:Remorse","hierophant:HolyVerse"],"picked":"hierophant:Repentance","floor":1},{"not_picked":["hierophant:RepressedViolence","hierophant:Dazzle"],"picked":"hierophant:PristineSoul","floor":4},{"not_picked":["hierophant:AuricBeam","hierophant:ThreeLashes"],"picked":"hierophant:Endure","floor":5}],"player_experience":507013,"relics_obtained":[],"event_choices":[{"damage_healed":0,"gold_gain":0,"player_choice":"Entered Light","damage_taken":15,"max_hp_gain":0,"max_hp_loss":0,"event_name":"Shining Light","floor":2,"gold_loss":0,"cards_upgraded":["hierophant:Strike_Hierophant","hierophant:Strike_Hierophant"]},{"cards_removed":["hierophant:Strike_Hierophant"],"damage_healed":0,"gold_gain":0,"player_choice":"Purged","damage_taken":0,"max_hp_gain":0,"max_hp_loss":0,"event_name":"Purifier","floor":3,"gold_loss":0},{"damage_healed":0,"gold_gain":75,"player_choice":"Gather Gold","damage_taken":11,"max_hp_gain":0,"max_hp_loss":0,"event_name":"World of Goop","floor":6,"gold_loss":0}],"is_beta":false,"boss_relics":[],"items_purged_floors":[],"is_endless":false,"potions_floor_spawned":[5],"killed_by":"3 Sentries","ascension_level":2}}