{"host":"jlk2k69f9c6o7b3e","time":1611158612,"event":{"mods":["BaseMod","Minty Spire (QoL Compilation)","StSLib"],"gold_per_floor":[111,124,399,412,487,519,538,548,548,573,10,10,22,68,68,165,165,183,212,212,261,261,288,288,8,8,38,53,67,93,93,93,197,197,215,227,227,277,62,97,110,164,190,190,210,210,242,254,254,254,254,254,12,39,39],"floor_reached":56,"language":"ZHS","playtime":4068,"items_purged":[],"score":1638,"play_id":"5b567668-c7d2-4303-895e-ad92889a9e53","local_time":"20210121000332","is_ascension_mode":true,"campfire_choices":[{"data":"Armaments","floor":12.0,"key":"SMITH"},{"floor":15.0,"key":"REST"},{"data":"Berserk","floor":24.0,"key":"SMITH"},{"data":"Inflame","floor":32.0,"key":"SMITH"},{"floor":46.0,"key":"RECALL"},{"data":"Magnetism","floor":49.0,"key":"SMITH"},{"data":"Brutality","floor":52.0,"key":"SMITH"}],"circlet_count":0,"master_deck":["Strike_R","Strike_R","Strike_R","Strike_R","Strike_R","Defend_R+1","Defend_R","Defend_R","Defend_R+1","Bash","Flex","Pommel Strike","Headbutt","Sword Boomerang","Flex","Heavy Blade","Armaments+1","Twin Strike","Berserk+1","CurseOfTheBell","Cleave+1","Heavy Blade+1","Pummel+1","Inflame+1","Dramatic Entrance+1","Pommel Strike+1","Heavy Blade+1","Rage+1","Brutality+1","Battle Trance+1","Evolve+1","Bandage Up","Magnetism+1","Discovery","Headbutt+1","Evolve","Heavy Blade+1","Dropkick+1","Inflame+1","Clothesline+1","Hemokinesis+1","Dark Embrace+1","Warcry","Rupture","Shrug It Off","Warcry+1"],"relics":["Burning Blood","NeowsBlessing","War Paint","Tiny Chest","TungstenRod","Meat on the Bone","Bag of Marbles","Calling Bell","Omamori","Molten Egg 2","Dead Branch","Red Mask","Singing Bowl","Ancient Tea Set","Incense Burner","ClockworkSouvenir","Ornamental Fan","Pear","Paper Frog","Mummified Hand","SlaversCollar","Charon\u0027s Ashes","Toolbox","Strawberry","Orichalcum","Happy Flower","HornCleat","MealTicket","Blue Candle"],"acts_visited":["Exordium","TheCity","TheBeyond","TheEnding"],"potions_floor_usage":[54,55],"damage_taken":[{"damage":0.0,"enemies":"Cultist","floor":1.0,"turns":1.0},{"damage":0.0,"enemies":"2 Louse","floor":2.0,"turns":1.0},{"damage":0.0,"enemies":"Jaw Worm","floor":4.0,"turns":1.0},{"damage":34.0,"enemies":"3 Sentries","floor":6.0,"turns":8.0},{"damage":18.0,"enemies":"3 Louse","floor":7.0,"turns":4.0},{"damage":4.0,"enemies":"Looter","floor":8.0,"turns":3.0},{"damage":21.0,"enemies":"Lagavulin","floor":10.0,"turns":6.0},{"damage":9.0,"enemies":"2 Fungi Beasts","floor":13.0,"turns":3.0},{"damage":41.0,"enemies":"The Guardian","floor":16.0,"turns":10.0},{"damage":6.0,"enemies":"Chosen","floor":18.0,"turns":4.0},{"damage":29.0,"enemies":"Masked Bandits","floor":19.0,"turns":5.0},{"damage":51.0,"enemies":"Book of Stabbing","floor":23.0,"turns":5.0},{"damage":0.0,"enemies":"Gremlin Leader","floor":27.0,"turns":3.0},{"damage":0.0,"enemies":"3 Byrds","floor":28.0,"turns":4.0},{"damage":3.0,"enemies":"Cultist and Chosen","floor":29.0,"turns":3.0},{"damage":4.0,"enemies":"Book of Stabbing","floor":30.0,"turns":3.0},{"damage":58.0,"enemies":"Collector","floor":33.0,"turns":8.0},{"damage":0.0,"enemies":"Orb Walker","floor":35.0,"turns":2.0},{"damage":0.0,"enemies":"3 Shapes","floor":36.0,"turns":1.0},{"damage":16.0,"enemies":"Mind Bloom Boss Battle","floor":38.0,"turns":3.0},{"damage":9.0,"enemies":"Reptomancer","floor":40.0,"turns":3.0},{"damage":0.0,"enemies":"Sphere and 2 Shapes","floor":41.0,"turns":2.0},{"damage":7.0,"enemies":"Giant Head","floor":42.0,"turns":5.0},{"damage":13.0,"enemies":"Maw","floor":45.0,"turns":5.0},{"damage":0.0,"enemies":"Nemesis","floor":47.0,"turns":3.0},{"damage":0.0,"enemies":"3 Darklings","floor":48.0,"turns":4.0},{"damage":25.0,"enemies":"Time Eater","floor":50.0,"turns":4.0},{"damage":1,"enemies":"Shield and Spear","floor":54,"turns":3},{"damage":66,"enemies":"The Heart","floor":55,"turns":6}],"seed_played":"1451477419478092182","potions_obtained":[{"floor":2.0,"key":"Fire Potion"},{"floor":4.0,"key":"PowerPotion"},{"floor":16.0,"key":"AttackPotion"},{"floor":18.0,"key":"HeartOfIron"},{"floor":23.0,"key":"EntropicBrew"},{"floor":29.0,"key":"SteroidPotion"},{"floor":40.0,"key":"FairyPotion"},{"floor":42.0,"key":"SteroidPotion"},{"floor":45.0,"key":"Energy Potion"},{"floor":47.0,"key":"FairyPotion"},{"floor":48.0,"key":"Swift Potion"},{"floor":54,"key":"BlessingOfTheForge"}],"is_trial":false,"path_per_floor":["M","M","?","M","?","E","M","M","T","E","$","R","M","T","R","B",null,"M","?","?","T","?","E","R","$","T","E","M","M","E","T","R","B",null,"M","M","?","?","$","E","M","E","T","T","M","R","E","M","R","B",null,"R","$","E","B",null],"character_chosen":"IRONCLAD","items_purchased":["TungstenRod","Meat on the Bone","Inflame","ClockworkSouvenir","Dramatic Entrance+1","Toolbox","Evolve","CultistPotion","Warcry","Rupture","Shrug It Off"],"campfire_rested":1,"item_purchase_floors":[11,11,25,25,25,39,39,53,53,53,53],"current_hp_per_floor":[80,80,80,80,69,41,29,31,31,16,16,16,25,25,49,26,80,80,57,57,57,57,24,24,24,24,52,58,61,65,65,65,25,92,92,92,83,73,73,81,91,90,90,90,87,87,93,99,99,80,99,99,99,99,55],"gold":39,"neow_bonus":"THREE_ENEMY_KILL","is_daily":false,"chose_seed":false,"campfire_upgraded":5,"win_rate":0.0,"timestamp":1611158612,"path_taken":["M","?","?","?","?","E","M","M","T","E","$","R","M","?","R","BOSS","M","?","?","?","?","E","R","?","T","E","?","M","E","?","R","BOSS","M","?","?","?","$","E","M","E","T","?","M","R","E","M","R","BOSS","R","$","E","BOSS"],"items_purchased_type":["Relic","Relic","Card","Relic","Card","Relic","Card","Potion","Card","Card","Card"],"build_version":"2020-12-22","purchased_purges":0,"victory":true,"max_hp_per_floor":[80,80,80,80,80,80,80,80,80,80,80,80,80,80,80,80,80,80,80,80,80,80,80,80,80,80,90,90,90,92,92,92,92,92,92,92,92,92,92,99,99,99,99,99,99,99,99,99,99,99,99,99,99,99,99],"card_choices":[{"not_picked":["Cleave","Shockwave"],"picked":"Flex","floor":1.0},{"not_picked":["Intimidate","Sentinel"],"picked":"Pommel Strike","floor":2.0},{"not_picked":["Clothesline","Sever Soul"],"picked":"Headbutt","floor":4.0},{"not_picked":["Reaper","Reckless Charge"],"picked":"Sword Boomerang","floor":6.0},{"not_picked":["Sword Boomerang","Cleave"],"picked":"Flex","floor":7.0},{"not_picked":["Armaments","Flex"],"picked":"Heavy Blade","floor":8.0},{"not_picked":["Shrug It Off","Clash"],"picked":"Armaments","floor":10.0},{"not_picked":["Body Slam","Havoc"],"picked":"Twin Strike","floor":13.0},{"not_picked":["Juggernaut","Exhume"],"picked":"Berserk","floor":16.0},{"not_picked":["Intimidate","Armaments"],"picked":"Cleave+1","floor":18.0},{"not_picked":["Uppercut+1","Armaments"],"picked":"Heavy Blade+1","floor":19.0},{"not_picked":["Exhume","Warcry"],"picked":"Pummel+1","floor":23.0},{"not_picked":["Evolve+1","Bloodletting"],"picked":"Pommel Strike+1","floor":27.0},{"not_picked":["Anger+1","Clash+1"],"picked":"Heavy Blade+1","floor":28.0},{"not_picked":["Iron Wave+1","Combust"],"picked":"Rage+1","floor":29.0},{"not_picked":["Clash+1","Carnage+1","Entrench"],"picked":"Singing Bowl","floor":30.0},{"not_picked":["Corruption","Exhume"],"picked":"Brutality","floor":33.0},{"not_picked":["Dark Embrace","Uppercut+1"],"picked":"Battle Trance+1","floor":35.0},{"not_picked":["Flex","Perfected Strike+1"],"picked":"Evolve+1","floor":36.0},{"not_picked":["Finesse","Madness"],"picked":"Bandage Up","floor":37.0},{"not_picked":["Discovery","Apotheosis"],"picked":"Magnetism","floor":37.0},{"not_picked":["Jack Of All Trades","Enlightenment"],"picked":"Discovery","floor":37.0},{"not_picked":["Havoc","Warcry"],"picked":"Headbutt+1","floor":38.0},{"not_picked":["Feed+1","Warcry+1"],"picked":"Heavy Blade+1","floor":40.0},{"not_picked":["Perfected Strike+1","True Grit+1"],"picked":"Dropkick+1","floor":41.0},{"not_picked":["Fire Breathing+1","Wild Strike+1"],"picked":"Inflame+1","floor":42.0},{"not_picked":["Armaments","Flex"],"picked":"Clothesline+1","floor":45.0},{"not_picked":["Clothesline+1","Perfected Strike+1"],"picked":"Hemokinesis+1","floor":47.0},{"not_picked":["Flame Barrier+1","Juggernaut"],"picked":"Dark Embrace+1","floor":48.0},{"not_picked":["Exhume","Feel No Pain+1"],"picked":"Warcry+1","floor":54}],"player_experience":248960,"relics_obtained":[{"floor":6.0,"key":"War Paint"},{"floor":10.0,"key":"Tiny Chest"},{"floor":14.0,"key":"Bag of Marbles"},{"floor":17.0,"key":"Omamori"},{"floor":17.0,"key":"Molten Egg 2"},{"floor":17.0,"key":"Dead Branch"},{"floor":19.0,"key":"Red Mask"},{"floor":21.0,"key":"Ancient Tea Set"},{"floor":23.0,"key":"Incense Burner"},{"floor":26.0,"key":"Ornamental Fan"},{"floor":27.0,"key":"Pear"},{"floor":30.0,"key":"Paper Frog"},{"floor":31.0,"key":"Mummified Hand"},{"floor":38.0,"key":"Charon\u0027s Ashes"},{"floor":40.0,"key":"Strawberry"},{"floor":42.0,"key":"Orichalcum"},{"floor":43.0,"key":"Happy Flower"},{"floor":44.0,"key":"HornCleat"},{"floor":47.0,"key":"MealTicket"},{"floor":54,"key":"Blue Candle"}],"event_choices":[{"damage_healed":0.0,"max_hp_gain":0.0,"max_hp_loss":0.0,"gold_gain":275.0,"event_name":"Golden Shrine","player_choice":"Desecrate","floor":3.0,"gold_loss":0.0,"damage_taken":0.0,"cards_obtained":["Regret"]},{"damage_healed":0.0,"max_hp_gain":0.0,"max_hp_loss":0.0,"gold_gain":75.0,"event_name":"World of Goop","player_choice":"Gather Gold","floor":5.0,"gold_loss":0.0,"damage_taken":11.0},{"damage_healed":0.0,"max_hp_gain":0.0,"max_hp_loss":0.0,"gold_gain":0.0,"event_name":"Masked Bandits","player_choice":"Fought Bandits","floor":19.0,"gold_loss":0.0,"damage_taken":0.0},{"damage_healed":0.0,"max_hp_gain":0.0,"max_hp_loss":0.0,"gold_gain":0.0,"event_name":"Addict","player_choice":"Stole Relic","floor":20.0,"gold_loss":0.0,"damage_taken":0.0,"relics_obtained":["Singing Bowl"],"cards_obtained":["Shame"]},{"cards_removed":["Regret"],"damage_healed":0.0,"max_hp_gain":0.0,"max_hp_loss":0.0,"gold_gain":0.0,"event_name":"Back to Basics","player_choice":"Elegance","floor":22.0,"gold_loss":0.0,"damage_taken":0.0},{"damage_healed":0.0,"max_hp_gain":0.0,"max_hp_loss":0.0,"gold_gain":0.0,"event_name":"SensoryStone","player_choice":"Memory 3","floor":37.0,"gold_loss":0.0,"damage_taken":10.0},{"damage_healed":0.0,"max_hp_gain":0.0,"max_hp_loss":0.0,"gold_gain":0.0,"event_name":"MindBloom","player_choice":"Fight","floor":38.0,"gold_loss":0.0,"damage_taken":0.0}],"is_beta":false,"boss_relics":[{"not_picked":["Cursed Key","Busted Crown"],"picked":"Calling Bell"},{"not_picked":["SacredBark","Runic Pyramid"],"picked":"SlaversCollar"}],"items_purged_floors":[],"is_endless":false,"potions_floor_spawned":[2,4,16,18,23,29,40,42,45,47,48,54],"ascension_level":2}}