{"host":"oehe2dxjvdgux73m","time":1611140342,"event":{"mods":["AchievementEnabler","BaseMod","Colored Map","Colored Powertips","DeckTracker","Keyboard Shortcuts","Minty Spire (QoL Compilation)","Permanent Neow","Quick Restart","StSLib","SuperFastMode"],"gold_per_floor":[118,135,150,51,69,69,69,69],"floor_reached":7,"language":"KOR","playtime":202,"items_purged":["Strike_G"],"score":86,"play_id":"787486a8-c3ea-4d28-b8f4-f7074fa27f76","local_time":"20210120195902","is_ascension_mode":true,"campfire_choices":[{"data":"Dagger Spray","floor":6,"key":"SMITH"}],"circlet_count":0,"master_deck":["AscendersBane","Strike_G","Strike_G","Strike_G","Strike_G","Defend_G","Defend_G","Defend_G","Defend_G","Defend_G","Survivor","Neutralize","Calculated Gamble","Noxious Fumes","Cloak And Dagger","Dagger Spray+1","Cloak And Dagger"],"relics":["Ring of the Snake"],"acts_visited":["Exordium"],"potions_floor_usage":[5,7],"damage_taken":[{"damage":7,"enemies":"Cultist","floor":1,"turns":4},{"damage":0,"enemies":"2 Louse","floor":2,"turns":2},{"damage":6,"enemies":"Jaw Worm","floor":3,"turns":6},{"damage":24,"enemies":"Exordium Thugs","floor":5,"turns":6},{"damage":23,"enemies":"Lagavulin","floor":7,"turns":5}],"seed_played":"-2080326259735545537","potions_obtained":[{"floor":1,"key":"Energy Potion"},{"floor":2,"key":"SteroidPotion"},{"floor":5,"key":"GamblersBrew"}],"is_trial":false,"path_per_floor":["M","M","M","$","M","R","E"],"character_chosen":"THE_SILENT","items_purchased":["Dagger Spray"],"campfire_rested":0,"item_purchase_floors":[4],"current_hp_per_floor":[52,52,46,46,22,22,0,0],"gold":69,"neow_bonus":"THREE_CARDS","is_daily":false,"chose_seed":false,"campfire_upgraded":1,"win_rate":0.0,"timestamp":1611140342,"path_taken":["M","M","?","$","M","R","E"],"items_purchased_type":["Card"],"build_version":"2020-12-22","purchased_purges":1,"victory":false,"max_hp_per_floor":[66,66,66,66,66,66,66,66],"card_choices":[{"not_picked":["All Out Attack","Dagger Throw"],"picked":"Calculated Gamble","floor":0},{"not_picked":["Deadly Poison","Terror"],"picked":"Noxious Fumes","floor":1},{"not_picked":["Calculated Gamble","Tactician","Outmaneuver"],"picked":"SKIP","floor":2},{"not_picked":["Finisher","Endless Agony"],"picked":"Cloak And Dagger","floor":3},{"not_picked":["PiercingWail","Poisoned Stab"],"picked":"Cloak And Dagger","floor":5}],"player_experience":290526,"relics_obtained":[],"event_choices":[],"is_beta":false,"boss_relics":[],"items_purged_floors":[4],"is_endless":false,"potions_floor_spawned":[1,2,5],"killed_by":"Lagavulin","ascension_level":20}}