{"host":"3fpowe243su68w8g","time":1611140523,"event":{"mods":["BaseMod","Downfall","Gremlin Mod","Marisa£®ÏF”Í°°ƒß¿Ì…≥£©","Minty Spire (QoL Compilation)","StSLib","The Animator","The Bug Knight","The Cursed","The Jungle","The Saiyan"],"gold_per_floor":[114,129,129,30,45,75,75,90,90,90,105,120,120,68,68,168,168,168,168],"floor_reached":18,"language":"ZHS","playtime":1271,"items_purged":[],"score":212,"play_id":"94e6e0ad-6d0b-4c29-8fd6-c2e81c9eb337","local_time":"20210120190203","daily_mods":["Chimera","downfall:Jewelcrafting","downfall:Enraging"],"is_ascension_mode":false,"campfire_choices":[{"data":"Gremlin:Unforgiving","floor":13.0,"key":"SMITH"},{"data":"Guardian:ExploitGems","floor":15.0,"key":"SMITH"}],"circlet_count":0,"master_deck":["Bash","Survivor","Zap","Eruption","Strike_R","Strike_G","Strike_B","Defend_R","Defend_G","Defend_P","Guardian:ExploitGems","Guardian:ExploitGems+1","Gremlin:BubbleBarrier","Gremlin:Unforgiving+1","Gremlin:PinNeedle","Gremlin:Flurry","Gremlin:PourSalt","Gremlin:ArmsTheft","Gremlin:Tadah","Gremlin:BulkUp","Gremlin:Exacerbate","CurseOfTheBell"],"relics":["Gremlin:GremlinKnob","Guardian:PickAxe","Eternal Feather","HollowMod:PaleOreRelic","Bottled Lightning","Calling Bell","Sundial","Lantern","Lizard Tail"],"acts_visited":["Exordium","theJungle:Jungle"],"potions_floor_usage":[],"damage_taken":[{"damage":0.0,"enemies":"2 Louse","floor":1.0,"turns":2.0},{"damage":0.0,"enemies":"Cultist","floor":2.0,"turns":2.0},{"damage":1.0,"enemies":"Small Slimes","floor":5.0,"turns":3.0},{"damage":7.0,"enemies":"HollowMod:MossKnight","floor":6.0,"turns":5.0},{"damage":11.0,"enemies":"Looter","floor":8.0,"turns":5.0},{"damage":6.0,"enemies":"2 Fungi Beasts","floor":11.0,"turns":4.0},{"damage":2.0,"enemies":"Large Slime","floor":12.0,"turns":7.0},{"damage":0.0,"enemies":"Hexaghost","floor":16.0,"turns":12.0},{"damage":3,"enemies":"theJungle:MUSHROOMGANG","floor":18,"turns":3}],"seed_played":"7372172642885907109","potions_obtained":[{"floor":6.0,"key":"Guardian:BlockOnCardUsePotion"},{"floor":11.0,"key":"SteroidPotion"},{"floor":12.0,"key":"SpeedPotion"}],"is_trial":false,"path_per_floor":["M","M","?","?","M","E","R","M","T","R","M","M","R","$","R","B",null,"M"],"character_chosen":"GREMLIN","items_purchased":["Gremlin:BulkUp"],"campfire_rested":0,"item_purchase_floors":[14],"current_hp_per_floor":[20,20,20,20,20,20,20,9,9,18,20,19,20,20,20,18,20,17,17],"gold":168,"neow_bonus":"","is_daily":true,"chose_seed":false,"campfire_upgraded":2,"win_rate":0.0,"timestamp":1611140523,"path_taken":["M","M","?","?","?","E","R","M","T","R","M","M","R","$","R","BOSS","M"],"items_purchased_type":["Card"],"build_version":"2020-12-22","purchased_purges":0,"victory":false,"max_hp_per_floor":[20,20,20,20,20,20,20,20,20,20,20,20,20,20,20,20,20,20,20],"card_choices":[{"not_picked":["Gremlin:ToeStub","Gremlin:Pretaliation"],"picked":"Gremlin:BubbleBarrier","floor":1.0},{"not_picked":["Gremlin:BurlyBlow","Gremlin:CatScratch"],"picked":"Gremlin:Unforgiving","floor":2.0},{"not_picked":["Gremlin:Pretaliation","Gremlin:Tricksy"],"picked":"Gremlin:PinNeedle","floor":5.0},{"not_picked":["Gremlin:GremlinMeal","Gremlin:Tricksy"],"picked":"Gremlin:Flurry","floor":6.0},{"not_picked":["Gremlin:PartyStick","Gremlin:Presto"],"picked":"Gremlin:PourSalt","floor":8.0},{"not_picked":["Gremlin:Pinprick","Gremlin:ToeStub"],"picked":"Gremlin:ArmsTheft","floor":11.0},{"not_picked":["Gremlin:ShowOfHands","Gremlin:InfiniteBlocks"],"picked":"Gremlin:Tadah","floor":12.0},{"not_picked":["Gremlin:CongaLine","Gremlin:Fury"],"picked":"Gremlin:Exacerbate","floor":16.0}],"player_experience":216085,"relics_obtained":[{"floor":6.0,"key":"HollowMod:PaleOreRelic"},{"floor":9.0,"key":"Bottled Lightning"},{"floor":17,"key":"Sundial"},{"floor":17,"key":"Lantern"},{"floor":17,"key":"Lizard Tail"}],"event_choices":[{"damage_healed":0.0,"max_hp_gain":0.0,"max_hp_loss":0.0,"gold_gain":0.0,"event_name":"Golden Wing","player_choice":"Ignored","floor":3.0,"gold_loss":0.0,"damage_taken":0.0},{"damage_healed":0.0,"max_hp_gain":0.0,"max_hp_loss":0.0,"gold_gain":0.0,"event_name":"WeMeetAgain","player_choice":"Paid Gold","floor":4.0,"gold_loss":99.0,"damage_taken":0.0,"relics_obtained":["Eternal Feather"]}],"is_beta":false,"boss_relics":[{"not_picked":["Sozu","Empty Cage"],"picked":"Calling Bell"}],"items_purged_floors":[],"is_endless":false,"potions_floor_spawned":[6,11,12],"killed_by":"theJungle:MUSHROOMGANG","ascension_level":0}}