{"host":"3zmssa4s99zhxek5","time":1611112093,"event":{"mods":["AchievementEnabler","BaseMod","Minty Spire (QoL Compilation)","Permanent Neow","Relic Stats"],"gold_per_floor":[109,122,136,152,167,199,199,228,228,228,245,245,245,245],"floor_reached":13,"language":"KOR","playtime":577,"items_purged":[],"score":194,"play_id":"c5b29571-313c-4f13-a6db-23fc379e8368","local_time":"20210120120813","is_ascension_mode":true,"campfire_choices":[{"data":"Fiend Fire","floor":7,"key":"SMITH"},{"floor":10,"key":"REST"},{"data":"Bash","floor":12,"key":"SMITH"}],"circlet_count":0,"master_deck":["AscendersBane","Strike_R","Strike_R","Strike_R","Strike_R","Strike_R","Defend_R","Defend_R","Defend_R","Defend_R","Bash+1","CurseOfTheBell","Ghostly Armor","Spot Weakness","Anger","Combust","Flame Barrier","Fiend Fire+1","True Grit","Power Through"],"relics":["Calling Bell","Smiling Mask","Self Forming Clay","Thread and Needle","StoneCalendar","HornCleat","Bottled Tornado"],"acts_visited":["Exordium"],"potions_floor_usage":[6,13],"damage_taken":[{"damage":12.0,"enemies":"Cultist","floor":1.0,"turns":5.0},{"damage":0.0,"enemies":"Jaw Worm","floor":2.0,"turns":4.0},{"damage":0.0,"enemies":"Small Slimes","floor":3.0,"turns":5.0},{"damage":0.0,"enemies":"Looter","floor":4.0,"turns":4.0},{"damage":13,"enemies":"Gremlin Gang","floor":5,"turns":5},{"damage":15,"enemies":"Lagavulin","floor":6,"turns":7},{"damage":16,"enemies":"3 Sentries","floor":8,"turns":6},{"damage":13,"enemies":"Exordium Thugs","floor":11,"turns":4},{"damage":37,"enemies":"Gremlin Nob","floor":13,"turns":4}],"seed_played":"4116545144277175219","potions_obtained":[{"floor":1.0,"key":"ColorlessPotion"},{"floor":6,"key":"BloodPotion"},{"floor":8,"key":"ElixirPotion"}],"is_trial":false,"path_per_floor":["M","M","M","M","M","E","R","E","T","R","M","R","E"],"character_chosen":"IRONCLAD","items_purchased":[],"campfire_rested":1,"item_purchase_floors":[],"current_hp_per_floor":[56,56,56,56,43,28,28,12,12,34,21,21,0,0],"gold":245,"neow_bonus":"BOSS_RELIC","is_daily":false,"chose_seed":false,"campfire_upgraded":2,"win_rate":0.0,"timestamp":1611112093,"path_taken":["M","M","M","?","M","E","R","E","T","R","M","R","E"],"items_purchased_type":[],"build_version":"2020-12-22","purchased_purges":0,"victory":false,"max_hp_per_floor":[75,75,75,75,75,75,75,75,75,75,75,75,75,75],"relic_stats":{"counters":[9,44],"Self Forming Clay":[87],"StoneCalendar":[0],"Smiling Mask":0,"obtain_stats":[{"Calling Bell":0,"HornCleat":8,"Self Forming Clay":0,"Thread and Needle":0,"StoneCalendar":6,"Bottled Tornado":9,"Smiling Mask":0,"Burning Blood":0},{"Calling Bell":0,"HornCleat":7,"Self Forming Clay":0,"Thread and Needle":0,"StoneCalendar":6,"Bottled Tornado":7,"Smiling Mask":0,"Burning Blood":0},{"Calling Bell":0,"HornCleat":36,"Self Forming Clay":0,"Thread and Needle":0,"StoneCalendar":30,"Bottled Tornado":36,"Smiling Mask":0,"Burning Blood":0}]},"card_choices":[{"not_picked":["Iron Wave","Body Slam"],"picked":"Ghostly Armor","floor":1.0},{"not_picked":["Second Wind","Anger"],"picked":"Spot Weakness","floor":2.0},{"not_picked":["Pommel Strike","Entrench"],"picked":"Anger","floor":3.0},{"not_picked":["Iron Wave","True Grit"],"picked":"Combust","floor":4},{"not_picked":["Fire Breathing","Clothesline"],"picked":"Flame Barrier","floor":5},{"not_picked":["Sever Soul","Clash"],"picked":"Fiend Fire","floor":6},{"not_picked":["Armaments","Perfected Strike"],"picked":"True Grit","floor":8},{"not_picked":["Anger","Carnage"],"picked":"Power Through","floor":11}],"player_experience":1541898,"relics_obtained":[{"floor":0.0,"key":"Smiling Mask"},{"floor":0.0,"key":"Self Forming Clay"},{"floor":0.0,"key":"Thread and Needle"},{"floor":6,"key":"StoneCalendar"},{"floor":8,"key":"HornCleat"},{"floor":9,"key":"Bottled Tornado"}],"event_choices":[],"is_beta":false,"boss_relics":[],"items_purged_floors":[],"is_endless":false,"potions_floor_spawned":[1,6,8,11],"killed_by":"Gremlin Nob","ascension_level":20}}