{"host":"idjwbq71yrpkph1r","time":1611181236,"event":{"mods":["Alarm Clock","BaseMod","Better Third Choice","Block Reminder","Colored Map","Colored Powertips","Conspire","Hubris","Mimic Mod","Minty Spire (QoL Compilation)","Rare Cards Sparkle","StSLib","The Blue Laboratory","Waifu the Spire","everything is the same but u backflip on backflip"],"gold_per_floor":[113,149,149,5,21,52,52,83,119,119,119,147,147,167,167,272,272,286,286,134,134,134,134,161,161,241,276,276,295,295,39,39,140,140,159,59,59,79,97,97,97,117,117,27,27,27],"floor_reached":45,"language":"ENG","playtime":3255,"items_purged":["Defend_P","Strike_P","WreathOfFlame"],"score":562,"play_id":"ac1f3a20-a715-45e6-a0c4-5d1d6c596c41","local_time":"20210120232036","is_ascension_mode":true,"campfire_choices":[{"floor":7.0,"key":"REST"},{"floor":10.0,"key":"REST"},{"floor":13.0,"key":"REST"},{"data":"BattleHymn","floor":15.0,"key":"SMITH"},{"floor":23.0,"key":"RECALL"},{"data":"Alpha","floor":28.0,"key":"SMITH"},{"data":"ClearTheMind","floor":30.0,"key":"SMITH"},{"floor":32.0,"key":"REST"},{"floor":40.0,"key":"REST"}],"circlet_count":0,"master_deck":["Eruption+1","Vigilance","Evaluate","CarveReality","SandsOfTime","JustLucky","Protect","Halt","BattleHymn+1","SandsOfTime","Halt","Alpha+1","ForeignInfluence+1","Halt","FearNoEvil","ClearTheMind+1","Tantrum+1","Evaluate+1","Halt","Evaluate","MasterReality+1","Evaluate+1","FearNoEvil","DeusExMachina","ForeignInfluence+1","Study+1","Sword Boomerang","Crescendo","Crescendo+1"],"relics":["PureWater","Lantern","hubris:SlimyHat","Unceasing Top","Ginger","Bag of Preparation","hubris:SphereOfDissonance","conspire:RoyalGoblet","The Courier","Frozen Egg 2","hubris:DisguiseKit","Peace Pipe","Anchor","Whetstone","Pandora\u0027s Box","Oddly Smooth Stone"],"acts_visited":["Exordium","TheCity","TheBeyond"],"potions_floor_usage":[42,42],"damage_taken":[{"damage":0.0,"enemies":"Cultist","floor":1.0,"turns":2.0},{"damage":7.0,"enemies":"Small Slimes","floor":2.0,"turns":8.0},{"damage":0.0,"enemies":"Small Slimes","floor":5.0,"turns":2.0},{"damage":37.0,"enemies":"3 Sentries","floor":6.0,"turns":9.0},{"damage":12.0,"enemies":"Gremlin Nob","floor":8.0,"turns":3.0},{"damage":0.0,"enemies":"2 Louse","floor":9.0,"turns":6.0},{"damage":0.0,"enemies":"Lagavulin","floor":12.0,"turns":4.0},{"damage":1.0,"enemies":"2 Louse","floor":14.0,"turns":2.0},{"damage":16.0,"enemies":"The Guardian","floor":16.0,"turns":6.0},{"damage":0.0,"enemies":"Chosen","floor":18.0,"turns":3.0},{"damage":8.0,"enemies":"Gremlin Leader","floor":24.0,"turns":4.0},{"damage":13.0,"enemies":"conspire:Head Lice","floor":27.0,"turns":5.0},{"damage":0.0,"enemies":"Spheric Guardian","floor":29.0,"turns":3.0},{"damage":65.0,"enemies":"Collector","floor":33.0,"turns":8.0},{"damage":11.0,"enemies":"Orb Walker","floor":35.0,"turns":3.0},{"damage":33.0,"enemies":"3 Darklings","floor":38.0,"turns":5.0},{"damage":26.0,"enemies":"Transient","floor":39.0,"turns":5.0},{"damage":25,"enemies":"Writhing Mass","floor":42,"turns":4},{"damage":4,"enemies":"4 Shapes","floor":45,"turns":1}],"seed_played":"8714201533774105191","potions_obtained":[{"floor":6.0,"key":"blueLaboratory:FruitPunch"},{"floor":11.0,"key":"DuplicationPotion"},{"floor":11.0,"key":"StancePotion"},{"floor":12.0,"key":"BottledMiracle"},{"floor":18.0,"key":"blueLaboratory:EpiphanyPotion"},{"floor":27.0,"key":"PowerPotion"},{"floor":33.0,"key":"Dexterity Potion"},{"floor":35.0,"key":"Regen Potion"},{"floor":39.0,"key":"blueLaboratory:FruitPunch"}],"is_trial":false,"path_per_floor":["M","MIM","?","$","M","E","R","E","MIM","R","?","E","R","M","R","B",null,"M","?","$","T","?","R","E","?","T","E","R","M","R","$","R","B",null,"M","$","?","M","M","R","?","M","T","?","M"],"character_chosen":"WATCHER","items_purchased":["SandsOfTime","Halt","FearNoEvil","Anchor","Whetstone","Evaluate"],"campfire_rested":5,"item_purchase_floors":[4,20,20,31,31,31],"current_hp_per_floor":[72,65,65,65,65,28,49,37,37,58,58,58,72,71,71,57,74,74,74,74,74,74,74,66,66,66,53,53,53,53,53,74,9,74,63,63,63,30,4,26,26,3,3,3,0,0],"gold":27,"neow_bonus":"RANDOM_COMMON_RELIC","is_daily":false,"chose_seed":false,"campfire_upgraded":3,"win_rate":0.0,"timestamp":1611181236,"path_taken":["M","?","?","$","M","E","R","E","MIM","R","?","E","R","?","R","BOSS","M","?","?","?","?","R","E","?","T","E","R","M","R","$","R","BOSS","M","$","?","M","M","R","?","M","T","?","M"],"items_purchased_type":["Card","Card","Card","Relic","Relic","Card"],"build_version":"2020-12-22","purchased_purges":3,"victory":false,"max_hp_per_floor":[72,72,72,72,72,72,72,72,72,72,72,72,72,72,72,74,74,74,74,74,74,74,74,74,74,74,74,74,74,74,74,74,74,74,74,74,74,74,74,74,74,76,76,76,76,76],"card_choices":[{"not_picked":["FollowUp","TalkToTheHand"],"picked":"Evaluate","floor":1.0},{"not_picked":["ThirdEye","CutThroughFate"],"picked":"CarveReality","floor":2.0},{"not_picked":["Crescendo","EmptyBody"],"picked":"JustLucky","floor":5.0},{"not_picked":["FlurryOfBlows","DeusExMachina"],"picked":"Protect","floor":6.0},{"not_picked":["Meditate","Collect"],"picked":"Halt","floor":8.0},{"not_picked":["EmptyMind","Evaluate"],"picked":"BattleHymn","floor":9.0},{"not_picked":["Halt","SashWhip"],"picked":"SandsOfTime","floor":12.0},{"not_picked":["PathToVictory","Consecrate"],"picked":"Halt","floor":14.0},{"not_picked":["Judgement","Scrawl"],"picked":"Alpha","floor":16.0},{"not_picked":["WindmillStrike","EmptyMind"],"picked":"ForeignInfluence+1","floor":18.0},{"not_picked":["ThirdEye","EmptyBody"],"picked":"Tantrum","floor":24.0},{"not_picked":["FollowUp+1","WindmillStrike+1","Armaments"],"picked":"Evaluate+1","floor":27.0},{"not_picked":["Weave","JustLucky","Heavy Blade"],"picked":"Halt","floor":29.0},{"not_picked":["Alpha","Devotion+1","Offering"],"picked":"MasterReality+1","floor":33.0},{"not_picked":["JustLucky","BowlingBash","Pummel"],"picked":"Study+1","floor":35.0},{"not_picked":["Protect","CrushJoints+1","SashWhip+1"],"picked":"Sword Boomerang","floor":38.0},{"not_picked":["Sanctity+1","DeusExMachina","Twin Strike"],"picked":"Crescendo","floor":39.0},{"not_picked":["CutThroughFate","Prostrate","Disarm"],"picked":"Crescendo+1","floor":42}],"player_experience":233157,"relics_obtained":[{"floor":2.0,"key":"hubris:SlimyHat"},{"floor":6.0,"key":"Unceasing Top"},{"floor":8.0,"key":"Ginger"},{"floor":9.0,"key":"Bag of Preparation"},{"floor":12.0,"key":"hubris:SphereOfDissonance"},{"floor":19.0,"key":"The Courier"},{"floor":24.0,"key":"Frozen Egg 2"},{"floor":26.0,"key":"hubris:DisguiseKit"},{"floor":27.0,"key":"Peace Pipe"},{"floor":43,"key":"Oddly Smooth Stone"}],"event_choices":[{"damage_healed":0.0,"max_hp_gain":0.0,"max_hp_loss":0.0,"gold_gain":0.0,"event_name":"Living Wall","player_choice":"Grow","floor":3.0,"gold_loss":0.0,"damage_taken":0.0,"cards_upgraded":["Eruption"]},{"damage_healed":0.0,"max_hp_gain":0.0,"max_hp_loss":0.0,"gold_gain":0.0,"event_name":"Lab","player_choice":"Got Potions","floor":11.0,"gold_loss":0.0,"damage_taken":0.0},{"damage_healed":0.0,"max_hp_gain":0.0,"max_hp_loss":0.0,"gold_gain":0.0,"event_name":"Wheel of Change","player_choice":"Relic","floor":19.0,"gold_loss":0.0,"damage_taken":0.0},{"damage_healed":0.0,"max_hp_gain":0.0,"max_hp_loss":0.0,"gold_gain":0.0,"event_name":"The Library","player_choice":"Read","floor":22.0,"gold_loss":0.0,"damage_taken":0.0,"cards_obtained":["ClearTheMind"]},{"damage_healed":0.0,"max_hp_gain":0.0,"max_hp_loss":0.0,"gold_gain":0.0,"event_name":"Ghosts","player_choice":"Ignored","floor":25.0,"gold_loss":0.0,"damage_taken":0.0},{"damage_healed":0.0,"max_hp_gain":0.0,"max_hp_loss":0.0,"gold_gain":0.0,"event_name":"conspire:Investor","player_choice":"Leave","floor":37.0,"gold_loss":0.0,"damage_taken":0.0},{"cards_removed":["Worship"],"damage_healed":0,"gold_gain":0,"player_choice":"Upgrade and Remove","damage_taken":0,"max_hp_gain":0,"max_hp_loss":0,"event_name":"Designer","floor":44,"gold_loss":90,"cards_upgraded":["Evaluate"]}],"is_beta":false,"boss_relics":[{"not_picked":["Busted Crown","hubris:HollowSoul"],"picked":"conspire:RoyalGoblet"},{"not_picked":["Black Star","Sozu"],"picked":"Pandora\u0027s Box"}],"items_purged_floors":[4,20,36],"is_endless":false,"potions_floor_spawned":[6,12,14,18,27,33,35,39],"killed_by":"4 Shapes","ascension_level":1}}