{"host":"6jrnojxwearbrjzo","time":1611168967,"event":{"mods":["BaseMod","Conspire","Downfall","Highlight Path","Marisa（F雨　魔理沙）","Minty Spire (QoL Compilation)","MostiFishMod","Quick Restart","Random Character Button","Shop Mod","Spicy Shops","StSLib","The Construct","The Servant 0.9.4","Yuyuko","[功能]功能增强和修复MOD","vexMod"],"gold_per_floor":[99,199,374,374,78,95,95,1,1,19,19,117,267,291,310,408,408,408,175,15,33,4,30,55,25,60,60,60,1,1,1,19,121,121,21,0,15,34,10,160,160,160,206,240,104,115,115,115,129,129],"floor_reached":51,"language":"ZHS","playtime":1387,"items_purged":["bronze:Defend","Doubt","bronze:Strike","bronze:Strike","Doubt","downfall:Icky","bronze:Break","bronze:Defend","bronze:Strike","bronze:BitShift","Regret","Pride"],"score":1118,"play_id":"0cb73c4c-9c99-4abe-bc69-05d72bc23530","local_time":"20210121025607","is_ascension_mode":false,"campfire_choices":[{"data":"bronze:Break","floor":1.0,"key":"SMITH"},{"floor":11,"key":"REST"},{"data":"MostiFishMod:WinterMarkForm","floor":18,"key":"SMITH"},{"data":"bronze:Goto","floor":30,"key":"SMITH"},{"data":"bronze:FindAndReplace","floor":35,"key":"SMITH"}],"circlet_count":0,"master_deck":["bronze:Goto+1","bronze:ForLoop","bronze:Break+1","bronze:WhirlingStrike","bronze:Allocate","bronze:FineTuning","bronze:BitShift","bronze:Safeguard","bronze:Optimize","bronze:DelayedSlice+1","bronze:BronzeOrb+1","bronze:DarkDash+1","bronze:FindAndReplace+1","MostiFishMod:FrostNova","MostiFishMod:WinterMarkForm+1","bronze:ChildClass+1","bronze:ThunderWave+1","bronze:AlphaBuild+1","bronze:Shell+1"],"relics":["bronze:BronzeCore","DaveBox","FeatherPendant","MostiFishMod:Haymaker","Blue Candle","Bag of Marbles","Anchor","vexMod:Spyglass","vexMod:TimeEaterHat","Sundial","Molten Egg 2","ChiLing","Chi","Ling","downfall:BrokenWingStatue","Oddly Smooth Stone","Strange Spoon","bronze:ProtectiveGoggles","Sling","vexMod:CardConverter","Bronze Scales","FrostBlade","Toy Ornithopter","ThornShield","Civilization","Ancient Tea Set","Pocketwatch","Bag of Preparation","Toxic Egg 2","BrkXgEgg","TheAbacus","vexMod:BarristanHead","Lantern","SynthV","SynthV:C4","Juzu Bracelet","PreservedInsect","Incense Burner","vexMod:Dragonfruit","Question Card","Potion Belt","RhineCircuit","downfall:HeartBlessingGreen","conspire:DecoderRing","ImprovedEquipment","Torii","Regal Pillow","Omamori","Chemical X","Membership Card","Happy Flower","DaCapo"],"acts_visited":["Exordium","TheCity","TheBeyond"],"potions_floor_usage":[],"damage_taken":[{"damage":10.0,"enemies":"downfall:FleeingMerchant","floor":5.0,"turns":4.0},{"damage":0.0,"enemies":"2 Louse","floor":6.0,"turns":1.0},{"damage":15.0,"enemies":"downfall:FleeingMerchant","floor":8.0,"turns":4.0},{"damage":2.0,"enemies":"Jaw Worm","floor":10.0,"turns":1.0},{"damage":0,"enemies":"downfall:FleeingMerchant","floor":12,"turns":1},{"damage":0,"enemies":"Small Slimes","floor":15,"turns":1},{"damage":27,"enemies":"DF_ARCHETYPE_STREAMLINE","floor":16,"turns":4},{"damage":0,"enemies":"3 Byrds","floor":21,"turns":1},{"damage":1,"enemies":"Gremlin Leader","floor":23,"turns":1},{"damage":1,"enemies":"Book of Stabbing","floor":26,"turns":1},{"damage":1,"enemies":"Snecko","floor":32,"turns":1},{"damage":0,"enemies":"WA_ARCHETYPE_CALM","floor":33,"turns":1},{"damage":1,"enemies":"3 Shapes","floor":37,"turns":1},{"damage":0,"enemies":"Orb Walker","floor":38,"turns":1},{"damage":2,"enemies":"2 Orb Walkers","floor":43,"turns":1},{"damage":0,"enemies":"Reptomancer","floor":44,"turns":1},{"damage":1,"enemies":"Maw","floor":46,"turns":3},{"damage":0,"enemies":"Writhing Mass","floor":49,"turns":1},{"damage":0,"enemies":"IC_BLOCK_ARCHETYPE","floor":50,"turns":3}],"seed_played":"-6479822608914104797","potions_obtained":[{"floor":6.0,"key":"Guardian:BlockOnCardUsePotion"},{"floor":10.0,"key":"Block Potion"},{"floor":21,"key":"FairyPotion"},{"floor":32,"key":"conspire:TimeTravelPotion"},{"floor":32,"key":"DuplicationPotion"}],"is_trial":false,"path_per_floor":["R","?","?","?","$","M","T","$","?","M","R","$","?","T","M","B",null,"R","$","$","M","$","E","T","$","E","?","?","$","R","?","M","B",null,"R","?","M","M","$","?","T","?","?","E","$","M","?","?","M","B",null],"character_chosen":"THE_AUTOMATON","items_purchased":["MostiFishMod:Haymaker","Blue Candle","Bag of Marbles","Anchor","vexMod:Spyglass","vexMod:TimeEaterHat","bronze:Allocate","bronze:FineTuning","Molten Egg 2","ChiLing","Oddly Smooth Stone","Strange Spoon","bronze:ProtectiveGoggles","vexMod:MemoryStick","Sling","vexMod:CardConverter","bronze:Safeguard","bronze:Optimize","bronze:DelayedSlice+1","bronze:BronzeOrb+1","Toy Ornithopter","ThornShield","Civilization","Ancient Tea Set","Pocketwatch","Bag of Preparation","Toxic Egg 2","BrkXgEgg","TheAbacus","vexMod:BarristanHead","Lantern","SynthV","PreservedInsect","Question Card","Potion Belt","conspire:DecoderRing","Omamori","Chemical X","Membership Card","Happy Flower","DaCapo"],"campfire_rested":1,"item_purchase_floors":[5,5,5,5,5,5,5,5,8,8,12,12,12,12,12,12,12,12,12,12,19,19,19,19,19,20,20,20,20,20,20,22,25,29,29,39,45,45,45,45,45],"current_hp_per_floor":[49,49,49,49,45,45,45,30,30,28,49,57,59,59,61,36,88,88,88,90,93,93,98,98,98,102,109,109,109,109,86,92,99,130,130,130,134,139,139,139,139,139,142,147,147,151,151,153,160,167],"gold":129,"neow_bonus":"TRANSFORM_TWO_CARDS","is_daily":false,"chose_seed":false,"campfire_upgraded":4,"win_rate":0.0,"timestamp":1611168967,"path_taken":["R","?","?","?","$","?","T","$","?","?","R","?","?","?","M","BOSS","R","$","?","?","?","E","T","$","E","?","?","?","R","?","M","BOSS","R","?","?","?","$","?","T","?","?","E","$","?","?","?","M","BOSS"],"items_purchased_type":["Relic","Relic","Relic","Relic","Relic","Relic","Card","Card","Relic","Relic","Relic","Relic","Relic","Relic","Relic","Relic","Card","Card","Card","Card","Relic","Relic","Relic","Relic","Relic","Relic","Relic","Relic","Relic","Relic","Relic","Relic","Relic","Relic","Relic","Relic","Relic","Relic","Relic","Relic","Relic"],"build_version":"2020-12-22","purchased_purges":12,"victory":true,"max_hp_per_floor":[70,70,70,70,70,70,70,70,70,70,70,78,80,80,82,84,88,88,88,90,93,93,99,99,99,104,111,111,111,111,116,123,130,130,130,130,135,140,140,140,140,140,145,150,150,155,155,157,164,169],"card_choices":[{"not_picked":["bronze:Return","bronze:ForLoop"],"picked":"bronze:WhirlingStrike","floor":5.0},{"not_picked":["bronze:Deprecate","bronze:BuggyMess","bronze:Shield"],"picked":"SKIP","floor":6.0},{"not_picked":["bronze:OilSpill","bronze:Fortify","bronze:DigitalCarnage"],"picked":"SKIP","floor":8.0},{"not_picked":["bronze:Overheat+1","bronze:WildBeam+1"],"picked":"bronze:BitShift","floor":10.0},{"not_picked":["bronze:Virus+1","bronze:WildBeam+1"],"picked":"bronze:BitShift","floor":12},{"not_picked":["bronze:ClassDefault","bronze:WhirlingStrike+1"],"picked":"bronze:DarkDash+1","floor":15},{"not_picked":["bronze:AlphaBuild+1","bronze:Virus+1"],"picked":"bronze:FindAndReplace","floor":16},{"not_picked":["bronze:Branch+1","bronze:DigitalCarnage+1","bronze:Frontload+1"],"picked":"SKIP","floor":21},{"not_picked":["bronze:DarkDash+1","bronze:DelayedGuard+1"],"picked":"bronze:ChildClass+1","floor":23},{"not_picked":["bronze:Branch+1","bronze:Invalidate+1","bronze:Frontload+1"],"picked":"SKIP","floor":26},{"not_picked":["bronze:Invalidate+1","bronze:BitShift+1","bronze:Philosophize+1"],"picked":"bronze:Turbo+1","floor":32},{"not_picked":["bronze:Mutator+1","bronze:ShipIt+1","bronze:Break+1"],"picked":"bronze:ThunderWave+1","floor":33},{"not_picked":["bronze:ItsAFeature+1","bronze:CloningBeam+1","bronze:WhirlingStrike+1","bronze:ChildClass+1"],"picked":"SKIP","floor":37},{"not_picked":["bronze:Repulsor+1","bronze:BugBarrage+1","bronze:Shell+1","bronze:Invalidate+1"],"picked":"SKIP","floor":38},{"not_picked":["bronze:Shield+1","bronze:OilSpill+1","bronze:Iterate+1","bronze:Mutator+1"],"picked":"SKIP","floor":44},{"not_picked":["bronze:Iterate+1","bronze:Turbo+1","bronze:WhirlingStrike+1","bronze:ChildClass+1"],"picked":"SKIP","floor":46},{"not_picked":["bronze:WildBeam+1","bronze:ForLoop+1","bronze:DelayedSlice+1"],"picked":"bronze:Shell+1","floor":49}],"player_experience":100803,"relics_obtained":[{"floor":7.0,"key":"Sundial"},{"floor":14,"key":"Bronze Scales"},{"floor":23,"key":"SynthV:C4"},{"floor":24,"key":"Juzu Bracelet"},{"floor":26,"key":"Incense Burner"},{"floor":41,"key":"ImprovedEquipment"},{"floor":43,"key":"Torii"},{"floor":44,"key":"Regal Pillow"}],"event_choices":[{"damage_healed":0,"gold_gain":0,"player_choice":"Stole Relic","damage_taken":0,"relics_obtained":["vexMod:Dragonfruit"],"max_hp_gain":0,"max_hp_loss":0,"event_name":"Addict","floor":27,"gold_loss":0,"cards_obtained":["Pride"]},{"damage_healed":0,"gold_gain":0,"player_choice":"Ignored","damage_taken":0,"max_hp_gain":0,"max_hp_loss":0,"event_name":"Vampires","floor":28,"gold_loss":0},{"cards_removed":["bronze:Turbo"],"damage_healed":0,"gold_gain":0,"player_choice":"Removed Skill","damage_taken":0,"max_hp_gain":0,"max_hp_loss":0,"event_name":"Falling","floor":42,"gold_loss":0},{"damage_healed":0,"gold_gain":0,"player_choice":"Fight","damage_taken":0,"max_hp_gain":0,"max_hp_loss":0,"event_name":"Mysterious Sphere","floor":43,"gold_loss":0},{"damage_healed":0,"gold_gain":0,"player_choice":"Ignored","damage_taken":0,"max_hp_gain":0,"max_hp_loss":0,"event_name":"OrinTheCat","floor":47,"gold_loss":0}],"is_beta":false,"boss_relics":[{"not_picked":["Coffee Dripper","TimeKeys"],"picked":"FrostBlade"},{"not_picked":["vexMod:DeviousBotling","Calling Bell"],"picked":"RhineCircuit"}],"items_purged_floors":[5,5,5,5,12,19,19,19,19,19,20,29],"is_endless":false,"potions_floor_spawned":[6,6,10,10,15,21,21,23,32,32,33,33,38,38,44,44,46,46],"ascension_level":0}}