{"host":"g5ztulhog0otympt","time":1611161943,"event":{"mods":["AchievementEnabler","BaseMod","Downfall","Hermit","Minty Spire (QoL Compilation)","StSLib","The Cursed"],"gold_per_floor":[113,113,113,132,146,146,174,174,174,22,34,66,66,81,81,182,182,197,230,32,32,32,66,66,86,109,128,128,141,158,173,173,173,173],"floor_reached":33,"language":"ENG","playtime":747,"items_purged":[],"score":318,"play_id":"083167a4-1888-435a-b70e-7b58a252e9d2","local_time":"20210120185903","is_ascension_mode":true,"campfire_choices":[{"data":"Flame Barrier","floor":6,"key":"SMITH"},{"floor":8,"key":"REST"},{"data":"Infernal Blade","floor":15,"key":"SMITH"},{"floor":24,"key":"REST"},{"floor":28,"key":"REST"},{"data":"Dramatic Entrance","floor":32,"key":"SMITH"}],"circlet_count":0,"master_deck":["Strike_R","Strike_R","Strike_R","Strike_R","Strike_R","Defend_R","Defend_R","Defend_R","Defend_R","Bash","Exhume","Perfected Strike+1","Flame Barrier+1","Cleave","Infernal Blade+1","Ghostly Armor","Thunderclap","Perfected Strike","Demon Form","Anger+1","Dramatic Entrance+1","Shame","Flame Barrier+1","Whirlwind","Perfected Strike+1","Perfected Strike","Shrug It Off+1","Reaper"],"relics":["Burning Blood","Prayer Wheel","Mercury Hourglass","Oddly Smooth Stone","Art of War","Black Star","Red Mask","Self Forming Clay","TungstenRod","Orichalcum","Pen Nib"],"acts_visited":["Exordium","TheCity"],"potions_floor_usage":[16,16,21,33,33],"damage_taken":[{"damage":2,"enemies":"2 Louse","floor":1,"turns":3},{"damage":0,"enemies":"Cultist","floor":4,"turns":2},{"damage":5,"enemies":"Small Slimes","floor":5,"turns":3},{"damage":31,"enemies":"Lagavulin","floor":7,"turns":6},{"damage":4,"enemies":"Looter","floor":11,"turns":3},{"damage":1,"enemies":"Gremlin Nob","floor":12,"turns":3},{"damage":0,"enemies":"2 Fungi Beasts","floor":14,"turns":2},{"damage":32,"enemies":"The Guardian","floor":16,"turns":8},{"damage":30,"enemies":"Spheric Guardian","floor":18,"turns":6},{"damage":28,"enemies":"Masked Bandits","floor":19,"turns":4},{"damage":0,"enemies":"Shell Parasite","floor":21,"turns":2},{"damage":12,"enemies":"Gremlin Leader","floor":23,"turns":5},{"damage":2,"enemies":"3 Cultists","floor":25,"turns":4},{"damage":12,"enemies":"Shelled Parasite and Fungi","floor":27,"turns":4},{"damage":0,"enemies":"Snake Plant","floor":29,"turns":1},{"damage":14,"enemies":"Centurion and Healer","floor":30,"turns":4},{"damage":0,"enemies":"3 Cultists","floor":31,"turns":4},{"damage":85,"enemies":"Champ","floor":33,"turns":8}],"seed_played":"7953142378773527354","potions_obtained":[{"floor":5,"key":"SmokeBomb"},{"floor":7,"key":"champ:CounterPotion"},{"floor":11,"key":"Block Potion"},{"floor":25,"key":"Energy Potion"},{"floor":27,"key":"SteroidPotion"},{"floor":31,"key":"DistilledChaos"}],"is_trial":false,"path_per_floor":["M","$","?","M","M","R","E","R","T","$","M","E","$","M","R","B",null,"M","?","$","M","?","E","R","M","T","M","R","M","M","M","R","B"],"character_chosen":"IRONCLAD","items_purchased":["Oddly Smooth Stone","SmokeBomb","Dramatic Entrance"],"campfire_rested":3,"item_purchase_floors":[10,20,20],"current_hp_per_floor":[80,80,80,80,80,80,55,79,79,79,80,80,80,80,80,54,80,56,34,34,40,40,34,58,62,62,56,80,80,72,78,78,0,0],"gold":173,"neow_bonus":"ONE_RANDOM_RARE_CARD","is_daily":false,"chose_seed":false,"campfire_upgraded":3,"win_rate":0.0,"timestamp":1611161943,"path_taken":["M","$","?","?","M","R","E","R","T","?","M","E","?","M","R","BOSS","M","?","$","M","?","E","R","M","T","M","R","M","M","M","R","BOSS"],"items_purchased_type":["Relic","Potion","Card"],"build_version":"2020-12-22","purchased_purges":0,"victory":false,"max_hp_per_floor":[80,80,80,80,80,80,80,80,80,80,80,80,80,80,80,80,80,80,80,80,80,80,80,80,80,80,80,80,80,80,80,80,80,80],"card_choices":[{"not_picked":["Thunderclap","True Grit"],"picked":"Perfected Strike","floor":1},{"not_picked":["Body Slam","Shrug It Off","Iron Wave"],"picked":"SKIP","floor":4},{"not_picked":["Heavy Blade","Flex"],"picked":"Flame Barrier","floor":5},{"not_picked":["Rage","Flame Barrier"],"picked":"Cleave","floor":7},{"not_picked":["Shockwave","Flame Barrier"],"picked":"Infernal Blade","floor":11},{"not_picked":["Disarm","Entrench"],"picked":"Ghostly Armor","floor":11},{"not_picked":["Offering","Infernal Blade"],"picked":"Thunderclap","floor":12},{"not_picked":["Wild Strike","Sword Boomerang"],"picked":"Perfected Strike","floor":14},{"not_picked":["Iron Wave","Havoc","Twin Strike"],"picked":"SKIP","floor":14},{"not_picked":["Impervious","Offering"],"picked":"Demon Form","floor":16},{"not_picked":["Shrug It Off","Clothesline"],"picked":"Anger+1","floor":18},{"not_picked":["Body Slam","Twin Strike","Havoc"],"picked":"SKIP","floor":18},{"not_picked":["Seeing Red","Combust+1"],"picked":"Flame Barrier+1","floor":23},{"not_picked":["Wild Strike","Heavy Blade","Rupture"],"picked":"SKIP","floor":25},{"not_picked":["Twin Strike","Feel No Pain","Shockwave"],"picked":"SKIP","floor":25},{"not_picked":["Twin Strike","Heavy Blade"],"picked":"Whirlwind","floor":27},{"not_picked":["Shrug It Off","Body Slam","Heavy Blade"],"picked":"SKIP","floor":27},{"not_picked":["Cleave+1","Bloodletting"],"picked":"Perfected Strike+1","floor":29},{"not_picked":["Hemokinesis","Rampage"],"picked":"Perfected Strike","floor":29},{"not_picked":["Thunderclap","Pummel","Entrench+1"],"picked":"SKIP","floor":30},{"not_picked":["Battle Trance+1","Armaments+1","Dark Embrace"],"picked":"SKIP","floor":30},{"not_picked":["Feel No Pain","Wild Strike"],"picked":"Shrug It Off+1","floor":31},{"not_picked":["Flex","Entrench"],"picked":"Reaper","floor":31}],"player_experience":110517,"relics_obtained":[{"floor":7,"key":"Prayer Wheel"},{"floor":9,"key":"Mercury Hourglass"},{"floor":12,"key":"Art of War"},{"floor":19,"key":"Red Mask"},{"floor":23,"key":"TungstenRod"},{"floor":23,"key":"Orichalcum"},{"floor":26,"key":"Pen Nib"}],"event_choices":[{"damage_healed":0,"gold_gain":0,"player_choice":"Upgraded","damage_taken":0,"max_hp_gain":0,"max_hp_loss":0,"event_name":"Upgrade Shrine","floor":3,"gold_loss":0,"cards_upgraded":["Perfected Strike"]},{"damage_healed":0,"gold_gain":0,"player_choice":"Fought Bandits","damage_taken":0,"max_hp_gain":0,"max_hp_loss":0,"event_name":"Masked Bandits","floor":19,"gold_loss":0},{"damage_healed":0,"gold_gain":0,"player_choice":"Stole Relic","damage_taken":0,"relics_obtained":["Self Forming Clay"],"max_hp_gain":0,"max_hp_loss":0,"event_name":"Addict","floor":22,"gold_loss":0,"cards_obtained":["Shame"]}],"is_beta":false,"boss_relics":[{"not_picked":["Snecko Eye","SacredBark"],"picked":"Black Star"}],"items_purged_floors":[],"is_endless":false,"potions_floor_spawned":[5,7,11,14,21,25,27,31],"killed_by":"Champ","ascension_level":1}}