{"host":"bczg3e1yq3rp3pkk","time":1611126722,"event":{"mods":["BaseMod","Hermit","Marisa（F雨　魔理沙）","Minty Spire (QoL Compilation)","Quick Restart","Replay The Spire","RumiaBox-露米娅的神秘盒子","Shop Mod","StSLib","The Construct","The Cursed","The Poker Player","The Runesmith","The Servant 0.9.4","[GremlinLeader]The Maniac","vexMod"],"gold_per_floor":[114,114,126,137,155,155,185,185,185,216,234,246,266,216,280,385,385,396,408,421,438,363,398,408,408,408,408,408,421,515,530,530,632,632,644,658,196,216,25,50,63,63,112,123,200,75,75,95,95,95],"floor_reached":51,"language":"ZHS","playtime":3290,"items_purged":["Gouge","Snipe","TimeTheft"],"score":938,"play_id":"239c5b87-dfd0-49b1-85f7-69a707f7656a","local_time":"20210120151202","is_ascension_mode":false,"campfire_choices":[{"data":"Spin","floor":6.0,"key":"SMITH"},{"data":"Barrier","floor":25.0,"key":"SMITH"},{"data":"Barrier","floor":28.0,"key":"SMITH"},{"data":"MoonPhase","floor":32,"key":"SMITH"},{"data":"StarChef","floor":42,"key":"SMITH"},{"data":"DualDimension","floor":47,"key":"SMITH"},{"data":"TheWorld","floor":49,"key":"SMITH"}],"circlet_count":0,"master_deck":["KidneyShot","Contraction","Spin+1","Barrier+1","Unruled","Rewind","Defy","TheWorld+1","GearUp","StarChef+1","RealityMarble","DualDimension+1","MoonPhase+1","BottledTime","Misdirection","Collapse+1","Spin","Barrier+1","MoonPhase+1","Spin","WasteNot+1","ForgedInTime","BestPractice+1","DoubleEdge+1","Survey Options"],"relics":["Uniform","NeowsBlessing","Mirror","GodSword6","Blue Candle","Odd Mushroom","Gremlin Food","Pandora\u0027s Box","Divine Protection","Ornamental Fan","MutagenicStrength","Oddly Smooth Stone","SoulBox","GodSword4","Pan","BargainBundle","Du-Vu Doll","ZombieArmy","Eternal Feather"],"acts_visited":["Exordium","TheCity","TheBeyond"],"potions_floor_usage":[48,50],"damage_taken":[{"damage":0.0,"enemies":"Small Slimes","floor":1.0,"turns":1.0},{"damage":0.0,"enemies":"Cultist","floor":3.0,"turns":1.0},{"damage":0.0,"enemies":"2 Louse","floor":4.0,"turns":1.0},{"damage":11.0,"enemies":"Looter","floor":5.0,"turns":3.0},{"damage":20.0,"enemies":"3 Sentries","floor":7.0,"turns":5.0},{"damage":20.0,"enemies":"Gremlin Nob","floor":10.0,"turns":4.0},{"damage":9.0,"enemies":"Lots of Slimes","floor":11.0,"turns":2.0},{"damage":0.0,"enemies":"Exordium Thugs","floor":12.0,"turns":3.0},{"damage":0.0,"enemies":"The Mushroom Lair","floor":13.0,"turns":2.0},{"damage":23.0,"enemies":"Lagavulin Event","floor":15.0,"turns":6.0},{"damage":0.0,"enemies":"Slime Boss","floor":16.0,"turns":5.0},{"damage":0.0,"enemies":"Shell Parasite","floor":18.0,"turns":3.0},{"damage":0.0,"enemies":"Chosen","floor":19.0,"turns":6.0},{"damage":4.0,"enemies":"Centurion and Healer","floor":20.0,"turns":7.0},{"damage":0.0,"enemies":"Snecko","floor":21.0,"turns":6.0},{"damage":13.0,"enemies":"Book of Stabbing","floor":23.0,"turns":10.0},{"damage":2.0,"enemies":"Cultist and Chosen","floor":24.0,"turns":5.0},{"damage":0.0,"enemies":"Snake Plant","floor":29.0,"turns":4.0},{"damage":0,"enemies":"3 Cultists","floor":31,"turns":4},{"damage":0,"enemies":"Automaton","floor":33,"turns":10},{"damage":11,"enemies":"3 Shapes","floor":35,"turns":5},{"damage":7,"enemies":"3 Darklings","floor":36,"turns":4},{"damage":0,"enemies":"Spire Growth","floor":38,"turns":8},{"damage":0,"enemies":"Giant Head","floor":40,"turns":8},{"damage":8,"enemies":"4 Shapes","floor":41,"turns":4},{"damage":0,"enemies":"Maw","floor":44,"turns":5},{"damage":8,"enemies":"Transient","floor":48,"turns":5},{"damage":0,"enemies":"Awakened One","floor":50,"turns":11}],"seed_played":"-4616088663601154008","potions_obtained":[{"floor":1.0,"key":"Venom Potion"},{"floor":3.0,"key":"Swift Potion"},{"floor":5.0,"key":"Elixir"},{"floor":13.0,"key":"Venom Potion"},{"floor":15.0,"key":"Adrenaline Potion"},{"floor":18.0,"key":"Dexterity Potion"},{"floor":20.0,"key":"SkillPotion"},{"floor":21.0,"key":"ColorlessPotion"},{"floor":29.0,"key":"Doom Potion"},{"floor":35,"key":"SteroidPotion"}],"is_trial":false,"path_per_floor":["M","?","M","M","M","R","E","?","T","E","M","M","?","?","R","B",null,"M","M","M","M","?","E","M","R","T","?","R","M","?","M","R","B",null,"M","M","$","M","$","E","M","R","T","M","T","$","R","M","R","B",null],"character_chosen":"THE_SERVANT","items_purchased":["GodSword4","Pan","BargainBundle","Survey Options"],"campfire_rested":0,"item_purchase_floors":[37,37,39,39],"current_hp_per_floor":[65,65,65,65,54,54,34,55,55,35,26,26,26,26,3,3,65,65,65,61,61,61,48,46,46,46,46,46,46,30,30,30,30,65,54,47,47,47,47,47,39,39,39,39,39,39,54,46,61,61],"gold":95,"neow_bonus":"THREE_ENEMY_KILL","is_daily":false,"chose_seed":false,"campfire_upgraded":7,"win_rate":0.0,"timestamp":1611126722,"path_taken":["M","?","?","?","M","R","E","?","T","E","M","M","?","?","R","BOSS","M","M","M","M","?","E","M","R","T","?","R","M","?","M","R","BOSS","M","M","$","M","$","E","M","R","T","M","?","?","R","M","R","BOSS"],"items_purchased_type":["Relic","Relic","Relic","Card"],"build_version":"2020-12-22","purchased_purges":3,"victory":true,"max_hp_per_floor":[65,65,65,65,65,65,65,65,65,65,65,65,65,65,65,65,65,65,65,65,65,65,65,65,65,65,65,65,65,65,65,65,65,65,65,65,65,65,65,65,65,65,65,65,65,65,65,65,65,65],"card_choices":[{"not_picked":["Revamp","Reset"],"picked":"Contraction","floor":1.0},{"not_picked":["Rewind","Unruled"],"picked":"Spin","floor":3.0},{"not_picked":["Ricochet","Rewind"],"picked":"TimeTheft","floor":4.0},{"not_picked":["RealityMarble","Replace"],"picked":"Snipe","floor":5.0},{"not_picked":["Potential","ShatteredReality","Revamp"],"picked":"SKIP","floor":7.0},{"not_picked":["ForgedInTime","BottledTime"],"picked":"Barrier","floor":10.0},{"not_picked":["Replace","Ricochet","ShatteredReality"],"picked":"SKIP","floor":11.0},{"not_picked":["BottledTime","Replace"],"picked":"Unruled","floor":12.0},{"not_picked":["Potential","Advance"],"picked":"Rewind","floor":13.0},{"not_picked":["BottledTime","Unruled"],"picked":"Defy","floor":15.0},{"not_picked":["ForgedInTime","MurderousAura"],"picked":"TheWorld","floor":16.0},{"not_picked":["Potential","Ricochet+1"],"picked":"BottledTime","floor":18.0},{"not_picked":["Gouge","ShatteredReality"],"picked":"Misdirection","floor":19.0},{"not_picked":["Revamp","Gouge"],"picked":"Collapse+1","floor":20.0},{"not_picked":["Reset+1","Defy"],"picked":"Spin","floor":21.0},{"not_picked":["FloweringNight","Unruled","ShatteredReality"],"picked":"SKIP","floor":23.0},{"not_picked":["FastForward","Unruled"],"picked":"Barrier","floor":24.0},{"not_picked":["Ricochet+1","Potential"],"picked":"MoonPhase+1","floor":29.0},{"not_picked":["Desolation","MoonPhase+1"],"picked":"Spin","floor":30.0},{"not_picked":["TimeTheft","Replace+1"],"picked":"WasteNot+1","floor":31},{"not_picked":["PendulumOfEternity","Solidify"],"picked":"ForgedInTime","floor":33},{"not_picked":["Sabotage+1","BottledTime+1"],"picked":"BestPractice+1","floor":35},{"not_picked":["Unruled+1","Moonlight+1","ShatteredReality+1"],"picked":"SKIP","floor":36},{"not_picked":["Spin","Barrier+1"],"picked":"DoubleEdge+1","floor":38},{"not_picked":["Misdirection","Deadline+1","Unruled"],"picked":"SKIP","floor":40},{"not_picked":["Replace","FastForward+1","Ricochet+1"],"picked":"SKIP","floor":41},{"not_picked":["Rewind","Dilation","ShiftingGears+1"],"picked":"SKIP","floor":44},{"not_picked":["Snipe+1","Alleviate","Revamp"],"picked":"SKIP","floor":48}],"player_experience":375277,"relics_obtained":[{"floor":7.0,"key":"Mirror"},{"floor":9.0,"key":"GodSword6"},{"floor":10.0,"key":"Blue Candle"},{"floor":13.0,"key":"Odd Mushroom"},{"floor":15.0,"key":"Gremlin Food"},{"floor":23.0,"key":"Divine Protection"},{"floor":26.0,"key":"Ornamental Fan"},{"floor":30.0,"key":"Oddly Smooth Stone"},{"floor":40,"key":"Du-Vu Doll"},{"floor":43,"key":"ZombieArmy"},{"floor":45,"key":"Eternal Feather"}],"event_choices":[{"cards_removed":["Strike_S"],"damage_healed":0.0,"max_hp_gain":0.0,"max_hp_loss":0.0,"gold_gain":0.0,"event_name":"Wheel of Change","player_choice":"Card Removal","floor":2.0,"gold_loss":0.0,"damage_taken":0.0},{"damage_healed":21.0,"max_hp_gain":0.0,"max_hp_loss":0.0,"gold_gain":0.0,"event_name":"Big Fish","player_choice":"Banana","floor":8.0,"gold_loss":0.0,"damage_taken":0.0},{"damage_healed":0.0,"max_hp_gain":0.0,"max_hp_loss":0.0,"gold_gain":0.0,"event_name":"Mushrooms","player_choice":"Fought Mushrooms","floor":13.0,"gold_loss":0.0,"damage_taken":0.0},{"cards_removed":["Defend_S"],"damage_healed":0.0,"max_hp_gain":0.0,"max_hp_loss":0.0,"gold_gain":0.0,"event_name":"The Cleric","player_choice":"Card Removal","floor":14.0,"gold_loss":50.0,"damage_taken":0.0},{"damage_healed":0.0,"max_hp_gain":0.0,"max_hp_loss":0.0,"gold_gain":0.0,"event_name":"Dead Adventurer","player_choice":"Searched \u00271\u0027 times","floor":15.0,"gold_loss":0.0,"damage_taken":0.0},{"cards_removed":["Exchange"],"damage_healed":0.0,"max_hp_gain":0.0,"max_hp_loss":0.0,"gold_gain":0.0,"event_name":"Beggar","player_choice":"Gave Gold","floor":22.0,"gold_loss":75.0,"damage_taken":0.0},{"damage_healed":0.0,"max_hp_gain":0.0,"max_hp_loss":0.0,"gold_gain":0.0,"event_name":"Drug Dealer","player_choice":"Inject Mutagens","floor":27.0,"gold_loss":0.0,"damage_taken":0.0,"relics_obtained":["MutagenicStrength"]}],"is_beta":false,"boss_relics":[{"not_picked":["SlaversCollar","Ectoplasm"],"picked":"Pandora\u0027s Box"},{"not_picked":["Kintsugi","Painkiller Herb"],"picked":"SoulBox"}],"items_purged_floors":[37,39,46],"is_endless":false,"potions_floor_spawned":[1,3,5,13,15,18,20,21,29,35,40],"ascension_level":0}}