{"host":"dlyy4wv9zatha4f7","time":1611161507,"event":{"mods":["BaseMod","Better Third Choice","Colored Map","GifTheSpireLib","Minty Spire (QoL Compilation)","Spicy Shops","StSLib","SuperFastMode","Unceasing Turn Reminder"],"gold_per_floor":[116,135,17,192,192,192,226,226,279,279,332,332,362,362,362],"floor_reached":14,"language":"ENG","playtime":352,"items_purged":[],"score":139,"play_id":"69073881-e385-4c71-97f0-bdf6dd7f539e","local_time":"20210120185147","is_ascension_mode":true,"campfire_choices":[{"data":"Beam Cell","floor":6,"key":"SMITH"},{"data":"Dualcast","floor":8,"key":"SMITH"},{"data":"Scrape","floor":10,"key":"SMITH"}],"circlet_count":0,"master_deck":["Strike_B+1","Strike_B","Strike_B","Strike_B","Defend_B+1","Defend_B","Defend_B+1","Defend_B","Zap+1","Dualcast+1","Doom and Gloom","Chill","Scrape+1","Beam Cell+1","Doubt","Sweeping Beam","Ball Lightning","Capacitor"],"relics":["Cracked Core","War Paint","Golden Idol","Mummified Hand","Akabeko","CeramicFish"],"acts_visited":["Exordium"],"potions_floor_usage":[7,11],"damage_taken":[{"damage":0.0,"enemies":"Cultist","floor":1.0,"turns":3.0},{"damage":7.0,"enemies":"Jaw Worm","floor":2.0,"turns":3.0},{"damage":3,"enemies":"3 Sentries","floor":7,"turns":6},{"damage":8,"enemies":"Gremlin Nob","floor":11,"turns":3},{"damage":0,"enemies":"2 Louse","floor":13,"turns":1},{"damage":31,"enemies":"Lagavulin","floor":14,"turns":5}],"seed_played":"8452852140061613731","potions_obtained":[{"floor":1.0,"key":"PotionOfCapacity"},{"floor":2.0,"key":"Fire Potion"},{"floor":7,"key":"Energy Potion"}],"is_trial":false,"path_per_floor":["M","M","$","?","?","R","E","R","T","R","E","?","M","E"],"character_chosen":"DEFECT","items_purchased":["Scrape","Beam Cell"],"campfire_rested":0,"item_purchase_floors":[3,3],"current_hp_per_floor":[68,61,61,61,43,43,40,40,40,40,32,17,17,0,0],"gold":362,"neow_bonus":"RANDOM_COMMON_RELIC","is_daily":false,"chose_seed":false,"campfire_upgraded":3,"win_rate":0.0,"timestamp":1611161507,"path_taken":["M","?","$","?","?","R","E","R","T","R","E","?","M","E"],"items_purchased_type":["Card","Card"],"build_version":"2020-12-22","purchased_purges":0,"victory":false,"max_hp_per_floor":[75,75,75,75,75,75,75,75,75,75,75,75,75,75,75],"card_choices":[{"not_picked":["Fusion","Sunder"],"picked":"Doom and Gloom","floor":1.0},{"not_picked":["Go for the Eyes","Rebound"],"picked":"Chill","floor":2.0},{"not_picked":["Consume","Hello World"],"picked":"Sweeping Beam","floor":7},{"not_picked":["Static Discharge","Meteor Strike"],"picked":"Ball Lightning","floor":11},{"not_picked":["Consume","Stack"],"picked":"Capacitor","floor":13}],"player_experience":2254308,"relics_obtained":[{"floor":7,"key":"Mummified Hand"},{"floor":9,"key":"Akabeko"},{"floor":11,"key":"CeramicFish"}],"event_choices":[{"damage_healed":0,"gold_gain":175,"player_choice":"AGREE","damage_taken":17,"max_hp_gain":0,"max_hp_loss":0,"event_name":"betterThird:BetterSerpent","floor":4,"gold_loss":0},{"damage_healed":0,"gold_gain":0,"player_choice":"Take Damage","damage_taken":18,"relics_obtained":["Golden Idol"],"max_hp_gain":0,"max_hp_loss":0,"event_name":"Golden Idol","floor":5,"gold_loss":0},{"damage_healed":32,"gold_gain":0,"player_choice":"Upgrade","damage_taken":15,"max_hp_gain":0,"max_hp_loss":75,"event_name":"betterThird:BetterShining","floor":12,"gold_loss":0,"cards_upgraded":["Defend_B","Strike_B"]}],"is_beta":false,"boss_relics":[],"items_purged_floors":[],"is_endless":false,"potions_floor_spawned":[1,2,7],"killed_by":"Lagavulin","ascension_level":9}}