{"host":"bos5votkudm6su2k","time":1611133173,"event":{"mods":["100% Spire Juice","Act Like it!","AlwaysNeverKeys","Arknights The Spire","BaseMod","Chinese 32Bit Patch","Colored Map","Colored Powertips","DeckTracker","Good Game Mod","Marked Mod","Minty Spire (QoL Compilation)","Quick Restart","StSLib","SuperFastMode","The Invoker Mod","Waifu the Spire"],"gold_per_floor":[112,112,127,142,61,61,61],"floor_reached":6,"language":"ZHS","playtime":229,"items_purged":[],"score":65,"play_id":"6061604e-d1f9-4b7b-922f-ff40ccd32ed4","local_time":"20210120165933","is_ascension_mode":true,"campfire_choices":[],"circlet_count":0,"master_deck":["AscendersBane","Strike_R","Strike_R","Strike_R","Strike_R","Strike_R","Defend_R","Defend_R","Defend_R","Defend_R","Bash","Dual Wield","Rampage","Dark Embrace"],"relics":["Burning Blood","REME:ComplimentaryCards","Unceasing Top","FaceOfCleric"],"acts_visited":["Exordium"],"potions_floor_usage":[6],"damage_taken":[{"damage":5,"enemies":"2 Louse","floor":1,"turns":3},{"damage":6,"enemies":"Cultist","floor":3,"turns":3},{"damage":5,"enemies":"Small Slimes","floor":4,"turns":4},{"damage":50,"enemies":"3 Sentries","floor":6,"turns":10}],"seed_played":"-8052950433781480470","potions_obtained":[{"floor":1,"key":"FairyPotion"},{"floor":4,"key":"Explosive Potion"}],"is_trial":false,"path_per_floor":["M","?","M","M","$","E"],"character_chosen":"IRONCLAD","items_purchased":["Dark Embrace"],"campfire_rested":0,"item_purchase_floors":[5],"current_hp_per_floor":[68,68,69,70,70,20,20],"gold":61,"neow_bonus":"ONE_RARE_RELIC","is_daily":false,"chose_seed":false,"campfire_upgraded":0,"win_rate":0.0,"timestamp":1611133173,"path_taken":["M","?","M","?","$","E"],"items_purchased_type":["Card"],"build_version":"2020-12-22","purchased_purges":0,"victory":false,"max_hp_per_floor":[68,68,69,70,70,70,70],"card_choices":[{"not_picked":["Infernal Blade","Reckless Charge"],"picked":"Dual Wield","floor":1},{"not_picked":["Sword Boomerang","Hemokinesis"],"picked":"Rampage","floor":3},{"not_picked":["Clothesline","Wild Strike","Entrench"],"picked":"SKIP","floor":4}],"player_experience":442564,"relics_obtained":[],"event_choices":[{"damage_healed":0,"gold_gain":0,"player_choice":"Trade","damage_taken":0,"relics_obtained":["FaceOfCleric"],"max_hp_gain":0,"max_hp_loss":0,"event_name":"FaceTrader","floor":2,"gold_loss":0}],"is_beta":false,"boss_relics":[],"items_purged_floors":[],"is_endless":false,"potions_floor_spawned":[1,4],"killed_by":"3 Sentries","ascension_level":16}}