{"host":"mg3e76uznu9x14du","time":1611167548,"event":{"mods":["BaseMod","Colored Map","Downfall","Minty Spire (QoL Compilation)","Permanent Neow","Relic Stats","StSLib","Waifu the Spire","everything is the same but u backflip on backflip"],"gold_per_floor":[99,112,132,146,52,52,52,52,62,1,101,101,101,201,216,216,216,216],"floor_reached":16,"language":"ENG","playtime":799,"items_purged":[],"score":90,"play_id":"afb123bb-32fe-4080-99e0-e2adbe1fed15","local_time":"20210120133228","is_ascension_mode":false,"campfire_choices":[{"data":"Apotheosis","floor":1,"key":"SMITH"},{"data":"bronze:BronzeOrb","floor":6,"key":"SMITH"},{"floor":8,"key":"RECALL"},{"floor":12,"key":"REST"}],"circlet_count":0,"master_deck":["bronze:Strike+1","bronze:Strike","bronze:Strike","bronze:Strike","bronze:Defend","bronze:Defend","bronze:Defend","bronze:Defend","bronze:Replicate+1","bronze:Goto","Apotheosis+1","bronze:Separator","bronze:Fortify","bronze:Frontload","bronze:DelayedGuard","bronze:BronzeOrb+1","bronze:Separator","bronze:Separator","bronze:Iterate","bronze:Fortify"],"relics":["bronze:BronzeCore","Whetstone"],"acts_visited":["Exordium"],"potions_floor_usage":[9],"damage_taken":[{"damage":0,"enemies":"2 Louse","floor":2,"turns":3},{"damage":2,"enemies":"Small Slimes","floor":3,"turns":2},{"damage":11,"enemies":"Jaw Worm","floor":4,"turns":2},{"damage":0,"enemies":"downfall:FleeingMerchant","floor":5,"turns":4},{"damage":10,"enemies":"Exordium Thugs","floor":9,"turns":5},{"damage":15,"enemies":"downfall:FleeingMerchant","floor":10,"turns":4},{"damage":0,"enemies":"2 Fungi Beasts","floor":15,"turns":3},{"damage":72,"enemies":"SI_SHIV_ARCHETYPE","floor":16,"turns":14}],"seed_played":"-4221805011922303474","potions_obtained":[{"floor":2,"key":"Swift Potion"}],"is_trial":false,"path_per_floor":["R","M","M","M","$","R","T","R","M","$","?","R","?","?","M","B"],"character_chosen":"THE_AUTOMATON","items_purchased":["bronze:BronzeOrb","bronze:Iterate"],"campfire_rested":1,"item_purchase_floors":[5,10],"current_hp_per_floor":[63,63,61,50,50,50,50,50,40,25,25,43,63,63,63,0,0,0],"gold":216,"neow_bonus":"RANDOM_COLORLESS_2","is_daily":false,"chose_seed":false,"campfire_upgraded":2,"win_rate":0.0,"timestamp":1611167548,"path_taken":["R","M","M","M","$","R","T","R","M","$","?","R","?","?","M","BOSS"],"items_purchased_type":["Card","Card"],"build_version":"2020-12-22","purchased_purges":0,"victory":false,"max_hp_per_floor":[63,63,63,63,63,63,63,63,63,63,63,63,63,63,63,63,63,63],"relic_stats":{"counters":[8,37],"Whetstone":["bronze:Replicate","bronze:Strike"],"obtain_stats":[{"bronze:BronzeCore":0,"Whetstone":7},{"bronze:BronzeCore":0,"Whetstone":4},{"bronze:BronzeCore":0,"Whetstone":11}]},"card_choices":[{"not_picked":["Secret Weapon","HandOfGreed"],"picked":"Apotheosis","floor":0},{"not_picked":["bronze:Constructor","bronze:OilSpill"],"picked":"bronze:Separator","floor":2},{"not_picked":["bronze:Invalidate","bronze:CloningBeam"],"picked":"bronze:Fortify","floor":3},{"not_picked":["bronze:BugBarrage","bronze:Shield"],"picked":"bronze:Frontload","floor":4},{"not_picked":["bronze:Branch","bronze:Constructor"],"picked":"bronze:DelayedGuard","floor":5},{"not_picked":["bronze:GetLatest","bronze:Invalidate"],"picked":"bronze:Separator","floor":9},{"not_picked":["bronze:Frontload","bronze:Safeguard"],"picked":"bronze:Separator","floor":10},{"not_picked":["bronze:Deprecate","bronze:DarkDash"],"picked":"bronze:Fortify","floor":15}],"player_experience":457305,"relics_obtained":[{"floor":7,"key":"Whetstone"}],"event_choices":[{"damage_healed":21,"gold_gain":0,"player_choice":"Banana","damage_taken":0,"max_hp_gain":0,"max_hp_loss":0,"event_name":"Big Fish","floor":13,"gold_loss":0}],"is_beta":false,"boss_relics":[],"items_purged_floors":[],"is_endless":false,"potions_floor_spawned":[2],"killed_by":"SI_SHIV_ARCHETYPE","ascension_level":0}}