{"host":"52zmxm0oht7x0uft","time":1611183810,"event":{"mods":["AchievementEnabler","BaseMod","Colored Map","Minty Spire (QoL Compilation)","Quick Restart"],"gold_per_floor":[111,36,1,13,13,13,40,40,91,91,103,103,114,127,127,127,127],"floor_reached":16,"language":"ENG","playtime":585,"items_purged":["Decay"],"score":115,"play_id":"638accd8-12a3-4409-8321-123dff05172b","local_time":"20210121000330","is_ascension_mode":true,"campfire_choices":[{"data":"1","floor":6,"key":"LIFT"},{"data":"2","floor":8,"key":"LIFT"},{"data":"3","floor":10,"key":"LIFT"},{"data":"Vigilance","floor":12,"key":"SMITH"},{"floor":15,"key":"REST"}],"circlet_count":0,"master_deck":["Strike_P","Strike_P","Strike_P","Strike_P","Defend_P","Defend_P","Defend_P","Defend_P","Eruption+1","Vigilance+1","FlurryOfBlows","FollowUp","PathToVictory"],"relics":["PureWater","Girya","Nunchaku","Vajra"],"acts_visited":["Exordium"],"potions_floor_usage":[],"damage_taken":[{"damage":26,"enemies":"Small Slimes","floor":1,"turns":4},{"damage":0,"enemies":"Cultist","floor":4,"turns":2},{"damage":33,"enemies":"Gremlin Nob","floor":7,"turns":3},{"damage":0,"enemies":"2 Louse","floor":11,"turns":1},{"damage":10,"enemies":"Gremlin Gang","floor":13,"turns":4},{"damage":12,"enemies":"Exordium Thugs","floor":14,"turns":2},{"damage":53,"enemies":"The Guardian","floor":16,"turns":6}],"seed_played":"-98109738672575445","potions_obtained":[{"floor":7,"key":"LiquidMemories"},{"floor":11,"key":"FairyPotion"},{"floor":14,"key":"Dexterity Potion"}],"is_trial":false,"path_per_floor":["M","$","?","M","?","R","E","R","T","R","M","R","M","M","R","B"],"character_chosen":"WATCHER","items_purchased":[],"campfire_rested":1,"item_purchase_floors":[],"current_hp_per_floor":[46,46,64,64,64,64,31,31,31,31,31,31,21,9,30,0,0],"gold":127,"neow_bonus":"ONE_RARE_RELIC","is_daily":false,"chose_seed":false,"campfire_upgraded":1,"win_rate":0.0,"timestamp":1611183810,"path_taken":["M","$","?","M","?","R","E","R","T","R","?","R","M","M","R","BOSS"],"items_purchased_type":[],"build_version":"2020-12-22","purchased_purges":1,"victory":false,"max_hp_per_floor":[72,72,72,72,72,72,72,72,72,72,72,72,72,72,72,72,72],"card_choices":[{"not_picked":["Meditate","ClearTheMind","InnerPeace"],"picked":"SKIP","floor":1},{"not_picked":["ClearTheMind","Crescendo"],"picked":"FlurryOfBlows","floor":4},{"not_picked":["BowlingBash","Weave"],"picked":"FollowUp","floor":7},{"not_picked":["Swivel","Protect"],"picked":"PathToVictory","floor":11},{"not_picked":["Crescendo","CrushJoints","Meditate"],"picked":"SKIP","floor":13},{"not_picked":["EmptyFist","SashWhip","Tantrum"],"picked":"SKIP","floor":14}],"player_experience":363061,"relics_obtained":[{"floor":7,"key":"Nunchaku"},{"floor":9,"key":"Vajra"}],"event_choices":[{"damage_healed":18,"gold_gain":0,"player_choice":"Healed","damage_taken":0,"max_hp_gain":0,"max_hp_loss":0,"event_name":"The Cleric","floor":3,"gold_loss":35},{"damage_healed":0,"gold_gain":0,"player_choice":"Upgraded","damage_taken":0,"max_hp_gain":0,"max_hp_loss":0,"event_name":"Upgrade Shrine","floor":5,"gold_loss":0,"cards_upgraded":["Eruption"]}],"is_beta":false,"boss_relics":[],"items_purged_floors":[2],"is_endless":false,"potions_floor_spawned":[7,11,14],"killed_by":"The Guardian","ascension_level":3}}