{"host":"1ecbliur7lfoj0sl","time":1611116563,"event":{"mods":["BaseMod","Downfall","Minty Spire (QoL Compilation)","StSLib","The Senshi","Waifu the Spire"],"gold_per_floor":[99,99,109,127,137,137,205,223,249,259,259,259,169,189,204,308,308,308,323,341,358,358,385,385,385,420,436,106,6,19,19,19,19],"floor_reached":31,"language":"ZHS","playtime":1853,"items_purged":["champ:Strike","champ:Defend"],"score":279,"play_id":"dab16a22-ff9e-4684-8c5b-95075da9b962","local_time":"20210120122243","is_ascension_mode":false,"campfire_choices":[{"data":"champ:Execute","floor":1.0,"key":"SMITH"},{"data":"champ:FancyFootwork","floor":6.0,"key":"SMITH"},{"data":"champ:Duel","floor":11.0,"key":"SMITH"},{"data":"champ:UltimateStance","floor":18.0,"key":"SMITH"},{"data":"champ:StanceDance","floor":25.0,"key":"SMITH"},{"floor":29,"key":"RECALL"}],"circlet_count":0,"master_deck":["champ:Strike","champ:Strike","champ:Strike","champ:Defend","champ:Defend","champ:Defend","champ:Execute+1","champ:Taunt","champ:CalledShot","champ:Endure","champ:FancyFootwork+1","champ:Duel+1","champ:LastStand","champ:CalledShot","champ:GutPunch+1","champ:UltimateStance+1","champ:TornadoPunch+1","champ:StanceDance+1","champ:ShieldSlam+1","champ:FocusedDefense+1","champ:FocusedDefense+1","champ:DefensiveShout+1"],"relics":["champ:ChampionCrown","Gremlin Horn","Vajra","Molten Egg 2","Sozu","Ancient Tea Set","Toxic Egg 2","Bottled Tornado","DollysMirror","downfall:HeartBlessingGreen"],"acts_visited":["Exordium","TheCity"],"potions_floor_usage":[26],"damage_taken":[{"damage":10.0,"enemies":"Cultist","floor":3.0,"turns":3.0},{"damage":20.0,"enemies":"Jaw Worm","floor":4.0,"turns":4.0},{"damage":10.0,"enemies":"2 Louse","floor":5.0,"turns":2.0},{"damage":25.0,"enemies":"Lots of Slimes","floor":8.0,"turns":3.0},{"damage":51.0,"enemies":"3 Sentries","floor":9.0,"turns":7.0},{"damage":20.0,"enemies":"Gremlin Gang","floor":10.0,"turns":5.0},{"damage":15.0,"enemies":"downfall:FleeingMerchant","floor":13.0,"turns":4.0},{"damage":14.0,"enemies":"Blue Slaver","floor":14.0,"turns":2.0},{"damage":10.0,"enemies":"Lots of Slimes","floor":15.0,"turns":2.0},{"damage":33.0,"enemies":"WA_ARCHETYPE_RETAIN","floor":16.0,"turns":7.0},{"damage":25.0,"enemies":"Chosen","floor":19.0,"turns":3.0},{"damage":10.0,"enemies":"Spheric Guardian","floor":20.0,"turns":3.0},{"damage":95.0,"enemies":"Centurion and Healer","floor":21.0,"turns":9.0},{"damage":74.0,"enemies":"Gremlin Leader","floor":23.0,"turns":4.0},{"damage":30,"enemies":"Book of Stabbing","floor":26,"turns":5},{"damage":35,"enemies":"Snake Plant","floor":27,"turns":4},{"damage":45,"enemies":"downfall:FleeingMerchant","floor":28,"turns":4},{"damage":15,"enemies":"Sentry and Sphere","floor":30,"turns":2},{"damage":55,"enemies":"Centurion and Healer","floor":31,"turns":3}],"seed_played":"4673790750314097985","potions_obtained":[{"floor":9.0,"key":"PowerPotion"},{"floor":10.0,"key":"Regen Potion"},{"floor":14.0,"key":"BlessingOfTheForge"}],"is_trial":false,"path_per_floor":["R","?","M","M","M","R","T","M","E","M","R","?","$","M","M","B",null,"R","M","M","M","?","E","T","R","E","M","$","R","M","M"],"character_chosen":"THE_CHAMP","items_purchased":["champ:FocusedDefense+1","DollysMirror"],"campfire_rested":0,"item_purchase_floors":[28,28],"current_hp_per_floor":[99,104,104,94,94,94,94,89,63,63,63,60,60,56,56,43,104,104,104,104,84,84,60,60,60,55,55,55,55,55,0,0,0],"gold":19,"neow_bonus":"TEN_PERCENT_HP_BONUS","is_daily":false,"chose_seed":false,"campfire_upgraded":5,"win_rate":0.0,"timestamp":1611116563,"path_taken":["R","?","M","M","M","R","T","M","E","M","R","?","?","?","M","BOSS","R","M","M","M","?","E","T","R","E","?","$","R","M","M"],"items_purchased_type":["Card","Relic"],"build_version":"2020-12-22","purchased_purges":2,"victory":false,"max_hp_per_floor":[99,104,104,104,104,104,104,104,104,104,104,104,104,104,104,104,104,104,104,104,104,104,104,104,104,104,104,104,104,104,104,104,104],"card_choices":[{"not_picked":["champ:PerfectedStrike","champ:FanOfKnives"],"picked":"champ:CalledShot","floor":3.0},{"not_picked":["champ:EnragedBash","champ:FanOfKnives"],"picked":"champ:Endure","floor":4.0},{"not_picked":["champ:StanceDance","champ:AdrenalArmor"],"picked":"champ:FancyFootwork","floor":5.0},{"not_picked":["champ:GutPunch","champ:AdrenalArmor"],"picked":"champ:Duel","floor":8.0},{"not_picked":["champ:BerserkersShout","champ:HeavySlash"],"picked":"champ:LastStand","floor":9.0},{"not_picked":["champ:EnragedBash","champ:Parry","champ:Haymaker"],"picked":"SKIP","floor":10.0},{"not_picked":["champ:AdrenalArmor","champ:EnGarde"],"picked":"champ:CalledShot","floor":13.0},{"not_picked":["champ:Haymaker+1","champ:CrookedStrike+1","champ:BladeFlurry+1"],"picked":"SKIP","floor":14.0},{"not_picked":["champ:Shatter+1","champ:EnGarde"],"picked":"champ:GutPunch+1","floor":15.0},{"not_picked":["champ:CheapShot+1","champ:SwordThrow+1"],"picked":"champ:UltimateStance","floor":16.0},{"not_picked":["champ:Duel+1","champ:Haymaker+1"],"picked":"champ:TornadoPunch+1","floor":19.0},{"not_picked":["champ:GutPunch+1","champ:BladeFlurry+1","champ:Haymaker+1"],"picked":"SKIP","floor":20.0},{"not_picked":["champ:Circumvent","champ:Haymaker+1"],"picked":"champ:StanceDance","floor":21.0},{"not_picked":["champ:TornadoPunch+1","champ:Endure+1","champ:Encircle+1"],"picked":"SKIP","floor":23.0},{"not_picked":["champ:Parry+1","champ:RecklessLeap+1","champ:PerfectedStrike+1"],"picked":"SKIP","floor":26},{"not_picked":["champ:PreciseThrust+1","champ:SwordThrow+1","champ:AdrenalArmor+1"],"picked":"SKIP","floor":27},{"not_picked":["champ:EnGarde+1","champ:StanceDance+1"],"picked":"champ:ShieldSlam+1","floor":28},{"not_picked":["champ:Circumvent+1","champ:Shatter+1"],"picked":"champ:DefensiveShout+1","floor":30}],"player_experience":66515,"relics_obtained":[{"floor":7.0,"key":"Gremlin Horn"},{"floor":9.0,"key":"Vajra"},{"floor":23.0,"key":"Ancient Tea Set"},{"floor":24.0,"key":"Toxic Egg 2"},{"floor":26,"key":"Bottled Tornado"}],"event_choices":[{"damage_healed":0.0,"max_hp_gain":5.0,"max_hp_loss":0.0,"gold_gain":0.0,"event_name":"Big Fish","player_choice":"Donut","floor":2.0,"gold_loss":0.0,"damage_taken":0.0},{"damage_healed":0.0,"max_hp_gain":0.0,"max_hp_loss":0.0,"gold_gain":0.0,"event_name":"Scrap Ooze","player_choice":"Success","floor":12.0,"gold_loss":0.0,"damage_taken":3.0,"relics_obtained":["Molten Egg 2"]},{"damage_healed":0.0,"max_hp_gain":0.0,"max_hp_loss":0.0,"gold_gain":0.0,"event_name":"Lab","player_choice":"Got Potions","floor":22.0,"gold_loss":0.0,"damage_taken":0.0}],"is_beta":false,"boss_relics":[{"not_picked":["Runic Dome","Snecko Eye"],"picked":"Sozu"}],"items_purged_floors":[13,28],"is_endless":false,"potions_floor_spawned":[9,10,14,19,21,30],"killed_by":"Centurion and Healer","ascension_level":0}}