{"host":"5jzx1090woovszu4","time":1611103464,"event":{"mods":["BaseMod","Minty Spire (QoL Compilation)","Robot Space Explorer","Spicy Shops","StSLib","The Dragon Tamer"],"gold_per_floor":[116,66,77,77,97,126,126,203,254,254,297,297,321,358,358,469,469,480,480,70,79,79,79,108,139,164,174,191,191,222,249,249,249,249,249],"floor_reached":33,"language":"ENG","playtime":1686,"items_purged":["DTMod:Strike","DTMod:TargetDefense"],"score":344,"play_id":"2b63f825-cc54-4eca-865e-455b75b06d2e","local_time":"20210120014424","is_ascension_mode":true,"metric_token":403,"campfire_choices":[{"data":"DTMod:BurningForce","floor":7,"key":"SMITH"},{"data":"DTMod:BlazingStrike","floor":12,"key":"SMITH"},{"data":"DTMod:EchoTactic","floor":15,"key":"SMITH"},{"floor":23,"key":"REST"},{"data":"DTMod:BurningForce","floor":29,"key":"SMITH"},{"floor":32,"key":"REST"}],"dtmod_dragon_data":[0,50,4,-1,5,0],"circlet_count":0,"master_deck":["DTMod:Strike","DTMod:Strike+1","DTMod:DoubleHit","DTMod:TargetDefense","DTMod:TargetDefense","DTMod:TargetDefense","DTMod:SwitchingTactic","DTMod:EchoTactic+1","DTMod:Threaten","DTMod:BlazingStrike+1","DTMod:SwitchingTactic","DTMod:BurningForce+1","DTMod:MasterPlan","DTMod:Dissolve","DTMod:BurningEnergy","DTMod:Outburst","DTMod:BurningForce+1","DTMod:BlazingStrike+1","DTMod:BurningEnergy+1","DTMod:Inferno"],"relics":["DTMod:PactStone","Bag of Marbles","CeramicFish","Bronze Scales","Pear","Smiling Mask","SlaversCollar","Frozen Egg 2","Nilry\u0027s Codex","Kunai","Happy Flower","Whetstone"],"acts_visited":["Exordium","TheCity"],"potions_floor_usage":[11,24,25,30],"damage_taken":[{"damage":0,"enemies":"Jaw Worm","floor":1,"turns":5},{"damage":2,"enemies":"Cultist","floor":3,"turns":5},{"damage":0,"enemies":"2 Louse","floor":5,"turns":3},{"damage":1,"enemies":"3 Sentries","floor":6,"turns":8},{"damage":9,"enemies":"Gremlin Nob","floor":11,"turns":3},{"damage":0,"enemies":"2 Fungi Beasts","floor":13,"turns":2},{"damage":10,"enemies":"Lagavulin","floor":14,"turns":6},{"damage":1,"enemies":"Slime Boss","floor":16,"turns":8},{"damage":0,"enemies":"Shell Parasite","floor":18,"turns":2},{"damage":1,"enemies":"2 Thieves","floor":24,"turns":2},{"damage":3,"enemies":"Book of Stabbing","floor":25,"turns":2},{"damage":0,"enemies":"Centurion and Healer","floor":27,"turns":2},{"damage":0,"enemies":"Snake Plant","floor":28,"turns":2},{"damage":25,"enemies":"Gremlin Leader","floor":30,"turns":5},{"damage":1,"enemies":"Cultist and Chosen","floor":31,"turns":3},{"damage":52,"enemies":"Champ","floor":33,"turns":9}],"seed_played":"7010452234958382129","potions_obtained":[{"floor":6,"key":"Explosive Potion"},{"floor":11,"key":"Ancient Potion"},{"floor":14,"key":"Strength Potion"},{"floor":16,"key":"ColorlessPotion"},{"floor":18,"key":"Energy Potion"},{"floor":25,"key":"CultistPotion"},{"floor":28,"key":"Block Potion"}],"is_trial":false,"path_per_floor":["M","?","M","?","M","E","R","?","T","?","E","R","M","E","R","B",null,"M","?","$","?","?","R","M","E","T","M","M","R","E","M","R","B"],"character_chosen":"THE_DT","items_purchased":["DTMod:BurningForce","Frozen Egg 2"],"campfire_rested":2,"item_purchase_floors":[20,20],"current_hp_per_floor":[45,45,43,43,43,42,42,42,42,39,40,40,40,30,30,29,55,55,55,55,55,39,55,54,51,51,51,51,51,26,25,41,0,0,0],"gold":249,"neow_bonus":"ONE_RANDOM_RARE_CARD","is_daily":false,"chose_seed":false,"campfire_upgraded":4,"win_rate":0.0,"timestamp":1611103464,"path_taken":["M","?","M","?","?","E","R","?","T","?","E","R","M","E","R","BOSS","M","?","$","?","?","R","M","E","T","M","?","R","E","M","R","BOSS"],"items_purchased_type":["Card","Relic"],"build_version":"2020-12-22","purchased_purges":2,"victory":false,"max_hp_per_floor":[45,45,45,45,45,45,45,45,45,45,55,55,55,55,55,55,55,55,55,55,55,55,55,55,55,55,55,55,55,55,55,55,55,55,55],"card_choices":[{"not_picked":["DTMod:QuickFly","DTMod:Punisher"],"picked":"DTMod:Threaten","floor":1},{"not_picked":["DTMod:InvisibleFlame","DTMod:CrossStep"],"picked":"DTMod:BlazingStrike","floor":3},{"not_picked":["DTMod:Weaken","DTMod:MagicField"],"picked":"DTMod:BurningForce","floor":5},{"not_picked":["DTMod:ResonanceForm","DTMod:Threaten","DTMod:BuildUp"],"picked":"SKIP","floor":6},{"not_picked":["DTMod:ComboAttack","DTMod:Training"],"picked":"DTMod:MasterPlan","floor":11},{"not_picked":["DTMod:Punisher","DTMod:BizarreTactic"],"picked":"DTMod:Dissolve","floor":13},{"not_picked":["DTMod:BuildUp","DTMod:QuickFly"],"picked":"DTMod:BurningEnergy","floor":14},{"not_picked":["DTMod:StunTrap","DTMod:GearUp"],"picked":"DTMod:Outburst","floor":16},{"not_picked":["DTMod:MagicField","DTMod:CleansingStrike","DTMod:Weaken"],"picked":"SKIP","floor":18},{"not_picked":["DTMod:Dissolve+1","DTMod:Cover"],"picked":"DTMod:BurningEnergy+1","floor":24},{"not_picked":["DTMod:Shift","DTMod:Conduct+1","DTMod:Astonish+1"],"picked":"SKIP","floor":25},{"not_picked":["DTMod:Hide","DTMod:QuickFly","DTMod:BlueScale"],"picked":"SKIP","floor":27},{"not_picked":["DTMod:BlazingStrike","DTMod:LowKick","DTMod:HeatWave+1"],"picked":"SKIP","floor":28},{"not_picked":["DTMod:Shift","DTMod:RunningTactic","DTMod:ComboAttack"],"picked":"SKIP","floor":30},{"not_picked":["DTMod:Hide+1","DTMod:Weaken"],"picked":"DTMod:Inferno","floor":31}],"player_experience":640906,"relics_obtained":[{"floor":6,"key":"Bag of Marbles"},{"floor":9,"key":"CeramicFish"},{"floor":11,"key":"Pear"},{"floor":14,"key":"Smiling Mask"},{"floor":22,"key":"Nilry\u0027s Codex"},{"floor":25,"key":"Kunai"},{"floor":26,"key":"Happy Flower"},{"floor":30,"key":"Whetstone"}],"event_choices":[{"cards_removed":["DTMod:Strike"],"damage_healed":0,"gold_gain":0,"player_choice":"Card Removal","damage_taken":0,"max_hp_gain":0,"max_hp_loss":0,"event_name":"The Cleric","floor":2,"gold_loss":50},{"damage_healed":0,"gold_gain":0,"player_choice":"1 cards matched","damage_taken":0,"max_hp_gain":0,"max_hp_loss":0,"event_name":"Match and Keep!","floor":4,"gold_loss":0,"cards_obtained":["DTMod:SwitchingTactic"]},{"damage_healed":0,"gold_gain":77,"player_choice":"Gained Gold","damage_taken":0,"max_hp_gain":0,"max_hp_loss":0,"event_name":"Golden Wing","floor":8,"gold_loss":0},{"damage_healed":0,"gold_gain":0,"player_choice":"Success","damage_taken":3,"relics_obtained":["Bronze Scales"],"max_hp_gain":0,"max_hp_loss":0,"event_name":"Scrap Ooze","floor":10,"gold_loss":0},{"damage_healed":0,"gold_gain":0,"player_choice":"Ignored","damage_taken":0,"max_hp_gain":0,"max_hp_loss":0,"event_name":"Ghosts","floor":19,"gold_loss":0},{"damage_healed":0,"gold_gain":0,"player_choice":"Read","damage_taken":0,"max_hp_gain":0,"max_hp_loss":0,"event_name":"The Library","floor":21,"gold_loss":0,"cards_obtained":["DTMod:BlazingStrike"]},{"damage_healed":0,"gold_gain":0,"player_choice":"Obtained Book","damage_taken":16,"max_hp_gain":0,"max_hp_loss":0,"event_name":"Cursed Tome","floor":22,"gold_loss":0}],"is_beta":false,"boss_relics":[{"not_picked":["Runic Dome","Calling Bell"],"picked":"SlaversCollar"}],"items_purged_floors":[20,20],"is_endless":false,"potions_floor_spawned":[6,11,14,16,18,25,28],"killed_by":"Champ","ascension_level":1}}