{"host":"2qv44oxt58ptq59r","time":1611175213,"event":{"mods":["AchievementEnabler","BaseMod","Colored Powertips","Highlight Path","Minty Spire (QoL Compilation)","Permanent Neow","StSLib"],"gold_per_floor":[118,128,128,143,156,197,222,249,274,303,303,303,329,348,348,457,484,513,208,237,25,0,0,0,0,27,27,27,52,52,52,52,159,159,186,186,35,60,89,89,111,111,136,136,136],"floor_reached":44,"language":"ENG","playtime":4419,"items_purged":[],"score":412,"play_id":"44b54cdc-7fdd-4e65-9160-02115a4b40e0","local_time":"20210120204013","is_ascension_mode":false,"campfire_choices":[{"floor":11,"key":"REST"},{"floor":15,"key":"REST"},{"floor":23,"key":"REST"},{"floor":25,"key":"REST"},{"data":"Zap","floor":30,"key":"SMITH"},{"floor":32,"key":"REST"},{"floor":40,"key":"REST"},{"floor":42,"key":"REST"}],"circlet_count":0,"master_deck":["Defend_B","Defend_B","Defend_B","Zap+1","Dualcast","Lockon","Leap","Beam Cell","Recycle","Doom and Gloom+1","Chill","Stack","Chaos","Rebound","Streamline","Gash","Loop","All For One","Doom and Gloom+1","Creative AI+1","Electrodynamics+1","Tempest+1","Beam Cell+1","Defragment","Hologram","Beam Cell+1","Corpse Explosion","Darkness","Capacitor+1","ThirdEye+1","Halt+1"],"relics":["Cracked Core","CeramicFish","Omamori","Astrolabe","PrismaticShard","PreservedInsect","Toy Ornithopter","Happy Flower","Nuclear Battery","Lee\u0027s Waffle","Akabeko"],"acts_visited":["Exordium","TheCity","TheBeyond"],"potions_floor_usage":[7,10,16,18,20,29,33,35,39],"damage_taken":[{"damage":3,"enemies":"Jaw Worm","floor":1,"turns":3},{"damage":0,"enemies":"Cultist","floor":2,"turns":2},{"damage":8,"enemies":"Small Slimes","floor":4,"turns":3},{"damage":17,"enemies":"Exordium Thugs","floor":5,"turns":4},{"damage":19,"enemies":"Gremlin Nob","floor":6,"turns":4},{"damage":0,"enemies":"Large Slime","floor":7,"turns":6},{"damage":6,"enemies":"Exordium Wildlife","floor":8,"turns":5},{"damage":6,"enemies":"3 Louse","floor":10,"turns":3},{"damage":10,"enemies":"Exordium Thugs","floor":13,"turns":3},{"damage":10,"enemies":"Looter","floor":14,"turns":2},{"damage":30,"enemies":"The Guardian","floor":16,"turns":10},{"damage":20,"enemies":"2 Thieves","floor":18,"turns":2},{"damage":13,"enemies":"Shell Parasite","floor":20,"turns":3},{"damage":19,"enemies":"3 Cultists","floor":29,"turns":5},{"damage":23,"enemies":"Colosseum Slavers","floor":31,"turns":3},{"damage":54,"enemies":"Automaton","floor":33,"turns":7},{"damage":23,"enemies":"3 Darklings","floor":35,"turns":3},{"damage":16,"enemies":"3 Shapes","floor":38,"turns":5},{"damage":48,"enemies":"Spire Growth","floor":39,"turns":4},{"damage":65,"enemies":"Writhing Mass","floor":41,"turns":6},{"damage":34,"enemies":"Reptomancer","floor":44,"turns":4}],"seed_played":"1948394224920399445","potions_obtained":[{"floor":1,"key":"SteroidPotion"},{"floor":5,"key":"EssenceOfSteel"},{"floor":8,"key":"DistilledChaos"},{"floor":10,"key":"AttackPotion"},{"floor":13,"key":"SpeedPotion"},{"floor":16,"key":"Fire Potion"},{"floor":18,"key":"BlessingOfTheForge"},{"floor":20,"key":"LiquidBronze"},{"floor":29,"key":"SpeedPotion"},{"floor":38,"key":"Regen Potion"}],"is_trial":false,"path_per_floor":["M","M","?","M","M","E","M","M","T","M","R","?","M","M","R","B",null,"M","$","M","$","?","R","?","R","T","$","?","M","R","?","R","B",null,"M","?","$","M","M","R","M","R","T","E"],"character_chosen":"DEFECT","items_purchased":["PrismaticShard","PreservedInsect","Toy Ornithopter","Defragment","Hologram","Lee\u0027s Waffle"],"campfire_rested":7,"item_purchase_floors":[19,19,21,21,21,37],"current_hp_per_floor":[72,72,72,64,47,28,28,22,22,16,38,38,28,18,40,10,75,55,55,42,42,42,64,50,74,74,74,74,60,60,37,61,12,80,57,57,87,71,42,68,3,29,29,0,0],"gold":136,"neow_bonus":"TRANSFORM_CARD","is_daily":false,"chose_seed":false,"campfire_upgraded":1,"win_rate":0.0,"timestamp":1611175213,"path_taken":["M","M","?","?","M","E","M","M","T","M","R","?","M","M","R","BOSS","M","$","M","$","?","R","?","R","T","?","?","M","R","?","R","BOSS","M","?","$","M","M","R","M","R","T","E"],"items_purchased_type":["Relic","Relic","Relic","Card","Card","Relic"],"build_version":"2020-12-22","purchased_purges":0,"victory":false,"max_hp_per_floor":[75,75,75,75,75,75,75,75,75,75,75,75,75,75,75,75,75,75,75,75,75,75,75,80,80,80,80,80,80,80,80,80,80,80,80,80,87,87,87,87,87,87,87,87,87],"card_choices":[{"not_picked":["Hologram","Sweeping Beam"],"picked":"Leap","floor":1},{"not_picked":["Cold Snap","Scrape"],"picked":"Beam Cell","floor":2},{"not_picked":["Conserve Battery","Glacier"],"picked":"Doom and Gloom","floor":4},{"not_picked":["Aggregate","Beam Cell"],"picked":"Chill","floor":5},{"not_picked":["Barrage","Hologram"],"picked":"Stack","floor":6},{"not_picked":["Stack","Heatsinks"],"picked":"Chaos","floor":7},{"not_picked":["Streamline","Steam"],"picked":"Rebound","floor":8},{"not_picked":["Skim","Biased Cognition"],"picked":"Streamline","floor":10},{"not_picked":["Rebound","Barrage"],"picked":"Gash","floor":13},{"not_picked":["Doom and Gloom","Beam Cell"],"picked":"Loop","floor":14},{"not_picked":["Multi-Cast","Amplify"],"picked":"All For One","floor":16},{"not_picked":["Compile Driver+1","Double Energy"],"picked":"Tempest+1","floor":18},{"not_picked":["True Grit","Dagger Spray"],"picked":"Beam Cell+1","floor":20},{"not_picked":["Warcry","Finisher"],"picked":"Beam Cell+1","floor":29},{"not_picked":["Biased Cognition","After Image"],"picked":"Corpse Explosion","floor":33},{"not_picked":["Heavy Blade","Second Wind+1"],"picked":"Darkness","floor":35},{"not_picked":["FollowUp+1","Backflip"],"picked":"Capacitor+1","floor":38},{"not_picked":["Underhanded Strike+1","Dagger Throw"],"picked":"ThirdEye+1","floor":39},{"not_picked":["Heel Hook+1","Dagger Spray+1"],"picked":"Halt+1","floor":41}],"player_experience":5424791,"relics_obtained":[{"floor":6,"key":"CeramicFish"},{"floor":9,"key":"Omamori"},{"floor":26,"key":"Happy Flower"},{"floor":43,"key":"Akabeko"}],"event_choices":[{"damage_healed":0,"gold_gain":0,"cards_transformed":["Defend_B"],"player_choice":"Transformed","damage_taken":0,"max_hp_gain":0,"max_hp_loss":0,"event_name":"Transmorgrifier","floor":3,"gold_loss":0,"cards_obtained":["Recycle"]},{"damage_healed":0,"gold_gain":0,"player_choice":"Upgraded","damage_taken":0,"max_hp_gain":0,"max_hp_loss":0,"event_name":"Upgrade Shrine","floor":12,"gold_loss":0,"cards_upgraded":["Doom and Gloom"]},{"damage_healed":0,"gold_gain":0,"player_choice":"Paid Fearfully","damage_taken":0,"max_hp_gain":0,"max_hp_loss":0,"event_name":"Masked Bandits","floor":22,"gold_loss":25},{"damage_healed":0,"gold_gain":0,"player_choice":"Shed Blood","damage_taken":19,"max_hp_gain":5,"max_hp_loss":0,"event_name":"Forgotten Altar","floor":24,"gold_loss":0},{"damage_healed":0,"gold_gain":0,"player_choice":"Ignored","damage_taken":0,"max_hp_gain":0,"max_hp_loss":0,"event_name":"Cursed Tome","floor":28,"gold_loss":0},{"damage_healed":0,"gold_gain":0,"player_choice":"Fight","damage_taken":0,"max_hp_gain":0,"max_hp_loss":0,"event_name":"Colosseum","floor":31,"gold_loss":0},{"damage_healed":0,"gold_gain":0,"player_choice":"Fled From Nobs","damage_taken":0,"max_hp_gain":0,"max_hp_loss":0,"event_name":"Colosseum","floor":31,"gold_loss":0},{"damage_healed":0,"gold_gain":0,"player_choice":"Ignored","damage_taken":0,"max_hp_gain":0,"max_hp_loss":0,"event_name":"Tomb of Lord Red Mask","floor":36,"gold_loss":0}],"is_beta":false,"boss_relics":[{"not_picked":["SlaversCollar","Velvet Choker"],"picked":"Astrolabe"},{"not_picked":["Runic Pyramid","Snecko Eye"],"picked":"Nuclear Battery"}],"items_purged_floors":[],"is_endless":false,"potions_floor_spawned":[1,5,8,10,13,16,18,20,29,38],"killed_by":"Reptomancer","ascension_level":0}}