{"host":"6p0attdrtjqaih7v","time":1611102426,"event":{"mods":["2.2 Compatiblity","AchievementEnabler","Bard","BaseMod","Better Skull","Better Third Choice","Colored Powertips","Hermit","Highlight Path","Jorbs\u0027s Wanderer Trilogy","Key Reminder","Minty Spire (QoL Compilation)","Permanent Neow","Quick Restart","Random Character Button","Relic Stats","Replay The Spire","Robot Space Explorer","StSLib"],"gold_per_floor":[116,132,144,69,69,95,95,130,156,186,186,196,215,248,248,324,324,334,334,352,372,10,37,37,69,118,132,132,163,163,178,178,250,250,269,194,212,36,36,36,71,71,98,43,57,67,0,0,0],"floor_reached":48,"language":"ENG","playtime":3980,"items_purged":["Strike_R","Strike_R"],"score":1271,"play_id":"06dd8993-c381-4d5d-94d8-ebe4693029f8","local_time":"20210119192706","is_ascension_mode":true,"campfire_choices":[{"data":"Metallicize","floor":7,"key":"SMITH"},{"data":"Inflame","floor":15,"key":"SMITH"},{"data":"Immolate","floor":24,"key":"SMITH"},{"data":"True Grit","floor":28,"key":"SMITH"},{"data":"Flame Barrier","floor":32,"key":"SMITH"},{"data":"Limit Break","floor":40,"key":"SMITH"},{"data":"True Grit","floor":42,"key":"SMITH"}],"circlet_count":0,"master_deck":["AscendersBane","Defend_R","Defend_R","Defend_R","Defend_R","Bash+1","Anger","Thunderclap","Metallicize+1","Pommel Strike","Second Wind","Pot Of Greed","Pot Of Greed","Impervious","Twin Strike","Carnage","Inflame+1","Feed+1","Cleave","Spot Weakness","Pot Of Greed","Dark Embrace","Flame Barrier+1","Immolate+1","Pommel Strike","True Grit+1","Headbutt","Reaper","Thunderclap","Limit Break+1","Disarm","Dual Wield+1","Fiend Fire","Pot Of Greed","Demonic Infusion","True Grit+1"],"relics":["Burning Blood","Bronze Scales","Vajra","PreservedInsect","Grinning Jar","Replay:Kaleidoscope","Gremlin Food","MealTicket","Coffee Dripper","Ornamental Fan","Lantern","Replay:PocketPolymizer","Oddly Smooth Stone","Gambling Chip","ChewingGum","Du-Vu Doll","Potion Belt","Red Mask"],"acts_visited":["Exordium","TheCity","TheBeyond"],"potions_floor_usage":[6,8,16,29,31,45,46,46,46],"damage_taken":[{"damage":7,"enemies":"Jaw Worm","floor":1,"turns":4},{"damage":9,"enemies":"2 Louse","floor":2,"turns":2},{"damage":1,"enemies":"Cultist","floor":3,"turns":3},{"damage":8,"enemies":"Gremlin Nob","floor":6,"turns":3},{"damage":13,"enemies":"3 Sentries","floor":8,"turns":6},{"damage":4,"enemies":"Gremlin Nob","floor":10,"turns":3},{"damage":7,"enemies":"Blue Slaver","floor":12,"turns":5},{"damage":17,"enemies":"Gremlin Gang","floor":13,"turns":4},{"damage":20,"enemies":"Lagavulin","floor":14,"turns":4},{"damage":0,"enemies":"Slime Boss","floor":16,"turns":9},{"damage":19,"enemies":"Shell Parasite","floor":18,"turns":5},{"damage":0,"enemies":"3 Byrds","floor":20,"turns":3},{"damage":12,"enemies":"Snecko","floor":21,"turns":4},{"damage":41,"enemies":"Book of Stabbing","floor":23,"turns":5},{"damage":16,"enemies":"Slavers","floor":25,"turns":3},{"damage":13,"enemies":"Sentry and Sphere","floor":27,"turns":4},{"damage":14,"enemies":"Gremlin Leader","floor":29,"turns":5},{"damage":11,"enemies":"Cultist and Chosen","floor":31,"turns":5},{"damage":78,"enemies":"Collector","floor":33,"turns":9},{"damage":0,"enemies":"Orb Walker","floor":35,"turns":2},{"damage":20,"enemies":"3 Darklings","floor":37,"turns":4},{"damage":80,"enemies":"Nemesis","floor":41,"turns":7},{"damage":44,"enemies":"Spire Growth","floor":45,"turns":4},{"damage":13,"enemies":"Jaw Worm Horde","floor":46,"turns":4},{"damage":45,"enemies":"Giant Head","floor":48,"turns":4}],"seed_played":"3449306685372557039","potions_obtained":[{"floor":2,"key":"SkillPotion"},{"floor":3,"key":"AttackPotion"},{"floor":8,"key":"Elixir"},{"floor":12,"key":"Flashbang"},{"floor":16,"key":"PowerPotion"},{"floor":18,"key":"SteroidPotion"},{"floor":20,"key":"BloodPotion"},{"floor":29,"key":"AttackPotion"},{"floor":35,"key":"Dexterity Potion"},{"floor":45,"key":"Milkshake"}],"is_trial":false,"path_per_floor":["M","M","M","$","?","E","R","E","T","E","?","M","M","E","R","B",null,"M","?","M","M","$","E","R","E","T","M","R","E","?","M","R","B",null,"M","$","M","$","?","R","E","R","T","$","M","M","?","E"],"character_chosen":"IRONCLAD","items_purchased":["Metallicize","Flame Barrier","Ornamental Fan","Fiend Fire","SpeedPotion"],"campfire_rested":0,"item_purchase_floors":[4,22,22,38,44],"current_hp_per_floor":[67,64,69,69,69,67,67,60,60,62,62,61,50,36,36,42,67,57,57,67,65,80,45,45,39,39,32,32,28,94,89,89,21,79,85,98,102,102,97,97,27,27,27,42,24,31,31,0,0],"gold":0,"neow_bonus":"RANDOM_COMMON_RELIC","is_daily":false,"chose_seed":false,"campfire_upgraded":7,"win_rate":0.0,"timestamp":1611102426,"path_taken":["M","M","M","$","?","E","R","E","T","E","?","?","M","E","R","BOSS","M","?","?","M","$","E","R","E","T","M","R","E","?","M","R","BOSS","M","?","M","$","?","R","E","R","T","?","M","?","?","E"],"items_purchased_type":["Card","Card","Relic","Card","Potion"],"build_version":"2020-12-22","purchased_purges":2,"victory":false,"max_hp_per_floor":[75,75,75,75,75,75,75,75,75,75,75,75,75,75,75,75,75,78,78,82,86,86,86,86,90,90,90,90,94,94,94,94,98,98,98,98,102,102,97,97,101,101,101,101,101,101,101,101,101],"relic_stats":{"counters":[25,111],"Ornamental Fan":[76],"Bronze Scales":[275],"Gambling Chip":[31],"MealTicket":43,"PreservedInsect":363,"obtain_stats":[{"Gremlin Food":11,"Potion Belt":43,"Lantern":23,"Replay:PocketPolymizer":25,"Vajra":6,"Oddly Smooth Stone":26,"PreservedInsect":8,"Replay:Kaleidoscope":10,"Burning Blood":0,"Du-Vu Doll":41,"Ornamental Fan":22,"Bronze Scales":0,"Gambling Chip":29,"MealTicket":14,"ChewingGum":34,"Coffee Dripper":17,"Red Mask":47,"Grinning Jar":9},{"Gremlin Food":6,"Potion Belt":22,"Lantern":14,"Replay:PocketPolymizer":15,"Vajra":4,"Oddly Smooth Stone":15,"PreservedInsect":5,"Replay:Kaleidoscope":6,"Burning Blood":0,"Du-Vu Doll":22,"Ornamental Fan":13,"Bronze Scales":0,"Gambling Chip":17,"MealTicket":9,"ChewingGum":19,"Coffee Dripper":10,"Red Mask":24,"Grinning Jar":5},{"Gremlin Food":21,"Potion Belt":99,"Lantern":60,"Replay:PocketPolymizer":63,"Vajra":12,"Oddly Smooth Stone":63,"PreservedInsect":18,"Replay:Kaleidoscope":21,"Burning Blood":0,"Du-Vu Doll":99,"Ornamental Fan":55,"Bronze Scales":0,"Gambling Chip":72,"MealTicket":34,"ChewingGum":86,"Coffee Dripper":43,"Red Mask":107,"Grinning Jar":18}],"Burning Blood":138},"card_choices":[{"not_picked":["ReplayTheSpireMod:Strike From Hell","Evolve"],"picked":"Anger","floor":1},{"not_picked":["Burning Pact","Heavy Blade"],"picked":"Blood for Blood","floor":2},{"not_picked":["Feel No Pain","Wild Strike"],"picked":"Thunderclap","floor":3},{"not_picked":["Heavy Blade","Flex"],"picked":"Pommel Strike","floor":6},{"not_picked":["Hemokinesis","Havoc"],"picked":"Second Wind","floor":8},{"not_picked":["Metallicize","Thunderclap"],"picked":"Impervious","floor":10},{"not_picked":["Thunderclap","Headbutt"],"picked":"Twin Strike","floor":12},{"not_picked":["Clothesline","Second Wind"],"picked":"Carnage","floor":13},{"not_picked":["ReplayTheSpireMod:Strike From Hell","Infernal Blade"],"picked":"Inflame","floor":14},{"not_picked":["Berserk","Fiend Fire"],"picked":"Feed","floor":16},{"not_picked":["Replay:Undeath\u0027s Touch","Twin Strike"],"picked":"Cleave","floor":18},{"not_picked":["Clash","Seeing Red"],"picked":"Spot Weakness","floor":20},{"not_picked":["Iron Wave","Clash"],"picked":"Dark Embrace","floor":21},{"not_picked":["Sever Soul","Headbutt"],"picked":"Immolate","floor":23},{"not_picked":["Sword Boomerang","Perfected Strike"],"picked":"Pommel Strike","floor":25},{"not_picked":["Headbutt","ReplayTheSpireMod:Strike From Hell"],"picked":"True Grit","floor":27},{"not_picked":["Spot Weakness+1","Brutality"],"picked":"Reaper","floor":29},{"not_picked":["Twin Strike","ReplayTheSpireMod:Strike From Hell","Body Slam"],"picked":"SKIP","floor":31},{"not_picked":["Immolate","Demonic Infusion"],"picked":"Limit Break","floor":33},{"not_picked":["Perfected Strike+1","Life Link"],"picked":"Disarm","floor":35},{"not_picked":["Burning Pact","Rampage+1"],"picked":"Dual Wield+1","floor":37},{"not_picked":["Wild Strike","Pommel Strike"],"picked":"Demonic Infusion","floor":41},{"not_picked":["Flex","Cleave","Heavy Blade"],"picked":"SKIP","floor":45},{"not_picked":["Heavy Blade","Searing Blow","Sword Boomerang"],"picked":"SKIP","floor":46}],"player_experience":884316,"relics_obtained":[{"floor":6,"key":"Vajra"},{"floor":8,"key":"PreservedInsect"},{"floor":9,"key":"Grinning Jar"},{"floor":10,"key":"Replay:Kaleidoscope"},{"floor":14,"key":"MealTicket"},{"floor":23,"key":"Lantern"},{"floor":25,"key":"Replay:PocketPolymizer"},{"floor":26,"key":"Oddly Smooth Stone"},{"floor":29,"key":"Gambling Chip"},{"floor":41,"key":"Du-Vu Doll"},{"floor":43,"key":"Potion Belt"}],"event_choices":[{"damage_healed":0,"gold_gain":0,"player_choice":"Gave Potion","damage_taken":0,"relics_obtained":["Gremlin Food"],"max_hp_gain":0,"max_hp_loss":0,"event_name":"WeMeetAgain","floor":11,"gold_loss":0},{"damage_healed":0,"gold_gain":0,"player_choice":"Upgraded","damage_taken":0,"max_hp_gain":0,"max_hp_loss":0,"event_name":"Upgrade Shrine","floor":19,"gold_loss":0,"cards_upgraded":["Feed"]},{"cards_removed":["Blood for Blood"],"damage_healed":66,"gold_gain":0,"player_choice":"Offered Uncommon","damage_taken":0,"max_hp_gain":0,"max_hp_loss":0,"event_name":"Bonfire Elementals","floor":30,"gold_loss":0},{"damage_healed":0,"gold_gain":0,"player_choice":"Max HP","damage_taken":0,"max_hp_gain":0,"max_hp_loss":5,"event_name":"Winding Halls","floor":39,"gold_loss":0},{"damage_healed":0,"gold_gain":0,"player_choice":"Paid","damage_taken":0,"relics_obtained":["Red Mask"],"max_hp_gain":0,"max_hp_loss":0,"event_name":"Tomb of Lord Red Mask","floor":47,"gold_loss":67}],"is_beta":false,"boss_relics":[{"not_picked":["Black Blood","Cursed Key"],"picked":"Coffee Dripper"},{"not_picked":["Mark of Pain","Philosopher\u0027s Stone"],"picked":"ChewingGum"}],"items_purged_floors":[36,38],"is_endless":false,"potions_floor_spawned":[2,3,8,12,16,18,20,25,29,35,45],"killed_by":"Giant Head","ascension_level":20}}