{"host":"i7jfea87xc8lz16p","time":1611126334,"event":{"mods":["AchievementEnabler","BaseMod","Colored Powertips","Minty Spire (QoL Compilation)","Relic Stats"],"gold_per_floor":[114,29,45,45,56,56,89,109,109,140,11,11,11,27,27,27,27],"floor_reached":16,"language":"ENG","playtime":985,"items_purged":["Strike_P"],"score":220,"play_id":"d5d6c3e0-7075-4a37-9ec3-28dcc642992e","local_time":"20210120080534","is_ascension_mode":true,"campfire_choices":[{"data":"TalkToTheHand","floor":6,"key":"SMITH"},{"floor":13,"key":"REST"},{"data":"TalkToTheHand","floor":15,"key":"SMITH"}],"circlet_count":0,"master_deck":["AscendersBane","Strike_P","Strike_P","Strike_P","Defend_P","Defend_P","Defend_P","Defend_P","Eruption","Vigilance","EmptyBody","Wallop","TalkToTheHand+1","Protect+1","ThirdEye+1","TalkToTheHand+1"],"relics":["Runic Pyramid","Art of War","Toxic Egg 2","Orichalcum","Shuriken","CultistMask"],"acts_visited":["Exordium"],"potions_floor_usage":[10,14,16,16],"damage_taken":[{"damage":2,"enemies":"2 Louse","floor":1,"turns":2},{"damage":0,"enemies":"Cultist","floor":3,"turns":3},{"damage":0,"enemies":"Jaw Worm","floor":5,"turns":2},{"damage":11,"enemies":"3 Sentries","floor":7,"turns":10},{"damage":0,"enemies":"2 Fungi Beasts","floor":8,"turns":3},{"damage":20,"enemies":"Gremlin Nob","floor":10,"turns":5},{"damage":6,"enemies":"Gremlin Gang","floor":14,"turns":3},{"damage":27,"enemies":"Hexaghost","floor":16,"turns":14}],"seed_played":"3670984136626536841","potions_obtained":[{"floor":5,"key":"Strength Potion"},{"floor":10,"key":"Explosive Potion"},{"floor":14,"key":"Energy Potion"}],"is_trial":false,"path_per_floor":["M","$","M","?","M","R","E","M","T","E","$","?","R","M","R","B"],"character_chosen":"WATCHER","items_purchased":["Wallop","Fire Potion"],"campfire_rested":1,"item_purchase_floors":[2,11],"current_hp_per_floor":[59,59,59,41,41,41,30,30,30,10,10,10,30,24,24,0,0],"gold":27,"neow_bonus":"BOSS_RELIC","is_daily":false,"chose_seed":false,"campfire_upgraded":2,"win_rate":0.0,"timestamp":1611126334,"path_taken":["M","$","M","?","M","R","E","M","T","E","$","?","R","M","R","BOSS"],"items_purchased_type":["Card","Potion"],"build_version":"2020-12-22","purchased_purges":1,"victory":false,"max_hp_per_floor":[68,68,68,68,68,68,68,68,68,68,68,68,68,68,68,68,68],"relic_stats":{"counters":[8,42],"Shuriken":[2],"Art of War":[9],"Orichalcum":[6],"obtain_stats":[{"Shuriken":10,"CultistMask":12,"Art of War":4,"PureWater":0,"Toxic Egg 2":7,"Orichalcum":9,"Runic Pyramid":0},{"Shuriken":6,"CultistMask":6,"Art of War":2,"PureWater":0,"Toxic Egg 2":4,"Orichalcum":5,"Runic Pyramid":0},{"Shuriken":25,"CultistMask":25,"Art of War":5,"PureWater":0,"Toxic Egg 2":17,"Orichalcum":20,"Runic Pyramid":0}]},"card_choices":[{"not_picked":["FlurryOfBlows","Crescendo"],"picked":"EmptyBody","floor":1},{"not_picked":["JustLucky","PathToVictory","Crescendo"],"picked":"SKIP","floor":3},{"not_picked":["Tantrum","Evaluate"],"picked":"TalkToTheHand","floor":5},{"not_picked":["PathToVictory+1","Meditate+1"],"picked":"Protect+1","floor":7},{"not_picked":["LikeWater","Nirvana"],"picked":"ThirdEye+1","floor":8},{"not_picked":["Nirvana","FollowUp"],"picked":"TalkToTheHand","floor":10},{"not_picked":["Sanctity+1","ClearTheMind+1","EmptyMind+1"],"picked":"SKIP","floor":14}],"player_experience":1829357,"relics_obtained":[{"floor":7,"key":"Toxic Egg 2"},{"floor":9,"key":"Orichalcum"},{"floor":10,"key":"Shuriken"}],"event_choices":[{"damage_healed":0,"gold_gain":0,"player_choice":"Success","damage_taken":18,"relics_obtained":["Art of War"],"max_hp_gain":0,"max_hp_loss":0,"event_name":"Scrap Ooze","floor":4,"gold_loss":0},{"damage_healed":0,"gold_gain":0,"player_choice":"Trade","damage_taken":0,"relics_obtained":["CultistMask"],"max_hp_gain":0,"max_hp_loss":0,"event_name":"FaceTrader","floor":12,"gold_loss":0}],"is_beta":false,"boss_relics":[],"items_purged_floors":[11],"is_endless":false,"potions_floor_spawned":[5,10,14],"killed_by":"Hexaghost","ascension_level":20}}