{"host":"2r1v2z034wsinqnl","time":1611115212,"event":{"mods":["AchievementEnabler","BaseMod","Colored Map","Colored Powertips","Downfall","Minty Spire (QoL Compilation)","Random Character Button","StSLib"],"gold_per_floor":[99,111,122,139,150,169,194,25,41,41,69,8,8,35,45,150,150,150,170,183,200,300,300,300,334,334,353,364,364,364,383,395,500,500,500,517,533,533,544,544,569,600,614,614,614,614,614,632,651,651],"floor_reached":51,"language":"ENG","playtime":4054,"items_purged":[],"score":751,"play_id":"9c58aed4-6259-414c-b564-b2b0808e5bd3","local_time":"20210119230012","is_ascension_mode":true,"campfire_choices":[{"data":"Slimebound:Split","floor":1,"key":"SMITH"},{"data":"Slimebound:LevelUp","floor":10,"key":"SMITH"},{"data":"Slimebound:MassRepurpose","floor":13,"key":"SMITH"},{"data":"Slimebound:Darklings","floor":18,"key":"SMITH"},{"floor":26,"key":"REST"},{"floor":29,"key":"REST"},{"data":"Slimebound:Teamwork","floor":35,"key":"SMITH"},{"data":"Slimebound:LevelUp","floor":40,"key":"SMITH"},{"data":"Slimebound:Repurpose","floor":44,"key":"SMITH"},{"data":"Slimebound:SlimeTap","floor":46,"key":"SMITH"}],"circlet_count":0,"master_deck":["Slimebound:Strike_Slimebound+1","Slimebound:Strike_Slimebound","Slimebound:Defend_Slimebound","Slimebound:Defend_Slimebound","Slimebound:Defend_Slimebound","Slimebound:Defend_Slimebound","Slimebound:Split+1","Slimebound:CorrosiveSpit","Slimebound:MassRepurpose+1","Slimebound:PressTheAttack+1","Slimebound:SplitBruiser","Slimebound:GoopSpray","Slimebound:SplitBruiser","Slimebound:SlimeTap+1","Slimebound:LevelUp+1","Slimebound:SplitLeeching","Slimebound:Teamwork+1","Slimebound:SplitAcid","Slimebound:LeechLife","Slimebound:Darklings+1","CurseOfTheBell","Slimebound:LevelUp+1","Slimebound:PressTheAttack","Slimebound:GoopSpray","Slimebound:Repurpose+1","Slimebound:FirmFortitude","Slimebound:SamplingLick","Slimebound:RallyTheTroops","Slimebound:Schlurp","Slimebound:GoopSpray","expansioncontent:GuardianWhirl"],"relics":["Slimebound:AbsorbEndCombat","Whetstone","HandDrill","Vajra","Potion Belt","Bag of Marbles","Pear","Incense Burner","Nloth\u0027s Gift","Orichalcum","HornCleat","Pantograph","Philosopher\u0027s Stone","Omamori","Anchor"],"acts_visited":["Exordium","TheCity","TheBeyond"],"potions_floor_usage":[6,19,21,25,31,33,37,43,48,50,50],"damage_taken":[{"damage":0,"enemies":"Cultist","floor":2,"turns":3},{"damage":0,"enemies":"Small Slimes","floor":3,"turns":3},{"damage":5,"enemies":"Jaw Worm","floor":4,"turns":4},{"damage":5,"enemies":"3 Louse","floor":5,"turns":2},{"damage":5,"enemies":"Large Slime","floor":6,"turns":5},{"damage":0,"enemies":"downfall:FleeingMerchant","floor":8,"turns":4},{"damage":12,"enemies":"Gremlin Gang","floor":9,"turns":3},{"damage":15,"enemies":"Gremlin Nob","floor":11,"turns":4},{"damage":0,"enemies":"downfall:FleeingMerchant","floor":12,"turns":4},{"damage":5,"enemies":"Lagavulin","floor":14,"turns":5},{"damage":8,"enemies":"Red Slaver","floor":15,"turns":3},{"damage":0,"enemies":"SI_SHIV_ARCHETYPE","floor":16,"turns":5},{"damage":0,"enemies":"Chosen","floor":19,"turns":4},{"damage":19,"enemies":"3 Byrds","floor":20,"turns":5},{"damage":19,"enemies":"Snake Plant","floor":21,"turns":3},{"damage":34,"enemies":"Slavers","floor":25,"turns":5},{"damage":16,"enemies":"Centurion and Healer","floor":27,"turns":5},{"damage":0,"enemies":"Snecko","floor":28,"turns":4},{"damage":0,"enemies":"Chosen and Byrds","floor":31,"turns":3},{"damage":0,"enemies":"3 Cultists","floor":32,"turns":4},{"damage":43,"enemies":"DF_ARCHETYPE_CLAW","floor":33,"turns":8},{"damage":0,"enemies":"Orb Walker","floor":36,"turns":3},{"damage":1,"enemies":"3 Shapes","floor":37,"turns":4},{"damage":1,"enemies":"Transient","floor":39,"turns":5},{"damage":8,"enemies":"Reptomancer","floor":42,"turns":5},{"damage":4,"enemies":"Sphere and 2 Shapes","floor":43,"turns":4},{"damage":20,"enemies":"Writhing Mass","floor":48,"turns":7},{"damage":2,"enemies":"Spire Growth","floor":49,"turns":4},{"damage":65,"enemies":"IC_BLOCK_ARCHETYPE","floor":50,"turns":8}],"seed_played":"-2357039016041899291","potions_obtained":[{"floor":2,"key":"FearPotion"},{"floor":4,"key":"Explosive Potion"},{"floor":11,"key":"Swift Potion"},{"floor":14,"key":"Energy Potion"},{"floor":15,"key":"SteroidPotion"},{"floor":20,"key":"ColorlessPotion"},{"floor":25,"key":"BlessingOfTheForge"},{"floor":28,"key":"ColorlessPotion"},{"floor":32,"key":"SpeedPotion"},{"floor":33,"key":"LiquidMemories"},{"floor":37,"key":"Slimebound:SlimyTonguePotion"},{"floor":39,"key":"SkillPotion"}],"is_trial":false,"path_per_floor":["R","M","M","M","M","M","T","$","M","R","E","$","R","E","M","B",null,"R","M","M","M","?","?","T","E","R","M","M","R","T","M","M","B",null,"R","M","M","?","M","R","T","E","M","R","?","R","?","M","M","B",null],"character_chosen":"SLIMEBOUND","items_purchased":["HandDrill","Slimebound:SplitAcid"],"campfire_rested":2,"item_purchase_floors":[8,12],"current_hp_per_floor":[59,59,59,55,54,53,53,59,51,51,42,46,46,41,33,51,69,69,69,50,35,35,35,35,5,25,13,13,33,33,33,35,23,69,69,69,69,69,69,69,69,67,69,69,69,69,69,60,60,10],"gold":651,"neow_bonus":"TRANSFORM_TWO_CARDS","is_daily":false,"chose_seed":false,"campfire_upgraded":8,"win_rate":0.0,"timestamp":1611115212,"path_taken":["R","M","M","M","M","M","T","$","M","R","E","?","R","E","M","BOSS","R","M","M","M","?","?","T","E","R","M","?","R","?","M","M","BOSS","R","M","M","?","M","R","T","E","M","R","?","R","?","M","M","BOSS"],"items_purchased_type":["Relic","Card"],"build_version":"2020-12-22","purchased_purges":0,"victory":true,"max_hp_per_floor":[59,59,59,59,59,59,59,59,59,59,59,59,59,59,59,59,69,69,69,69,69,69,69,69,69,69,69,69,69,69,69,69,69,69,69,69,69,69,69,69,69,69,69,69,69,69,69,69,69,69],"card_choices":[{"not_picked":["Slimebound:Gluttony","Slimebound:PressTheAttack","Slimebound:ComboTackle"],"picked":"SKIP","floor":2},{"not_picked":["Slimebound:Schlurp","Slimebound:SlimeSpikes"],"picked":"Slimebound:SplitBruiser","floor":3},{"not_picked":["Slimebound:SlimeSlap","Slimebound:LeechingTouch"],"picked":"Slimebound:GoopSpray","floor":4},{"not_picked":["Slimebound:ViciousTackle","Slimebound:DisruptingSlam"],"picked":"Slimebound:SplitBruiser","floor":5},{"not_picked":["Slimebound:TongueLash","Slimebound:Prepare"],"picked":"Slimebound:SlimeTap","floor":6},{"not_picked":["Slimebound:FlameTackle","Slimebound:ComboTackle","Slimebound:BestDefense"],"picked":"SKIP","floor":8},{"not_picked":["Slimebound:RainOfGoop","Slimebound:PressTheAttack"],"picked":"Slimebound:LevelUp","floor":9},{"not_picked":["Slimebound:LivingWall","Slimebound:SamplingLick"],"picked":"Slimebound:SplitLeeching","floor":11},{"not_picked":["Slimebound:Schlurp","Slimebound:ItLooksTasty"],"picked":"Slimebound:Teamwork","floor":12},{"not_picked":["Slimebound:SplitBruiser","Slimebound:LeechEnergy","Slimebound:RainOfGoop"],"picked":"SKIP","floor":14},{"not_picked":["Slimebound:LeechingTouch","Slimebound:Replication"],"picked":"Slimebound:LeechLife","floor":15},{"not_picked":["Slimebound:DuplicatedForm","Slimebound:CheckThePlaybook"],"picked":"Slimebound:Darklings","floor":16},{"not_picked":["Slimebound:LeechEnergy+1","Slimebound:SlimeTap"],"picked":"Slimebound:LevelUp","floor":19},{"not_picked":["Slimebound:SlimeBrawl","Slimebound:AcidTongue+1"],"picked":"Slimebound:PressTheAttack","floor":20},{"not_picked":["Slimebound:RejuvenatingLick","Slimebound:Prepare+1"],"picked":"Slimebound:GoopSpray","floor":21},{"not_picked":["Slimebound:GrowthPunch","Slimebound:RollThrough","Slimebound:ServeAndProtect"],"picked":"SKIP","floor":25},{"not_picked":["Slimebound:SlimeBrawl","Slimebound:LeechEnergy+1"],"picked":"Slimebound:Repurpose","floor":27},{"not_picked":["Slimebound:ItLooksTasty","Slimebound:Nibble"],"picked":"Slimebound:FirmFortitude","floor":28},{"not_picked":["Slimebound:Gluttony","Slimebound:LivingWall","Slimebound:Prepare"],"picked":"SKIP","floor":31},{"not_picked":["Slimebound:SplitAcid+1","Slimebound:LivingWall"],"picked":"Slimebound:SamplingLick","floor":32},{"not_picked":["Slimebound:MassFeed","Slimebound:OozeBath"],"picked":"Slimebound:RallyTheTroops","floor":33},{"not_picked":["Slimebound:RollThrough+1","Slimebound:ServeAndProtect+1"],"picked":"Slimebound:Schlurp","floor":36},{"not_picked":["Slimebound:HauntingLick","Slimebound:GoopTackle+1"],"picked":"Slimebound:GoopSpray","floor":37},{"not_picked":["Slimebound:Dissolve+1","Slimebound:SplitMire","Slimebound:SplitAcid+1"],"picked":"SKIP","floor":39},{"not_picked":["Slimebound:ItLooksTasty","Slimebound:LeechingTouch+1","Slimebound:Darklings"],"picked":"SKIP","floor":42},{"not_picked":["Slimebound:SplitLeeching+1","Slimebound:Prepare","Slimebound:SlimeBarrage"],"picked":"SKIP","floor":43},{"not_picked":["expansioncontent:Hexaburn","expansioncontent:PolyBeam"],"picked":"expansioncontent:GuardianWhirl","floor":47},{"not_picked":["Slimebound:Dissolve+1","Slimebound:Gluttony+1","Slimebound:LeechingTouch+1"],"picked":"SKIP","floor":48},{"not_picked":["Slimebound:SplitLeeching","Slimebound:ComboTackle+1","Slimebound:RollThrough"],"picked":"SKIP","floor":49}],"player_experience":162468,"relics_obtained":[{"floor":7,"key":"Whetstone"},{"floor":11,"key":"Vajra"},{"floor":14,"key":"Potion Belt"},{"floor":17,"key":"Bag of Marbles"},{"floor":17,"key":"Pear"},{"floor":17,"key":"Incense Burner"},{"floor":24,"key":"Orichalcum"},{"floor":25,"key":"HornCleat"},{"floor":30,"key":"Pantograph"},{"floor":41,"key":"Omamori"},{"floor":42,"key":"Anchor"}],"event_choices":[{"damage_healed":0,"gold_gain":0,"player_choice":"Ignored","damage_taken":0,"max_hp_gain":0,"max_hp_loss":0,"event_name":"Mysterious Sphere","floor":38,"gold_loss":0}],"is_beta":false,"boss_relics":[{"not_picked":["Fusion Hammer","Slimebound:TarBlob"],"picked":"Calling Bell"},{"not_picked":["bronze:MakeshiftBattery","Runic Dome"],"picked":"Philosopher\u0027s Stone"}],"items_purged_floors":[],"is_endless":false,"potions_floor_spawned":[2,4,11,14,15,20,25,28,32,33,37,39],"ascension_level":1}}