{"host":"amnup8uv961nil3y","time":1611160806,"event":{"mods":["Act Like it!","Aspiration","BaseMod","Bestiary","Better Altar","Better Match","Better Sensory Stone","Better Synergies","Better Third Choice","Block Reminder","Challenge The Spire","Colored Map","Colored Powertips","Colorless Booster Pack","Conspire","DeckTracker","Disable Question Mark Monsters","Elementarium","Energized Spire","Evolution","GifTheSpireLib","Halation","HexUI Lib","Highlight Path","Hubris","Infinite Spire","Lotus Mark","Menagerie","Minty Spire (QoL Compilation)","Pale of the Ancients","Potion Indicator Mod","Quarter Circle Forward PUNCH!","Relic Stats","Replay The Spire","Reworked Bosses","Robot Space Explorer","Shop Mod","Small Relic Pack","Spicy Shops","Spikes Relics","StSLib","Stuff the Spire","Swap Starting Deck Mod","Trackpad","Useless Jewels Mod","Wandering Minibosses","vexMod"],"gold_per_floor":[109,9,109,125,178,207,80,111,111,86,86,86,143,129,129,250,250,322,322,339,356,356,395,395,425,474,539,509,533,561,600,600,709,709,724,782,542,575,475,512,538,538,563,615,615,615,640,657,657,657],"floor_reached":51,"language":"ENG","playtime":4618,"items_purged":["RobotSpaceExplorer:FranticSearch"],"score":1078,"play_id":"e7c4e45d-f5a8-4203-92f2-b55725134e14","local_time":"20210120164006","is_ascension_mode":true,"campfire_choices":[{"data":"RobotSpaceExplorer:MakeshiftVolley","floor":12,"key":"SMITH"},{"data":"RobotSpaceExplorer:Ammunition","floor":15,"key":"SMITH"},{"data":"J.A.X.","floor":24,"key":"SMITH"},{"floor":32,"key":"DIG"},{"data":"Replay:Dark Deal","floor":42,"key":"SMITH"},{"floor":46,"key":"REST"}],"circlet_count":0,"master_deck":["RobotSpaceExplorer:FrostMissile","RobotSpaceExplorer:ScrapMissile","RobotSpaceExplorer:ShockKick","RobotSpaceExplorer:SlimeMissile","RobotSpaceExplorer:SurgingStrike","RobotSpaceExplorer:MetalStrike","RobotSpaceExplorer:Counterblock","RobotSpaceExplorer:SurgingStrike","RobotSpaceExplorer:Ammunition+1","conspire:SpireCoStock","conspire:SpireCoStock","RobotSpaceExplorer:StarLightning","RobotSpaceExplorer:MakeshiftVolley+1","RobotSpaceExplorer:Jetpack","RobotSpaceExplorer:SlimeMissile","RobotSpaceExplorer:GlueShot","RobotSpaceExplorer:Probe","RobotSpaceExplorer:Jetpack","RobotSpaceExplorer:HighVoltage","RobotSpaceExplorer:Smokescreen","RobotSpaceExplorer:ShockKick+1","J.A.X.+1","RobotSpaceExplorer:MiniDrones","RobotSpaceExplorer:SlimeMissile","RobotSpaceExplorer:Electroshield","RobotSpaceExplorer:ScrapMissile+1","RobotSpaceExplorer:FreezeRay","RobotSpaceExplorer:Exploration","RobotSpaceExplorer:MakeshiftVolley+1","Replay:Dark Deal+1","RobotSpaceExplorer:FreezeRay+1","RobotSpaceExplorer:Reload+1","RobotSpaceExplorer:StarLightning+1","RobotSpaceExplorer:Comet","Delirium","RobotSpaceExplorer:MiniBoosters+1","RobotSpaceExplorer:Calculate+1"],"relics":["RobotSpaceExplorer:RoboCore","EVO:Axolotl","swapstartingdeckmod:Bellows","hubris:64BitClover","Thread and Needle","RobotSpaceExplorer:PlasmaHourglass","qcfpunch:Dark_Gi","hubris:OldNail","wanderingMiniBosses:ThiefScarf","betterThird:NestCultRelic","infinitespire:Broken Mirror","Bag of Preparation","StuffTheSpire:HeavyRock","LugNut","Prayer Wheel","halation:AfternoonTea","RetroEgg","conspire:SpecialSausage","hubris:Zylophone","Membership Card","halation:QuantumPhysicsTextbook","trackpad:GuardianSpirit","trackpad:Compendium","vexMod:ScavengeHelm","ReplayTheSpireMod:Ring of Exchange","Ring of Peace","Mirror"],"acts_visited":["Exordium","TheCity","TheBeyond"],"potions_floor_usage":[14,16,20,21,27,40,50],"damage_taken":[{"damage":1,"enemies":"Jaw Worm","floor":1,"turns":2},{"damage":7,"enemies":"Small Slimes","floor":4,"turns":2},{"damage":0,"enemies":"Cultist","floor":5,"turns":3},{"damage":10,"enemies":"Gremlin Nob","floor":6,"turns":3},{"damage":3,"enemies":"Lots of Slimes","floor":8,"turns":3},{"damage":13,"enemies":"3 Sentries","floor":13,"turns":7},{"damage":0,"enemies":"Large Slime","floor":14,"turns":6},{"damage":27,"enemies":"The Guardian","floor":16,"turns":8},{"damage":0,"enemies":"3 Byrds","floor":18,"turns":5},{"damage":0,"enemies":"Spheric Guardian","floor":20,"turns":3},{"damage":0,"enemies":"Centurion and Healer","floor":21,"turns":4},{"damage":5,"enemies":"Replay:Snechameleon","floor":23,"turns":4},{"damage":11,"enemies":"Shelled Parasite and Fungi","floor":25,"turns":3},{"damage":0,"enemies":"Book of Stabbing","floor":27,"turns":4},{"damage":0,"enemies":"3 Cultists","floor":29,"turns":3},{"damage":0,"enemies":"conspire:Head Lice","floor":30,"turns":3},{"damage":2,"enemies":"conspire:MimicChest","floor":31,"turns":4},{"damage":6,"enemies":"bossMod:newCollector","floor":33,"turns":4},{"damage":0,"enemies":"Orb Walker","floor":35,"turns":1},{"damage":6,"enemies":"2 Orb Walkers","floor":36,"turns":3},{"damage":19,"enemies":"3 Shapes","floor":38,"turns":4},{"damage":8,"enemies":"Giant Head","floor":40,"turns":5},{"damage":12,"enemies":"R_Hoarder","floor":41,"turns":3},{"damage":0,"enemies":"Giant Head","floor":44,"turns":4},{"damage":0,"enemies":"Reptomancer","floor":47,"turns":3},{"damage":3,"enemies":"Sphere and 2 Shapes","floor":48,"turns":3},{"damage":30,"enemies":"Time Eater","floor":50,"turns":6}],"seed_played":"-4011917365704356185","potions_obtained":[{"floor":1,"key":"infinitespire:BlackPotion"},{"floor":4,"key":"SteroidPotion"},{"floor":13,"key":"PowerPotion"},{"floor":16,"key":"Strength Potion"},{"floor":18,"key":"Adrenaline Potion"},{"floor":20,"key":"LifebloodPotion"},{"floor":25,"key":"Languid Potion"},{"floor":28,"key":"qcfpunch:Challenger_Coin"},{"floor":40,"key":"DuplicationPotion"}],"is_trial":false,"path_per_floor":["M","?","?","M","M","E","$","M","T","?","?","R","E","M","R","B",null,"M","?","M","M","?","E","R","M","T","E","?","M","E","?","R_BF","B",null,"M","?","$","M","NS","E","E","R","T","E","?","R","E","M","R_BF","B",null],"character_chosen":"RobotSpaceExplorer","items_purchased":["RobotSpaceExplorer:SlimeMissile","Membership Card","Replay:Dark Deal"],"campfire_rested":1,"item_purchase_floors":[7,37,37],"current_hp_per_floor":[74,74,74,67,67,57,57,54,54,54,59,59,46,46,46,19,49,49,49,49,49,49,44,44,33,33,33,33,33,33,31,31,25,49,49,43,43,24,24,28,16,16,16,16,16,30,39,36,49,25],"gold":657,"neow_bonus":"","is_daily":false,"chose_seed":false,"campfire_upgraded":4,"win_rate":0.0,"timestamp":1611160806,"path_taken":["M","?","?","?","M","E","$","?","T","?","?","R","E","?","R","BOSS","M","?","M","M","?","E","R","M","T","E","?","?","E","?","R_BF","BOSS","M","?","$","M","NS","E","E","R","T","E","?","R","E","M","R_BF","BOSS"],"items_purchased_type":["Card","Relic","Card"],"build_version":"2020-12-22","purchased_purges":1,"victory":true,"max_hp_per_floor":[75,75,75,75,75,75,75,75,75,75,75,75,75,75,75,75,49,49,49,49,49,49,49,49,49,49,49,49,49,49,49,49,49,49,49,49,49,49,49,49,49,49,49,49,49,49,49,49,49,49],"relic_stats":{"counters":[27,103],"Prayer Wheel":3,"Bag of Preparation":[0],"obtain_stats":[{"aspiration:PoetsPen_weak":33,"trackpad:ByrdBGone":40,"EVO:Axolotl":0,"qcfpunch:Red_Beret":30,"relicPack:SpireResearchBook":27,"trackpad:WritersBlock":30,"Prayer Wheel":30,"halation:KoshaPiece":36,"LugNut":27,"wanderingMiniBosses:ThiefScarf":18,"halation:QuantumPhysicsTextbook":40,"vexMod:ScavengeHelm":44,"Oddly Smooth Stone":25,"qcfpunch:Dark_Gi":17,"conspire:Boomerang":50,"aspiration:HiddenCompartment":29,"hubris:Zylophone":36,"infinitespire:Broken Mirror":23,"Bronze Scales":38,"hubris:ToyBattleship":25,"infinitespire:EmpoweringShard":38,"halation:Convergence":20,"Mirror":47,"Meat on the Bone":40,"ReplayTheSpireMod:Ring of Exchange":45,"Regal Pillow":35,"RobotSpaceExplorer:PlasmaHourglass":13,"RetroEgg":32,"conspire:SpecialSausage":34,"aspiration:TomeofQuesting":41,"Juzu Bracelet":23,"Bag of Preparation":25,"Ancient Tea Set":21,"vexMod:Spyglass":48,"StuffTheSpire:Experiment12":44,"StuffTheSpire:HeavyRock":26,"Ring of Peace":45,"Toolbox":33,"Replay:Lucky Slots":21,"trackpad:Compendium":29,"hubris:FunFungus":44,"hubris:GlazedTorus":31,"trackpad:GuardianSpirit":41,"vexMod:GildedClover":27,"hubris:64BitClover":6,"vexMod:ConsolationPrize":23,"RobotSpaceExplorer:RoboCore":0,"Thread and Needle":9,"swapstartingdeckmod:Bellows":0,"betterThird:NestCultRelic":19,"MawBank":31,"halation:SwordOfLegend":36,"vexMod:BarristanHead":41,"infinitespire:Satchel":47,"qcfpunch:Red_Headband":50,"halation:AfternoonTea":31,"Membership Card":37,"ReplayTheSpireMod:Onyx Gauntlets":35,"hubris:OldNail":10,"Toy Ornithopter":20},{"aspiration:PoetsPen_weak":17,"trackpad:ByrdBGone":21,"EVO:Axolotl":0,"qcfpunch:Red_Beret":15,"relicPack:SpireResearchBook":13,"trackpad:WritersBlock":15,"Prayer Wheel":16,"halation:KoshaPiece":19,"LugNut":14,"wanderingMiniBosses:ThiefScarf":9,"halation:QuantumPhysicsTextbook":22,"vexMod:ScavengeHelm":24,"Oddly Smooth Stone":12,"qcfpunch:Dark_Gi":8,"conspire:Boomerang":26,"aspiration:HiddenCompartment":14,"hubris:Zylophone":20,"infinitespire:Broken Mirror":12,"Bronze Scales":20,"hubris:ToyBattleship":12,"infinitespire:EmpoweringShard":20,"halation:Convergence":9,"Mirror":25,"Meat on the Bone":21,"ReplayTheSpireMod:Ring of Exchange":24,"Regal Pillow":18,"RobotSpaceExplorer:PlasmaHourglass":6,"RetroEgg":17,"conspire:SpecialSausage":18,"aspiration:TomeofQuesting":22,"Juzu Bracelet":11,"Bag of Preparation":13,"Ancient Tea Set":10,"vexMod:Spyglass":25,"StuffTheSpire:Experiment12":23,"StuffTheSpire:HeavyRock":13,"Ring of Peace":24,"Toolbox":17,"Replay:Lucky Slots":10,"trackpad:Compendium":14,"hubris:FunFungus":23,"hubris:GlazedTorus":16,"trackpad:GuardianSpirit":23,"vexMod:GildedClover":13,"hubris:64BitClover":4,"vexMod:ConsolationPrize":11,"RobotSpaceExplorer:RoboCore":0,"Thread and Needle":5,"swapstartingdeckmod:Bellows":0,"betterThird:NestCultRelic":9,"MawBank":16,"halation:SwordOfLegend":19,"vexMod:BarristanHead":22,"infinitespire:Satchel":24,"qcfpunch:Red_Headband":26,"halation:AfternoonTea":17,"Membership Card":20,"ReplayTheSpireMod:Onyx Gauntlets":18,"hubris:OldNail":5,"Toy Ornithopter":9},{"aspiration:PoetsPen_weak":67,"trackpad:ByrdBGone":79,"EVO:Axolotl":0,"qcfpunch:Red_Beret":60,"relicPack:SpireResearchBook":53,"trackpad:WritersBlock":60,"Prayer Wheel":63,"halation:KoshaPiece":72,"LugNut":57,"wanderingMiniBosses:ThiefScarf":39,"halation:QuantumPhysicsTextbook":84,"vexMod:ScavengeHelm":91,"Oddly Smooth Stone":50,"qcfpunch:Dark_Gi":34,"conspire:Boomerang":97,"aspiration:HiddenCompartment":57,"hubris:Zylophone":75,"infinitespire:Broken Mirror":50,"Bronze Scales":75,"hubris:ToyBattleship":50,"infinitespire:EmpoweringShard":75,"halation:Convergence":39,"Mirror":94,"Meat on the Bone":79,"ReplayTheSpireMod:Ring of Exchange":91,"Regal Pillow":71,"RobotSpaceExplorer:PlasmaHourglass":20,"RetroEgg":67,"conspire:SpecialSausage":71,"aspiration:TomeofQuesting":84,"Juzu Bracelet":46,"Bag of Preparation":53,"Ancient Tea Set":42,"vexMod:Spyglass":94,"StuffTheSpire:Experiment12":87,"StuffTheSpire:HeavyRock":53,"Ring of Peace":91,"Toolbox":67,"Replay:Lucky Slots":42,"trackpad:Compendium":57,"hubris:FunFungus":87,"hubris:GlazedTorus":63,"trackpad:GuardianSpirit":87,"vexMod:GildedClover":53,"hubris:64BitClover":10,"vexMod:ConsolationPrize":46,"RobotSpaceExplorer:RoboCore":0,"Thread and Needle":13,"swapstartingdeckmod:Bellows":0,"betterThird:NestCultRelic":39,"MawBank":63,"halation:SwordOfLegend":72,"vexMod:BarristanHead":84,"infinitespire:Satchel":91,"qcfpunch:Red_Headband":97,"halation:AfternoonTea":67,"Membership Card":75,"ReplayTheSpireMod:Onyx Gauntlets":71,"hubris:OldNail":13,"Toy Ornithopter":39}]},"card_choices":[{"not_picked":["RobotSpaceExplorer:Counterblock","RobotSpaceExplorer:Electropulse"],"picked":"RobotSpaceExplorer:Ammunition","floor":1},{"not_picked":["RobotSpaceExplorer:FranticSearch","RobotSpaceExplorer:SwiftStep"],"picked":"RobotSpaceExplorer:StarLightning","floor":4},{"not_picked":["RobotSpaceExplorer:PowerGlove","RobotSpaceExplorer:DoubleBlock"],"picked":"RobotSpaceExplorer:MakeshiftVolley","floor":5},{"not_picked":["RobotSpaceExplorer:MakeshiftVolley","RobotSpaceExplorer:Blaster"],"picked":"RobotSpaceExplorer:Jetpack","floor":6},{"not_picked":["RobotSpaceExplorer:Counterblock","RobotSpaceExplorer:FranticSearch"],"picked":"RobotSpaceExplorer:GlueShot","floor":8},{"not_picked":["RobotSpaceExplorer:SelfCleaning","RobotSpaceExplorer:DoubleBlock"],"picked":"RobotSpaceExplorer:Probe","floor":13},{"not_picked":["RobotSpaceExplorer:BigMissile","RobotSpaceExplorer:MakeshiftVolley"],"picked":"RobotSpaceExplorer:Jetpack","floor":14},{"not_picked":["RobotSpaceExplorer:Accelerator","RobotSpaceExplorer:Asteroid"],"picked":"RobotSpaceExplorer:HighVoltage","floor":16},{"not_picked":["RobotSpaceExplorer:Pulsar","RobotSpaceExplorer:SwiftStep+1"],"picked":"RobotSpaceExplorer:Smokescreen","floor":18},{"not_picked":["RobotSpaceExplorer:LaserBurst+1","RobotSpaceExplorer:SurgingStrike"],"picked":"RobotSpaceExplorer:ShockKick","floor":20},{"not_picked":["RobotSpaceExplorer:Jetpack","RobotSpaceExplorer:ImprovisedAttack+1"],"picked":"RobotSpaceExplorer:LuckyStrike+1","floor":21},{"not_picked":["RobotSpaceExplorer:ImprovisedAttack+1","RobotSpaceExplorer:GlueShot"],"picked":"RobotSpaceExplorer:MiniDrones","floor":23},{"not_picked":["RobotSpaceExplorer:Pulsar","RobotSpaceExplorer:Asteroid"],"picked":"RobotSpaceExplorer:SlimeMissile","floor":25},{"not_picked":["RobotSpaceExplorer:TurboDodge","RobotSpaceExplorer:PowerCollector+1","RobotSpaceExplorer:ImprovisedAttack"],"picked":"SKIP","floor":27},{"not_picked":["RobotSpaceExplorer:PowerCollector","RobotSpaceExplorer:ImprovisedAttack"],"picked":"RobotSpaceExplorer:Electroshield","floor":29},{"not_picked":["RobotSpaceExplorer:Counterblock","RobotSpaceExplorer:SlimeMissile"],"picked":"RobotSpaceExplorer:ScrapMissile+1","floor":30},{"not_picked":["RobotSpaceExplorer:FreezingShield","RobotSpaceExplorer:FrostMissile+1"],"picked":"RobotSpaceExplorer:FreezeRay","floor":31},{"not_picked":["RobotSpaceExplorer:Asteroid","RobotSpaceExplorer:Blaster"],"picked":"RobotSpaceExplorer:Exploration","floor":33},{"not_picked":["RobotSpaceExplorer:Blitz","RobotSpaceExplorer:MetalStrike+1"],"picked":"RobotSpaceExplorer:StunGrenade+1","floor":35},{"not_picked":["RobotSpaceExplorer:SurgingShield+1","RobotSpaceExplorer:FrostMissile","RobotSpaceExplorer:MetalStrike"],"picked":"SKIP","floor":35},{"not_picked":["RobotSpaceExplorer:Calculate+1","RobotSpaceExplorer:SurgingShield"],"picked":"RobotSpaceExplorer:MakeshiftVolley+1","floor":36},{"not_picked":["RobotSpaceExplorer:SlimeMissile+1","RobotSpaceExplorer:SwiftStep+1"],"picked":"RobotSpaceExplorer:FreezeRay+1","floor":38},{"not_picked":["RobotSpaceExplorer:Smokescreen","RobotSpaceExplorer:Ammunition"],"picked":"RobotSpaceExplorer:Reload+1","floor":38},{"not_picked":["RobotSpaceExplorer:ImprovisedAttack+1","RobotSpaceExplorer:ToxicBomb","RobotSpaceExplorer:Pulsar+1"],"picked":"SKIP","floor":40},{"not_picked":["RobotSpaceExplorer:ImprovisedAttack+1","RobotSpaceExplorer:ToxicBomb","RobotSpaceExplorer:Pulsar+1"],"picked":"SKIP","floor":40},{"not_picked":["RobotSpaceExplorer:MetalStrike","RobotSpaceExplorer:FranticSearch"],"picked":"RobotSpaceExplorer:StarLightning+1","floor":41},{"not_picked":["RobotSpaceExplorer:ImprovisedAttack+1","RobotSpaceExplorer:FranticSearch"],"picked":"RobotSpaceExplorer:Comet","floor":44},{"not_picked":["RobotSpaceExplorer:Pulsar+1","RobotSpaceExplorer:ImprovisedAttack+1","RobotSpaceExplorer:ShovelStrike"],"picked":"SKIP","floor":47},{"not_picked":["RobotSpaceExplorer:ToxicBomb","RobotSpaceExplorer:Calculate+1"],"picked":"RobotSpaceExplorer:MiniBoosters+1","floor":48},{"not_picked":["RobotSpaceExplorer:Ammunition","RobotSpaceExplorer:DoubleFind"],"picked":"RobotSpaceExplorer:Calculate+1","floor":48}],"player_experience":379369,"relics_obtained":[{"floor":6,"key":"hubris:64BitClover"},{"floor":9,"key":"Thread and Needle"},{"floor":13,"key":"RobotSpaceExplorer:PlasmaHourglass"},{"floor":18,"key":"hubris:OldNail"},{"floor":18,"key":"wanderingMiniBosses:ThiefScarf"},{"floor":23,"key":"infinitespire:Broken Mirror"},{"floor":25,"key":"Bag of Preparation"},{"floor":26,"key":"StuffTheSpire:HeavyRock"},{"floor":27,"key":"LugNut"},{"floor":30,"key":"Prayer Wheel"},{"floor":31,"key":"halation:AfternoonTea"},{"floor":32,"key":"RetroEgg"},{"floor":36,"key":"hubris:Zylophone"},{"floor":40,"key":"halation:QuantumPhysicsTextbook"},{"floor":41,"key":"trackpad:GuardianSpirit"},{"floor":43,"key":"trackpad:Compendium"},{"floor":44,"key":"vexMod:ScavengeHelm"},{"floor":45,"key":"ReplayTheSpireMod:Ring of Exchange"},{"floor":45,"key":"Ring of Peace"},{"floor":47,"key":"Mirror"}],"event_choices":[{"damage_healed":0,"gold_gain":0,"player_choice":"Invest 2","damage_taken":0,"max_hp_gain":0,"max_hp_loss":0,"event_name":"conspire:Investor","floor":2,"gold_loss":0},{"damage_healed":0,"gold_gain":100,"player_choice":"Gold","damage_taken":0,"max_hp_gain":0,"max_hp_loss":0,"event_name":"Wheel of Change","floor":3,"gold_loss":0},{"cards_removed":["RobotSpaceExplorer:FrostMissile"],"damage_healed":5,"gold_gain":0,"player_choice":"Offered Common","damage_taken":0,"max_hp_gain":0,"max_hp_loss":0,"event_name":"Bonfire Elementals","floor":11,"gold_loss":0},{"cards_removed":["RobotSpaceExplorer:FrostMissile"],"damage_healed":5,"gold_gain":0,"player_choice":"Offered Special","damage_taken":0,"max_hp_gain":0,"max_hp_loss":0,"event_name":"Bonfire Elementals","floor":11,"gold_loss":0},{"damage_healed":0,"gold_gain":0,"player_choice":"Madness","damage_taken":0,"relics_obtained":["betterThird:NestCultRelic"],"max_hp_gain":0,"max_hp_loss":0,"event_name":"betterThird:BetterNest","floor":19,"gold_loss":0},{"damage_healed":0,"gold_gain":0,"player_choice":"Obtain J.A.X.","damage_taken":0,"max_hp_gain":0,"max_hp_loss":0,"event_name":"Drug Dealer","floor":22,"gold_loss":0,"cards_obtained":["J.A.X."]},{"damage_healed":0,"gold_gain":0,"player_choice":"Bought 2 Potions","damage_taken":0,"max_hp_gain":0,"max_hp_loss":0,"event_name":"The Woman in Blue","floor":28,"gold_loss":0},{"damage_healed":0,"gold_gain":0,"player_choice":"Fight","damage_taken":0,"max_hp_gain":0,"max_hp_loss":0,"event_name":"Mysterious Sphere","floor":36,"gold_loss":0}],"is_beta":false,"boss_relics":[{"not_picked":["Pandora\u0027s Box","Ectoplasm"],"picked":"qcfpunch:Dark_Gi"},{"not_picked":["vexMod:TanglingVine","aspiration:RandomNobGenerator"],"picked":"conspire:SpecialSausage"}],"items_purged_floors":[7],"is_endless":false,"potions_floor_spawned":[1,4,13,16,18,20,25,29,31,40,41,47,48],"ascension_level":1}}