{"host":"7kj0ynzap1jglrpi","time":1611119326,"event":{"mods":["Act Like it!","BaseMod","Hallownest","Minty Spire (QoL Compilation)","StSLib","The Bug Knight"],"gold_per_floor":[109,109,12,38,38,38,64,64,90,123,153,194,206,218,230,242,242],"floor_reached":16,"language":"ZHS","playtime":855,"items_purged":[],"score":122,"play_id":"dcaaafb9-eaed-4e33-9188-8fc2b6a1898b","local_time":"20210120130846","is_ascension_mode":true,"campfire_choices":[{"data":"HollowMod:theNailsmith","floor":6.0,"key":"SMITH"},{"data":"HollowMod:BaldurShell","floor":8.0,"key":"SMITH"},{"data":"HollowMod:MonarchWings","floor":13.0,"key":"SMITH"},{"data":"HollowMod:NewJinnsSoul","floor":15.0,"key":"SMITH"}],"circlet_count":0,"master_deck":["HollowMod:NailStrikeStart","HollowMod:NailStrikeStart","HollowMod:NailStrikeStart","HollowMod:NailStrikeStart","HollowMod:QuickDashStart","HollowMod:QuickDashStart","HollowMod:FocusHealStart","HollowMod:PogoStrike","HollowMod:theNailsmith+1","HollowMod:BaldurShell+1","HollowMod:QuirrelsAssistance","HollowMod:NewJinnsSoul+1","HollowMod:CoiledNail","HollowMod:CornifersMapStart","HollowMod:MonarchWings+1","HollowMod:PaleKingsBlessing"],"relics":["HollowMod:VesselMask","Hallownest:DreamNailRelic","Bag of Marbles","MealTicket","Vajra","MawBank","HollowMod:PaleOreRelic"],"acts_visited":["Hallownest:Greenpath"],"potions_floor_usage":[16],"damage_taken":[{"damage":10.0,"enemies":"Hallownest:monsterHuskGuard","floor":1.0,"turns":5.0},{"damage":12.0,"enemies":"Hallownest:eliteMossKnight","floor":7.0,"turns":13.0},{"damage":14.0,"enemies":"Hallownest:eliteVengeflyKing","floor":10.0,"turns":7.0},{"damage":1.0,"enemies":"Hallownest:2_Baldur","floor":11.0,"turns":2.0},{"damage":17.0,"enemies":"Hallownest:eliteMossKnight","floor":12.0,"turns":10.0},{"damage":61,"enemies":"Hallownest:BossHornet","floor":16,"turns":12}],"seed_played":"-7180893980798962669","potions_obtained":[{"floor":1.0,"key":"AttackPotion"},{"floor":11.0,"key":"SteroidPotion"}],"is_trial":false,"path_per_floor":["M","?","$","T","$","R","E","R","T","E","M","E","R","?","R","B"],"character_chosen":"THE_BUGKNIGHT","items_purchased":["HollowMod:QuirrelsAssistance","HollowMod:NewJinnsSoul"],"campfire_rested":0,"item_purchase_floors":[3,3],"current_hp_per_floor":[71,71,71,71,71,71,71,71,71,63,62,51,51,51,51,0,0],"gold":242,"neow_bonus":"ONE_RANDOM_RARE_CARD","is_daily":false,"chose_seed":false,"campfire_upgraded":4,"win_rate":0.0,"timestamp":1611119326,"path_taken":["M","?","?","?","$","R","E","R","T","E","M","E","R","?","R","BOSS"],"items_purchased_type":["Card","Card"],"build_version":"2020-12-22","purchased_purges":0,"victory":false,"max_hp_per_floor":[75,75,75,75,75,75,75,75,75,75,75,75,75,68,68,68,68],"card_choices":[{"not_picked":["HollowMod:HowlingWraiths","HollowMod:DesolateDive"],"picked":"HollowMod:BaldurShell","floor":1.0},{"not_picked":["HollowMod:HeavyBlow","HollowMod:ShapeofUnn"],"picked":"HollowMod:CoiledNail","floor":7.0},{"not_picked":["HollowMod:SiblingsSouls","HollowMod:ShadowDash"],"picked":"HollowMod:CornifersMapStart","floor":10.0},{"not_picked":["HollowMod:HeavyBlow","HollowMod:TaintedHusks"],"picked":"HollowMod:MonarchWings","floor":11.0},{"not_picked":["HollowMod:SiblingsSouls","HollowMod:InfectionAssault"],"picked":"HollowMod:PaleKingsBlessing","floor":12.0}],"player_experience":131442,"relics_obtained":[{"floor":4.0,"key":"Bag of Marbles"},{"floor":7.0,"key":"MealTicket"},{"floor":9.0,"key":"Vajra"},{"floor":10.0,"key":"MawBank"},{"floor":12.0,"key":"HollowMod:PaleOreRelic"}],"event_choices":[],"is_beta":false,"boss_relics":[],"items_purged_floors":[],"is_endless":false,"potions_floor_spawned":[1,11],"killed_by":"Hallownest:BossHornet","ascension_level":2}}