{"host":"Ringo","time":1611143982,"event":{"mods":["BaseMod","Colored Map","Conspire","Dota2Spire","Minty Spire (QoL Compilation)","StSLib","[IsaacMod]ÒÔÈö¼âËþ","¡¾ÒÅÎï¿¨ÅÆ¡¿REMEMod"],"gold_per_floor":[113,149,183,199,217,263,100,132,212,266,266,300,335,360,360,444,444,468,483,505,520,100,137,204,232,232,265,298,328,7,20,20,107,125,151,168,207,227,561,596,633,674,752,781,796,841,557,584,584,609,624,643,643,4,33,64,144,144,186,224,250,340,350,362,377,395],"floor_reached":52,"language":"ZHS","playtime":1842,"items_purged":[],"score":4817,"play_id":"e3fb49e5-713e-4e9c-a579-e7ab1a4bfa56","local_time":"20210120195942","daily_mods":["SealedDeck","Vintage","Heirloom","Time Dilation","Flight","DeadlyEvents","Elite Swarm","Lethality","Binary"],"is_ascension_mode":true,"campfire_choices":[{"data":"Infernal Blade","floor":11,"key":"SMITH"},{"data":"Iron Wave","floor":15,"key":"SMITH"},{"data":"After Image","floor":32,"key":"SMITH"},{"data":"Heavy Blade+1","floor":49,"key":"SMITH"},{"data":"Heavy Blade+3","floor":49,"key":"SMITH"}],"circlet_count":0,"master_deck":["AscendersBane","Heavy Blade+4","Twin Strike","Pommel Strike+1","Iron Wave+1","Shrug It Off+1","Dropkick","Anger","Thunderclap","Infernal Blade+1","Clash","After Image+1","Inflame+1","REME_Flogging+1","Evolve+1","Armaments"],"relics":["Burning Blood","Busted Crown","HushsDoor","REME_ComplimentaryCards","Damocles","GuppysTail","REME_ArchaeologicalTools","Dota2Spire:HeartOfTarrasque","REME_HandOfSuture","Tiny Chest","Dota2Spire:ShadowBlade","Eternal Feather","Pantograph","Centennial Puzzle","Boot","Turnip","Dota2Spire:MagicBottle","Frozen Egg 2","BookOfRevelations","Whetstone","MoneyPower","BookofShadows","HowToJump","Ornamental Fan","Dream Catcher","Mummified Hand","Dota2Spire:UrnOfShadows","GnawedLeaf","Mercury Hourglass","GuppysHead","Black Star","GuppysCollar","War Paint","TuHaoJin","BlankCard","Pen Nib","Smiling Mask","Pear","Prayer Wheel","Bottled Flame","Dota2Spire:LinkenSphere","Chaos","Ice Cream","Dota2Spire:AghanimScepter","Toy Ornithopter","Inserter","Frozen Eye","Orrery","D4","Cables","Dota2Spire:EyeOfSkadi","Thread and Needle","Dota2Spire:ArcaneBoots","EdensBlessing","REME_PoisonedDagger","Dota2Spire:ArmletOfMordiggian","SalivaCoin","CeramicFish","Mark of Pain","Bag of Marbles","conspire:TopHat","D6","TheBible","conspire:IceCreamScoop","Calipers","Damocles","Blood Vial","conspire:GiftBox","Dota2Spire:DrumOfEndurance","MomsKnife","Dota2Spire:Butterfly","UnicornStump","Dota2Spire:Desolator","conspire:TreasureMap","Charon\u0027s Ashes","Emotion Chip","conspire:InfiniteJournal","UnicornStump","CaptainsWheel","DataDisk","Old Coin","HoveringKite","White Beast Statue","Ancient Tea Set","Singing Bowl","Dota2Spire:AssaultCuirass","Dota2Spire:PowerTreads","Dota2Spire:Mjollnir","TheBattery","conspire:SlowCooker","WristBlade","SteamSale","conspire:SpecialSausage","YumHeart","Tough Bandages","Ginger","PreservedInsect","Philosopher\u0027s Stone","conspire:Boomerang","Dota2Spire:Dagon","Nuclear Battery","BloodDonationMachine","Dota2Spire:OrchidMalevolence","Dota2Spire:BladeMail","Champion Belt","conspire:Flyswatter","OrangePellets","Runic Pyramid","Dota2Spire:MonkeyKingBar","Omamori","Snake Skull","Dota2Spire:MantaStyle","RottenBaby","Unceasing Top","Red Skull","Bottled Tornado","Medical Kit","ClockworkSouvenir","Dota2Spire:RefresherOrb","Habit","Anchor","TwistedFunnel","Mango","Strawberry","Gambling Chip","NineVolt","Pocketwatch","Lee\u0027s Waffle","Sling","Cauldron","Dota2Spire:BattleFury","Dota2Spire:Vanguard","MealTicket","conspire:Dentures","Molten Egg 2","SharpPlug","TheAbacus","Letter Opener","Dota2Spire:CrimsonGuard","Leech","Dota2Spire:OctarineCore","Cracked Core","conspire:GlowingRock","Dota2Spire:DivineRapier","Tiny House","DeathBook","REME_CardOfGreed","MawBank"],"acts_visited":["Exordium","TheCity","TheBeyond"],"potions_floor_usage":[6,10,35,51],"damage_taken":[{"damage":0,"enemies":"Jaw Worm","floor":1,"turns":1},{"damage":0,"enemies":"Small Slimes","floor":2,"turns":1},{"damage":0,"enemies":"2 Louse","floor":3,"turns":1},{"damage":0,"enemies":"2 Fungi Beasts","floor":4,"turns":1},{"damage":0,"enemies":"Lots of Slimes","floor":5,"turns":1},{"damage":0,"enemies":"3 Sentries","floor":6,"turns":2},{"damage":0,"enemies":"Gremlin Nob","floor":8,"turns":2},{"damage":0,"enemies":"3 Sentries","floor":10,"turns":2},{"damage":0,"enemies":"Gremlin Nob","floor":12,"turns":1},{"damage":0,"enemies":"3 Sentries","floor":13,"turns":2},{"damage":0,"enemies":"Gremlin Nob","floor":14,"turns":1},{"damage":0,"enemies":"The Guardian","floor":16,"turns":2},{"damage":0,"enemies":"Spheric Guardian","floor":18,"turns":1},{"damage":0,"enemies":"Shell Parasite","floor":19,"turns":1},{"damage":0,"enemies":"Centurion and Healer","floor":20,"turns":2},{"damage":0,"enemies":"Snecko","floor":21,"turns":1},{"damage":0,"enemies":"Gremlin Leader","floor":23,"turns":1},{"damage":0,"enemies":"Slavers","floor":24,"turns":1},{"damage":0,"enemies":"Book of Stabbing","floor":25,"turns":1},{"damage":0,"enemies":"Gremlin Leader","floor":27,"turns":1},{"damage":0,"enemies":"Book of Stabbing","floor":28,"turns":1},{"damage":0,"enemies":"Gremlin Leader","floor":29,"turns":1},{"damage":0,"enemies":"Shelled Parasite and Fungi","floor":31,"turns":1},{"damage":0,"enemies":"Automaton","floor":33,"turns":2},{"damage":0,"enemies":"3 Shapes","floor":35,"turns":1},{"damage":0,"enemies":"Orb Walker","floor":36,"turns":1},{"damage":0,"enemies":"conspire:MimicChest","floor":37,"turns":1},{"damage":0,"enemies":"Writhing Mass","floor":38,"turns":1},{"damage":0,"enemies":"Nemesis","floor":39,"turns":1},{"damage":0,"enemies":"Giant Head","floor":40,"turns":1},{"damage":0,"enemies":"Reptomancer","floor":41,"turns":1},{"damage":0,"enemies":"Giant Head","floor":42,"turns":1},{"damage":0,"enemies":"Nemesis","floor":44,"turns":1},{"damage":0,"enemies":"Jaw Worm Horde","floor":45,"turns":1},{"damage":0,"enemies":"Reptomancer","floor":46,"turns":1},{"damage":0,"enemies":"Nemesis","floor":48,"turns":1},{"damage":0,"enemies":"3 Darklings","floor":35,"turns":1},{"damage":0,"enemies":"3 Shapes","floor":36,"turns":1},{"damage":0,"enemies":"3 Darklings","floor":37,"turns":1},{"damage":0,"enemies":"Reptomancer","floor":40,"turns":1},{"damage":0,"enemies":"Nemesis","floor":41,"turns":1},{"damage":0,"enemies":"Reptomancer","floor":42,"turns":1},{"damage":0,"enemies":"Giant Head","floor":44,"turns":1},{"damage":0,"enemies":"Nemesis","floor":45,"turns":1},{"damage":0,"enemies":"Reptomancer","floor":46,"turns":1},{"damage":0,"enemies":"Nemesis","floor":47,"turns":1},{"damage":0,"enemies":"4 Shapes","floor":48,"turns":1},{"damage":0,"enemies":"Donu and Deca","floor":50,"turns":1},{"damage":0,"enemies":"Awakened One","floor":51,"turns":2}],"seed_played":"4231120376649787429","potions_obtained":[{"floor":3,"key":"Weak Potion"},{"floor":6,"key":"Weak Potion"},{"floor":10,"key":"PowerPotion"},{"floor":12,"key":"SpeedPotion"},{"floor":35,"key":"REME_GoldPotion"},{"floor":36,"key":"GamblersBrew"},{"floor":42,"key":"Energy Potion"},{"floor":47,"key":"BlessingOfTheForge"}],"is_trial":true,"path_per_floor":["M","M","M","M","M","E","$","E","T","E","R","E","E","E","R","B",null,"M","M","M","M","$","E","E","E","T","E","E","E","$","M","R","B",null,"M","M","?","M","E","E","E","E","T","E","M","E","$","E","R","M","M","M","T","$","E","E","E","T","E","E","E","E","M","R","B","B",null],"character_chosen":"IRONCLAD","items_purchased":["BookOfRevelations","GuppysCollar","Dota2Spire:LinkenSphere","Chaos","D6","Damocles","Inflame+1","REME_Flogging+1","Dota2Spire:BladeMail","Champion Belt","Evolve+1","ClockworkSouvenir","Armaments","Dota2Spire:RefresherOrb"],"campfire_rested":0,"item_purchase_floors":[7,17,22,22,30,34,34,34,47,47,47,39,39,39],"current_hp_per_floor":[82,83,83,83,83,83,83,83,83,83,83,83,83,83,83,83,70,70,70,80,80,80,80,80,85,85,85,85,85,85,85,85,85,68,68,68,68,68,68,68,68,68,68,68,68,67,67,68,68,68,68,68,68,68,82,89,96,96,96,96,96,101,101,101,101,101],"gold":407,"neow_bonus":"","is_daily":false,"chose_seed":false,"campfire_upgraded":5,"win_rate":0.0,"timestamp":1611143982,"path_taken":["M","M","M","M","M","E","$","E","T","E","R","E","E","E","R","BOSS","M","M","M","M","$","E","E","E","T","E","E","E","$","M","R","BOSS","M","M","?","M","?","E","E","E","T","E","M","E","$","E","R","M","M","?","?","$","E","E","E","T","E","E","E","E","M","R","BOSS","BOSS"],"items_purchased_type":["Relic","Relic","Relic","Card","Relic","Relic","Card","Card","Relic","Relic","Card","Relic","Card","Relic"],"build_version":"2020-12-18","purchased_purges":0,"victory":true,"max_hp_per_floor":[83,83,83,83,83,83,83,83,83,83,83,83,83,83,83,83,70,70,70,80,80,80,80,80,85,85,85,85,85,85,85,85,85,68,68,68,68,68,68,68,68,68,68,68,68,68,68,68,68,68,68,68,68,68,82,89,96,96,96,96,96,101,101,101,101,101],"card_choices":[],"player_experience":533154,"relics_obtained":[{"floor":1,"key":"REME_ArchaeologicalTools"},{"floor":1,"key":"Dota2Spire:HeartOfTarrasque"},{"floor":2,"key":"REME_HandOfSuture"},{"floor":2,"key":"Tiny Chest"},{"floor":3,"key":"Dota2Spire:ShadowBlade"},{"floor":3,"key":"Eternal Feather"},{"floor":4,"key":"Pantograph"},{"floor":4,"key":"Centennial Puzzle"},{"floor":5,"key":"Boot"},{"floor":5,"key":"Turnip"},{"floor":6,"key":"Dota2Spire:MagicBottle"},{"floor":6,"key":"Frozen Egg 2"},{"floor":8,"key":"Whetstone"},{"floor":8,"key":"MoneyPower"},{"floor":9,"key":"BookofShadows"},{"floor":10,"key":"HowToJump"},{"floor":10,"key":"Ornamental Fan"},{"floor":12,"key":"Dream Catcher"},{"floor":12,"key":"Mummified Hand"},{"floor":13,"key":"Dota2Spire:UrnOfShadows"},{"floor":13,"key":"GnawedLeaf"},{"floor":14,"key":"Mercury Hourglass"},{"floor":14,"key":"GuppysHead"},{"floor":18,"key":"War Paint"},{"floor":18,"key":"TuHaoJin"},{"floor":19,"key":"BlankCard"},{"floor":19,"key":"Pen Nib"},{"floor":20,"key":"Smiling Mask"},{"floor":20,"key":"Pear"},{"floor":21,"key":"Prayer Wheel"},{"floor":21,"key":"Bottled Flame"},{"floor":23,"key":"Ice Cream"},{"floor":23,"key":"Dota2Spire:AghanimScepter"},{"floor":23,"key":"Toy Ornithopter"},{"floor":24,"key":"Inserter"},{"floor":24,"key":"Frozen Eye"},{"floor":24,"key":"Orrery"},{"floor":25,"key":"D4"},{"floor":25,"key":"Cables"},{"floor":25,"key":"Dota2Spire:EyeOfSkadi"},{"floor":26,"key":"Thread and Needle"},{"floor":27,"key":"Dota2Spire:ArcaneBoots"},{"floor":27,"key":"EdensBlessing"},{"floor":27,"key":"REME_PoisonedDagger"},{"floor":28,"key":"Dota2Spire:ArmletOfMordiggian"},{"floor":28,"key":"SalivaCoin"},{"floor":28,"key":"CeramicFish"},{"floor":29,"key":"Mark of Pain"},{"floor":29,"key":"Bag of Marbles"},{"floor":29,"key":"conspire:TopHat"},{"floor":31,"key":"TheBible"},{"floor":31,"key":"conspire:IceCreamScoop"},{"floor":35,"key":"Blood Vial"},{"floor":35,"key":"conspire:GiftBox"},{"floor":35,"key":"Dota2Spire:DrumOfEndurance"},{"floor":36,"key":"MomsKnife"},{"floor":36,"key":"Dota2Spire:Butterfly"},{"floor":36,"key":"UnicornStump"},{"floor":37,"key":"Dota2Spire:Desolator"},{"floor":37,"key":"conspire:TreasureMap"},{"floor":37,"key":"Charon\u0027s Ashes"},{"floor":38,"key":"Emotion Chip"},{"floor":38,"key":"conspire:InfiniteJournal"},{"floor":38,"key":"UnicornStump"},{"floor":39,"key":"CaptainsWheel"},{"floor":39,"key":"DataDisk"},{"floor":39,"key":"Old Coin"},{"floor":39,"key":"HoveringKite"},{"floor":40,"key":"White Beast Statue"},{"floor":40,"key":"Ancient Tea Set"},{"floor":40,"key":"Singing Bowl"},{"floor":40,"key":"Dota2Spire:AssaultCuirass"},{"floor":41,"key":"Dota2Spire:PowerTreads"},{"floor":41,"key":"Dota2Spire:Mjollnir"},{"floor":41,"key":"TheBattery"},{"floor":42,"key":"conspire:SlowCooker"},{"floor":42,"key":"WristBlade"},{"floor":42,"key":"SteamSale"},{"floor":43,"key":"conspire:SpecialSausage"},{"floor":44,"key":"YumHeart"},{"floor":44,"key":"Tough Bandages"},{"floor":44,"key":"ForgetMeNow"},{"floor":44,"key":"Ginger"},{"floor":45,"key":"PreservedInsect"},{"floor":45,"key":"Philosopher\u0027s Stone"},{"floor":45,"key":"conspire:Boomerang"},{"floor":46,"key":"Dota2Spire:Dagon"},{"floor":46,"key":"Nuclear Battery"},{"floor":46,"key":"BloodDonationMachine"},{"floor":46,"key":"Dota2Spire:OrchidMalevolence"},{"floor":48,"key":"conspire:Flyswatter"},{"floor":48,"key":"OrangePellets"},{"floor":48,"key":"Runic Pyramid"},{"floor":48,"key":"Dota2Spire:MonkeyKingBar"},{"floor":35,"key":"Omamori"},{"floor":35,"key":"Snake Skull"},{"floor":36,"key":"Dota2Spire:MantaStyle"},{"floor":36,"key":"RottenBaby"},{"floor":36,"key":"Unceasing Top"},{"floor":37,"key":"Red Skull"},{"floor":37,"key":"Bottled Tornado"},{"floor":38,"key":"Medical Kit"},{"floor":40,"key":"Habit"},{"floor":40,"key":"Anchor"},{"floor":40,"key":"TwistedFunnel"},{"floor":40,"key":"Mango"},{"floor":41,"key":"Strawberry"},{"floor":41,"key":"Gambling Chip"},{"floor":41,"key":"NineVolt"},{"floor":41,"key":"Pocketwatch"},{"floor":42,"key":"Lee\u0027s Waffle"},{"floor":42,"key":"Sling"},{"floor":42,"key":"Cauldron"},{"floor":43,"key":"Dota2Spire:BattleFury"},{"floor":44,"key":"Dota2Spire:Vanguard"},{"floor":44,"key":"MealTicket"},{"floor":44,"key":"conspire:Dentures"},{"floor":44,"key":"Molten Egg 2"},{"floor":45,"key":"SharpPlug"},{"floor":45,"key":"TheAbacus"},{"floor":45,"key":"Letter Opener"},{"floor":45,"key":"Dota2Spire:CrimsonGuard"},{"floor":46,"key":"Leech"},{"floor":46,"key":"Dota2Spire:OctarineCore"},{"floor":46,"key":"Cracked Core"},{"floor":46,"key":"conspire:GlowingRock"},{"floor":47,"key":"Dota2Spire:DivineRapier"},{"floor":47,"key":"Tiny House"},{"floor":48,"key":"DeathBook"},{"floor":48,"key":"REME_CardOfGreed"},{"floor":48,"key":"MawBank"}],"event_choices":[],"is_beta":true,"boss_relics":[{"not_picked":["Sozu","SacredBark"],"picked":"Black Star"},{"not_picked":[]},{"not_picked":["Dota2Spire:EchoSabre","PunchingBag"],"picked":"Calipers"},{"not_picked":[]}],"items_purged_floors":[],"is_endless":false,"potions_floor_spawned":[3,6,10,12,13,14,25,27,28,29,33,35,36,38,39,41,42,44,45,46,48,35,36,37,40,41,42,44,45,46,47,48],"ascension_level":20}}