{"host":"gsgpu9obojnqwpp0","time":1611109909,"event":{"mods":["2.2 Compatiblity","AchievementEnabler","Alarm Clock","BaseMod","Bestiary","Block Reminder","Dark Map","DeckTracker","Highlight Path","Minty Spire (QoL Compilation)","Permanent Neow","Quick Restart","Relic Stats","Slay-I","SuperFastMode","Uncapped","slay the spire mod where everything is the same but ironclad has a cowboy hat"],"gold_per_floor":[110,127,302,29,42,69,69,35,117,142,142,155,155,172,172,269,269,287,287,306,217,233,259,259,284,284,284,316,331,331,331,331],"floor_reached":31,"language":"ENG","playtime":1059,"items_purged":["Doubt","Strike_R+1"],"score":337,"play_id":"d570be80-c31c-4082-8741-6c121245d8c5","local_time":"20210119213149","is_ascension_mode":true,"campfire_choices":[{"data":"Ghostly Armor","floor":7,"key":"SMITH"},{"data":"Inflame","floor":11,"key":"SMITH"},{"data":"Bludgeon","floor":15,"key":"SMITH"},{"floor":24,"key":"REST"},{"floor":27,"key":"REST"},{"floor":30,"key":"REST"}],"circlet_count":0,"master_deck":["Strike_R+1","Strike_R+1","Strike_R+1","Defend_R+1","Defend_R+1","Defend_R+1","Defend_R+1","Bash","Bludgeon+1","Ghostly Armor+1","Thunderclap","Entrench","Jack Of All Trades","Inflame+1","Double Tap","Flame Barrier","Inflame","Metallicize","Body Slam","Body Slam","Shrug It Off","Warcry","Seeing Red+1","Perfected Strike"],"relics":["Burning Blood","Membership Card","Boot","Pear","Odd Mushroom","Busted Crown","Torii","Champion Belt","Kunai","Meat on the Bone"],"acts_visited":["Exordium","TheCity"],"potions_floor_usage":[16,20,22,23,29],"damage_taken":[{"damage":15,"enemies":"2 Louse","floor":1,"turns":3},{"damage":2,"enemies":"Jaw Worm","floor":2,"turns":2},{"damage":1,"enemies":"Cultist","floor":5,"turns":3},{"damage":20,"enemies":"Lagavulin","floor":6,"turns":7},{"damage":24,"enemies":"The Mushroom Lair","floor":10,"turns":4},{"damage":0,"enemies":"2 Fungi Beasts","floor":12,"turns":4},{"damage":14,"enemies":"Blue Slaver","floor":14,"turns":6},{"damage":10,"enemies":"Slime Boss","floor":16,"turns":8},{"damage":0,"enemies":"Chosen","floor":18,"turns":4},{"damage":37,"enemies":"3 Byrds","floor":20,"turns":6},{"damage":25,"enemies":"3 Cultists","floor":22,"turns":7},{"damage":37,"enemies":"Book of Stabbing","floor":23,"turns":5},{"damage":60,"enemies":"Gremlin Leader","floor":25,"turns":5},{"damage":36,"enemies":"Book of Stabbing","floor":28,"turns":8},{"damage":0,"enemies":"Shelled Parasite and Fungi","floor":29,"turns":4},{"damage":85,"enemies":"Gremlin Leader","floor":31,"turns":4}],"seed_played":"-3691235879160277124","potions_obtained":[{"floor":5,"key":"PowerPotion"},{"floor":6,"key":"Regen Potion"},{"floor":14,"key":"Ancient Potion"},{"floor":18,"key":"FairyPotion"},{"floor":20,"key":"BloodPotion"},{"floor":22,"key":"ColorlessPotion"},{"floor":28,"key":"Strength Potion"}],"is_trial":false,"path_per_floor":["M","M","?","$","M","E","R","$","T","?","R","M","?","M","R","B",null,"M","?","M","$","M","E","R","E","T","R","E","M","R","E"],"character_chosen":"IRONCLAD","items_purchased":["Membership Card","Entrench","Jack Of All Trades","Flame Barrier","Body Slam","Shrug It Off"],"campfire_rested":3,"item_purchase_floors":[4,4,4,8,21,21],"current_hp_per_floor":[71,75,75,75,80,66,66,66,76,58,58,64,57,49,49,45,90,90,90,77,77,70,39,66,12,12,39,9,27,54,0,0],"gold":331,"neow_bonus":"ONE_RANDOM_RARE_CARD","is_daily":false,"chose_seed":false,"campfire_upgraded":3,"win_rate":0.0,"timestamp":1611109909,"path_taken":["M","M","?","$","M","E","R","$","T","?","R","M","?","M","R","BOSS","M","?","M","$","M","E","R","E","T","R","E","M","R","E"],"items_purchased_type":["Relic","Card","Card","Card","Card","Card"],"build_version":"2020-12-22","purchased_purges":2,"victory":false,"max_hp_per_floor":[80,80,80,80,80,80,80,80,90,90,90,90,90,90,90,90,90,90,90,90,90,90,90,90,90,90,90,90,90,90,90,90],"relic_stats":{"Busted Crown":14,"Torii":29,"counters":[16,80],"Champion Belt":[9],"Kunai":[1],"Boot":[10],"obtain_stats":[{"Pear":9,"Busted Crown":17,"Torii":23,"Membership Card":4,"Champion Belt":25,"Kunai":26,"Odd Mushroom":10,"Boot":6,"Burning Blood":0,"Meat on the Bone":28},{"Pear":4,"Busted Crown":8,"Torii":12,"Membership Card":2,"Champion Belt":13,"Kunai":13,"Odd Mushroom":5,"Boot":4,"Burning Blood":0,"Meat on the Bone":14},{"Pear":15,"Busted Crown":37,"Torii":59,"Membership Card":5,"Champion Belt":64,"Kunai":64,"Odd Mushroom":19,"Boot":15,"Burning Blood":0,"Meat on the Bone":72}],"Burning Blood":84,"Meat on the Bone":12},"card_choices":[{"not_picked":["Sword Boomerang","Cleave"],"picked":"Ghostly Armor","floor":1},{"not_picked":["Twin Strike","Second Wind"],"picked":"Thunderclap","floor":2},{"not_picked":["Thunderclap","Perfected Strike"],"picked":"Inflame","floor":5},{"not_picked":["Hemokinesis","Iron Wave"],"picked":"Double Tap","floor":6},{"not_picked":["Battle Trance","Headbutt"],"picked":"Inflame","floor":10},{"not_picked":["True Grit","Intimidate"],"picked":"Metallicize","floor":12},{"not_picked":["Cleave","True Grit","Combust"],"picked":"SKIP","floor":14},{"not_picked":[],"picked":"Body Slam","floor":18},{"not_picked":["Wild Strike"],"picked":"SKIP","floor":20},{"not_picked":["Clothesline+1"],"picked":"SKIP","floor":22},{"not_picked":[],"picked":"Warcry","floor":23},{"not_picked":[],"picked":"Seeing Red+1","floor":25},{"not_picked":["Armaments"],"picked":"SKIP","floor":28},{"not_picked":[],"picked":"Perfected Strike","floor":29}],"player_experience":265100,"relics_obtained":[{"floor":6,"key":"Boot"},{"floor":9,"key":"Pear"},{"floor":10,"key":"Odd Mushroom"},{"floor":23,"key":"Torii"},{"floor":25,"key":"Champion Belt"},{"floor":26,"key":"Kunai"},{"floor":28,"key":"Meat on the Bone"}],"event_choices":[{"damage_healed":0,"gold_gain":175,"player_choice":"AGREE","damage_taken":0,"max_hp_gain":0,"max_hp_loss":0,"event_name":"Liars Game","floor":3,"gold_loss":0,"cards_obtained":["Doubt"]},{"damage_healed":0,"gold_gain":0,"player_choice":"Fought Mushrooms","damage_taken":0,"max_hp_gain":0,"max_hp_loss":0,"event_name":"Mushrooms","floor":10,"gold_loss":0},{"cards_removed":["Strike_R"],"damage_healed":0,"gold_gain":0,"player_choice":"Card Removal","damage_taken":7,"max_hp_gain":0,"max_hp_loss":0,"event_name":"Golden Wing","floor":13,"gold_loss":0},{"damage_healed":0,"gold_gain":0,"player_choice":"Simplicity","damage_taken":0,"max_hp_gain":0,"max_hp_loss":0,"event_name":"Back to Basics","floor":19,"gold_loss":0,"cards_upgraded":["Strike_R","Strike_R","Strike_R","Strike_R","Defend_R","Defend_R","Defend_R","Defend_R"]}],"is_beta":false,"boss_relics":[{"not_picked":["Coffee Dripper","Astrolabe"],"picked":"Busted Crown"}],"items_purged_floors":[4,21],"is_endless":false,"potions_floor_spawned":[5,6,14,18,20,22,28],"killed_by":"Gremlin Leader","ascension_level":3}}