{"host":"1rf9pknejqhzkc4o","time":1611147451,"event":{"mods":["Aspiration","BaseMod","Better Altar","Better Match","Better Note","Better Sensory Stone","Better Skull","Better Third Choice","Colored Map","Colored Powertips","Communication Mod","Conspire","Energized Spire","Hubris","Infinite Spire","Ironclad Rager","Minty Spire (QoL Compilation)","Quick Restart","RNG Fix","Rare Cards Sparkle","Relic Stats","Replay The Spire","Retaliation","Spicy Shops","StS++","StSLib","The Blue Laboratory","Trackpad"],"gold_per_floor":[114,114,114,41,51,80,80,92,138,138,148,3,23,23,23,143,143,158,158,158,149,168,168,189,189,189,189,208,123,141,164,164,284,284,309,309,309,329,212,212,64,64,89,112,131,131,156,179,179,179,179,179,1,40,40,40],"floor_reached":55,"language":"ENG","playtime":2056,"items_purged":["Writhe"],"score":721,"play_id":"56cbd1b5-0b0d-4ddc-881c-b49de69298ac","local_time":"20210120155731","is_ascension_mode":false,"campfire_choices":[{"floor":7.0,"key":"REST"},{"floor":10.0,"key":"RECALL"},{"floor":15.0,"key":"REST"},{"data":"Electrodynamics","floor":23.0,"key":"SMITH"},{"floor":25.0,"key":"REST"},{"data":"Voices","floor":32,"key":"PURGE"},{"data":"Genetic Algorithm","floor":40,"key":"SMITH"},{"data":"Double Energy","floor":42,"key":"SMITH"},{"data":"StSpp:CopyPaste","floor":46,"key":"SMITH"},{"floor":49,"key":"REST"},{"data":"FIFO Queue","floor":52,"key":"SMITH"}],"circlet_count":0,"master_deck":["Strike_B","Strike_B","Strike_B","Strike_B","Defend_B","Defend_B","Defend_B","Defend_B","Zap","Genetic Algorithm+1","FIFO Queue+1","Redo","ReplayTheSpireMod:Calculation Training","Redo","Steam","Electrodynamics+1","Turbo","Mayhem+1","Conserve Battery","Turbo+1","Redo","Pot Of Greed","Pot Of Greed","Biased Cognition","Pot Of Greed","BootSequence","Double Energy+1","Beam Cell+1","Turbo","Core Surge","Turbo","Redo+1","Steam+1","Genetic Algorithm+1","StSpp:CopyPaste+1","Core Surge","Pot Of Greed","Steam","Parasite","StSpp:CopyPaste","Redo","Redo+1","Stack+1","Redo+1","Storm","Go for the Eyes","Go for the Eyes","Time Bomb+1"],"relics":["Cracked Core","ReplayTheSpireMod:Ring of Exchange","Ring of Misfortune","StSpp:JackpotMachine","infinitespire:ShieldingShard","DataDisk","Golden Idol","conspire:SpecialSausage","trackpad:Compendium","Prayer Wheel","Grinning Jar","Centennial Puzzle","Peace Pipe","HandDrill","energizedSpire:OgreHead","Toy Ornithopter","hubris:ToyBattleship","Prayer Wheel","hubris:GlazedTorus","StSpp:BrokenTotem"],"acts_visited":["Exordium","TheCity","TheBeyond","TheEnding"],"potions_floor_usage":[33,47,48,50,55],"damage_taken":[{"damage":16.0,"enemies":"Small Slimes","floor":1.0,"turns":3.0},{"damage":8.0,"enemies":"Jaw Worm","floor":5.0,"turns":4.0},{"damage":33.0,"enemies":"Lagavulin","floor":6.0,"turns":8.0},{"damage":0.0,"enemies":"2 Louse","floor":8.0,"turns":2.0},{"damage":7.0,"enemies":"Large Slime","floor":11.0,"turns":6.0},{"damage":17.0,"enemies":"Exordium Thugs","floor":13.0,"turns":4.0},{"damage":24.0,"enemies":"The Guardian","floor":16.0,"turns":10.0},{"damage":0.0,"enemies":"Chosen","floor":18.0,"turns":4.0},{"damage":21.0,"enemies":"2 Thieves","floor":21.0,"turns":4.0},{"damage":7.0,"enemies":"3 Cultists","floor":22.0,"turns":3.0},{"damage":5.0,"enemies":"conspire:HollyBat","floor":24.0,"turns":6.0},{"damage":5.0,"enemies":"Shelled Parasite and Fungi","floor":28.0,"turns":3.0},{"damage":0,"enemies":"3 Cultists","floor":30,"turns":3},{"damage":0,"enemies":"Cultist and Chosen","floor":31,"turns":4},{"damage":20,"enemies":"Automaton","floor":33,"turns":11},{"damage":0,"enemies":"3 Darklings","floor":35,"turns":2},{"damage":0,"enemies":"3 Shapes","floor":38,"turns":2},{"damage":0,"enemies":"Transient","floor":44,"turns":5},{"damage":9,"enemies":"Writhing Mass","floor":45,"turns":4},{"damage":27,"enemies":"Maw","floor":47,"turns":6},{"damage":15,"enemies":"Jaw Worm Horde","floor":48,"turns":4},{"damage":8,"enemies":"infinitespire:MassOfShapes","floor":50,"turns":9},{"damage":54,"enemies":"Shield and Spear","floor":54,"turns":4},{"damage":52,"enemies":"The Heart","floor":55,"turns":2}],"seed_played":"2659082496493826492","potions_obtained":[{"floor":1.0,"key":"blueLaboratory:FrostheartPotion"},{"floor":6.0,"key":"Elixir"},{"floor":8.0,"key":"blueLaboratory:RelayPotion"},{"floor":16.0,"key":"blueLaboratory:CoolantVial"},{"floor":21.0,"key":"blueLaboratory:CorrosionFlask"},{"floor":30,"key":"Swift Potion"},{"floor":45,"key":"blueLaboratory:FrostheartPotion"},{"floor":47,"key":"DistilledChaos"},{"floor":54,"key":"Adrenaline Potion"}],"is_trial":false,"path_per_floor":["M","?","?","$","M","E","R","M","T","R","M","$","M","?","R","B",null,"M","?","?","M","M","R","M","R","T","?","M","?","M","M","R","B",null,"M","?","AVR","M","$","R","$","R","T","M","M","R","M","M","R","B",null,"R","$","E","B"],"character_chosen":"DEFECT","items_purchased":["StSpp:JackpotMachine","DataDisk","StSpp:CopyPaste","Toy Ornithopter","Storm","hubris:GlazedTorus","Go for the Eyes"],"campfire_rested":4,"item_purchase_floors":[4,12,39,41,53,53,53],"current_hp_per_floor":[59,59,59,59,51,18,40,40,40,40,33,33,16,16,36,12,69,69,69,69,48,41,41,36,56,56,56,51,51,51,51,51,31,69,69,69,69,69,69,69,69,69,69,69,60,60,38,28,48,45,69,69,69,15,0,0],"gold":40,"neow_bonus":"TRANSFORM_CARD","is_daily":false,"chose_seed":false,"campfire_upgraded":5,"win_rate":0.0,"timestamp":1611147451,"path_taken":["M","?","?","$","M","E","R","M","T","R","M","$","M","?","R","BOSS","M","?","?","M","M","R","M","R","T","?","M","?","M","M","R","BOSS","M","?","AVR","?","$","R","$","R","T","M","M","R","M","M","R","BOSS","R","$","E","BOSS"],"items_purchased_type":["Relic","Relic","Card","Relic","Card","Relic","Card"],"build_version":"2020-12-22","purchased_purges":1,"victory":false,"max_hp_per_floor":[75,75,75,75,75,75,75,75,75,75,75,75,75,69,69,69,69,69,69,69,69,69,69,69,69,69,69,69,69,69,69,69,69,69,69,69,69,69,69,69,69,69,69,69,69,69,69,69,69,69,69,69,69,69,69,69],"relic_stats":{"Peace Pipe":1,"Centennial Puzzle":[21],"counters":[24,113],"Golden Idol":138,"Prayer Wheel":12,"HandDrill":[40],"obtain_stats":[{"ReplayTheSpireMod:Ring of Exchange":2,"StSpp:JackpotMachine":4,"Golden Idol":14,"conspire:SpecialSausage":17,"energizedSpire:OgreHead":37,"Peace Pipe":29,"DataDisk":12,"Centennial Puzzle":27,"infinitespire:ShieldingShard":6,"Ring of Misfortune":2,"Prayer Wheel":21,"StSpp:BrokenTotem":54,"trackpad:Compendium":19,"HandDrill":34,"hubris:ToyBattleship":43,"Grinning Jar":26,"Cracked Core":0,"Toy Ornithopter":41,"hubris:GlazedTorus":53},{"ReplayTheSpireMod:Ring of Exchange":1,"StSpp:JackpotMachine":1,"Golden Idol":6,"conspire:SpecialSausage":7,"energizedSpire:OgreHead":16,"Peace Pipe":12,"DataDisk":5,"Centennial Puzzle":11,"infinitespire:ShieldingShard":3,"Ring of Misfortune":1,"Prayer Wheel":9,"StSpp:BrokenTotem":23,"trackpad:Compendium":8,"HandDrill":15,"hubris:ToyBattleship":17,"Grinning Jar":11,"Cracked Core":0,"Toy Ornithopter":17,"hubris:GlazedTorus":22},{"ReplayTheSpireMod:Ring of Exchange":3,"StSpp:JackpotMachine":3,"Golden Idol":27,"conspire:SpecialSausage":37,"energizedSpire:OgreHead":77,"Peace Pipe":57,"DataDisk":23,"Centennial Puzzle":54,"infinitespire:ShieldingShard":15,"Ring of Misfortune":3,"Prayer Wheel":45,"StSpp:BrokenTotem":111,"trackpad:Compendium":41,"HandDrill":75,"hubris:ToyBattleship":79,"Grinning Jar":54,"Cracked Core":0,"Toy Ornithopter":79,"hubris:GlazedTorus":107}],"Toy Ornithopter":20},"card_choices":[{"not_picked":["Streamline","Sunder"],"picked":"FIFO Queue","floor":1.0},{"not_picked":["Turbo","Cold Snap"],"picked":"Redo","floor":5.0},{"not_picked":["ReplayTheSpireMod:Omega Cannon","Cold Snap"],"picked":"ReplayTheSpireMod:Calculation Training","floor":6.0},{"not_picked":["Compile Driver","Force Field","Coolheaded"],"picked":"SKIP","floor":8.0},{"not_picked":["Compile Driver","Leap"],"picked":"Redo","floor":11.0},{"not_picked":["StSpp:Fierceness","Panic Button"],"picked":"Steam","floor":13.0},{"not_picked":["Machine Learning","StSpp:MemoryLeak"],"picked":"Electrodynamics","floor":16.0},{"not_picked":["Go for the Eyes","Panic Button"],"picked":"Turbo","floor":18.0},{"not_picked":["ReplayTheSpireMod:GoodbyeWorld+1","Go for the Eyes"],"picked":"Conserve Battery","floor":21.0},{"not_picked":["Darkness","Beam Cell"],"picked":"Turbo+1","floor":21.0},{"not_picked":["Chill+1","Gash"],"picked":"Redo","floor":22.0},{"not_picked":["BasicCrystalCard","ReplayTheSpireMod:Reroute Power","Rebound"],"picked":"SKIP","floor":22.0},{"not_picked":["Leap","Stack","StSpp:Fierceness"],"picked":"SKIP","floor":24.0},{"not_picked":["hubris:Prefetch","Go for the Eyes","ReplayTheSpireMod:Reroute Power"],"picked":"SKIP","floor":24.0},{"not_picked":["Streamline+1","Capacitor"],"picked":"Biased Cognition","floor":28.0},{"not_picked":["Panic Button+1","Go for the Eyes","Gash"],"picked":"SKIP","floor":28.0},{"not_picked":["Panic Button+1","Go for the Eyes","Gash"],"picked":"SKIP","floor":28.0},{"not_picked":["Leap","Crystallizer"],"picked":"BootSequence","floor":30},{"not_picked":["BootSequence","Storm"],"picked":"Double Energy","floor":30},{"not_picked":["Leap","Doom and Gloom"],"picked":"Beam Cell+1","floor":31},{"not_picked":["BasicCrystalCard","Auto Shields"],"picked":"Turbo","floor":31},{"not_picked":["Mirror Shield","Creative AI"],"picked":"Core Surge","floor":33},{"not_picked":["Sweeping Beam+1","Blizzard+1"],"picked":"Turbo","floor":35},{"not_picked":["BasicCrystalCard","Leap+1"],"picked":"Redo+1","floor":35},{"not_picked":["Coolheaded","Lockon"],"picked":"Steam+1","floor":38},{"not_picked":["Go for the Eyes","Storm"],"picked":"Genetic Algorithm+1","floor":38},{"not_picked":["Undo","Barrage"],"picked":"Core Surge","floor":44},{"not_picked":["Leap","Consume"],"picked":"Steam","floor":44},{"not_picked":["Stack+1","Gash"],"picked":"StSpp:CopyPaste","floor":45},{"not_picked":["Barrage","Stack+1"],"picked":"Redo","floor":45},{"not_picked":["White Noise","Panic Button+1","Steam"],"picked":"SKIP","floor":47},{"not_picked":["Go for the Eyes","Panic Button","Leap"],"picked":"SKIP","floor":47},{"not_picked":["Panic Button+1","Gash"],"picked":"Redo+1","floor":48},{"not_picked":["Gash+1","Undo"],"picked":"Stack+1","floor":48},{"not_picked":["Conserve Battery+1","Consume"],"picked":"Redo+1","floor":48},{"not_picked":["Beam Cell+1","Panic Button+1"],"picked":"Time Bomb+1","floor":54}],"player_experience":181501,"relics_obtained":[{"floor":2.0,"key":"ReplayTheSpireMod:Ring of Exchange"},{"floor":2.0,"key":"Ring of Misfortune"},{"floor":6.0,"key":"infinitespire:ShieldingShard"},{"floor":26.0,"key":"Grinning Jar"},{"floor":43,"key":"hubris:ToyBattleship"},{"floor":54,"key":"StSpp:BrokenTotem"}],"event_choices":[{"damage_healed":0.0,"max_hp_gain":0.0,"max_hp_loss":6.0,"gold_gain":0.0,"event_name":"Golden Idol","player_choice":"Lose Max HP","floor":14.0,"gold_loss":0.0,"damage_taken":0.0,"relics_obtained":["Golden Idol"]},{"damage_healed":0.0,"max_hp_gain":0.0,"max_hp_loss":0.0,"gold_gain":0.0,"event_name":"WeMeetAgain","player_choice":"Gave Potion","floor":19.0,"gold_loss":0.0,"damage_taken":0.0,"relics_obtained":["trackpad:Compendium"]},{"cards_removed":["Mayhem"],"damage_healed":0.0,"max_hp_gain":0.0,"max_hp_loss":0.0,"gold_gain":0.0,"event_name":"betterNote:BetterNote","player_choice":"Take \u0026 Give","floor":20.0,"gold_loss":0.0,"damage_taken":0.0,"cards_obtained":["Mayhem"]},{"damage_healed":0.0,"max_hp_gain":0.0,"max_hp_loss":0.0,"gold_gain":0.0,"event_name":"The Mausoleum","player_choice":"Opened","floor":27.0,"gold_loss":0.0,"damage_taken":0.0,"relics_obtained":["Centennial Puzzle"],"cards_obtained":["Writhe"]},{"damage_healed":0.0,"max_hp_gain":0.0,"max_hp_loss":0.0,"gold_gain":0.0,"event_name":"Addict","player_choice":"Obtained Relic","floor":29.0,"gold_loss":85.0,"damage_taken":0.0,"relics_obtained":["Peace Pipe"]},{"damage_healed":0,"gold_gain":0,"player_choice":"Ignored","damage_taken":0,"max_hp_gain":0,"max_hp_loss":0,"event_name":"Tomb of Lord Red Mask","floor":36,"gold_loss":0}],"is_beta":false,"boss_relics":[{"not_picked":["SacredBark","StSpp:Balance"],"picked":"conspire:SpecialSausage"},{"not_picked":["FrozenCore","StSpp:FireArrow"],"picked":"HandDrill"}],"items_purged_floors":[37],"is_endless":false,"potions_floor_spawned":[1,6,8,16,18,21,30,38,45,47,54],"killed_by":"The Heart","ascension_level":0}}