{"host":"8d3fefv2347kqkpz","time":1611133190,"event":{"mods":["100% Spire Juice","AchievementEnabler","Act Like it!","Aspiration","BaseMod","Better Vampires","Colored Map","Colored Powertips","Conspire","Gensokyo","GifTheSpireLib","Highlight Path","Mimic Mod","Minty Spire (QoL Compilation)","Pale of the Ancients","Quick Restart","Rare Cards Sparkle","Reimu£®≤©¿ˆ¡È√Œ£©","Relic Stats","Remilia_Scarlet Moed£®¿Ÿ√◊¿Ú—«°§Àπø®¿◊Ãÿ£©3.3.5","Remilia£®¿Ÿ√◊¿Ú—«£©","Replay The Spire","Spicy Shops","StSLib","The Animator","The Gatherer","The Jungle","The Servant 0.9.4","Waifu the Spire","Youmu£®ªÍ∆«—˝√Œ£©","vexMod"],"gold_per_floor":[118,118,118,22,42,42,217,235,235,235,120,131,142,142,142,246,912,895,914,929,67,84,114,114,130,156,174,174,188,222,234,234,339,339,355,372,383,26,40,65,65,77,77,77,77,52,69,80,80,80],"floor_reached":51,"language":"ZHS","playtime":2669,"items_purged":["Doubt","Strike_P+1","Strike_P"],"score":768,"play_id":"d1470fe3-6906-47ee-bf6e-908ac64720a7","local_time":"20210120165950","is_ascension_mode":false,"campfire_choices":[{"data":"Prostrate","floor":6.0,"key":"SMITH"},{"data":"Replay:AtTheReady","floor":10.0,"key":"SMITH"},{"floor":15.0,"key":"REST"},{"floor":24.0,"key":"REST"},{"floor":28.0,"key":"REST"},{"floor":32.0,"key":"REST"},{"floor":41.0,"key":"REST"},{"floor":44.0,"key":"REST"},{"floor":49.0,"key":"REST"}],"circlet_count":0,"master_deck":["Strike_P","Strike_P+1","Defend_P+1","Defend_P+1","Defend_P","Defend_P+1","Eruption+1","Vigilance","Replay:Hum+1","Prostrate+1","Replay:AtTheReady+1","CarveReality+1","Prostrate","ForeignInfluence+1","LessonLearned","Prostrate+1","Replay:Vibes+1","Prostrate+1","BattleHymn","CarveReality+1","Prostrate","Vault+1","Flash of Steel","DeceiveReality+1"],"relics":["PureWater","Quantum Egg","Unceasing Top","vexMod:RockOfEvil","DollysMirror","conspire:InfiniteJournal","Whetstone","Happy Flower","Replay:Bottled Steam","Sozu","ReplayFunnel","Regal Pillow","Boot","Lizard Tail"],"acts_visited":["Exordium","TheCity","TheBeyond"],"potions_floor_usage":[],"damage_taken":[{"damage":0.0,"enemies":"Jaw Worm","floor":1.0,"turns":5.0},{"damage":0.0,"enemies":"2 Louse","floor":5.0,"turns":3.0},{"damage":2.0,"enemies":"Small Slimes","floor":8.0,"turns":5.0},{"damage":19.0,"enemies":"Gremlin Gang","floor":12.0,"turns":7.0},{"damage":20.0,"enemies":"3 Louse","floor":13.0,"turns":5.0},{"damage":36.0,"enemies":"Fading Forest","floor":16.0,"turns":11.0},{"damage":18.0,"enemies":"2 Thieves","floor":18.0,"turns":5.0},{"damage":5.0,"enemies":"Chosen","floor":19.0,"turns":3.0},{"damage":30.0,"enemies":"Centurion and Healer","floor":20.0,"turns":5.0},{"damage":0.0,"enemies":"Snecko","floor":22.0,"turns":2.0},{"damage":22.0,"enemies":"Slavers","floor":23.0,"turns":5.0},{"damage":7.0,"enemies":"Snake Plant","floor":25.0,"turns":4.0},{"damage":0.0,"enemies":"3 Cultists","floor":27.0,"turns":4.0},{"damage":6.0,"enemies":"Cultist and Chosen","floor":29.0,"turns":4.0},{"damage":2.0,"enemies":"conspire:MimicChest","floor":30.0,"turns":5.0},{"damage":13.0,"enemies":"Shelled Parasite and Fungi","floor":31.0,"turns":3.0},{"damage":12.0,"enemies":"Champ","floor":33.0,"turns":5.0},{"damage":16.0,"enemies":"3 Shapes","floor":35.0,"turns":3.0},{"damage":28.0,"enemies":"3 Darklings","floor":36.0,"turns":4.0},{"damage":15.0,"enemies":"Sphere and 2 Shapes","floor":37.0,"turns":7.0},{"damage":0.0,"enemies":"Jaw Worm Horde","floor":39.0,"turns":4.0},{"damage":0.0,"enemies":"Giant Head","floor":40.0,"turns":5.0},{"damage":24.0,"enemies":"4 Shapes","floor":42.0,"turns":4.0},{"damage":2.0,"enemies":"Sphere and 2 Shapes","floor":48.0,"turns":6.0},{"damage":74,"enemies":"conspire:OrnateMirror","floor":50,"turns":6}],"seed_played":"7828451136538420542","potions_obtained":[{"floor":12.0,"key":"Dexterity Potion"},{"floor":18.0,"key":"GrandPatriotsElixir:ReiMu"},{"floor":20.0,"key":"Regen Potion"},{"floor":30.0,"key":"BottledMiracle"},{"floor":31.0,"key":"Elixir"},{"floor":33.0,"key":"Regen Potion"}],"is_trial":false,"path_per_floor":["M","?","?","$","M","R","?","M","T","R","?","M","M","?","R","B",null,"M","M","M","$","M","E","R","M","T","M","R","M","?","M","R","B",null,"M","M","M","$","M","E","R","M","T","R","?","?","?","M","R","B",null],"character_chosen":"WATCHER","items_purchased":["Prostrate","DollysMirror","BattleHymn","conspire:InfiniteJournal","Flash of Steel","ReplayFunnel"],"campfire_rested":7,"item_purchase_floors":[4,21,21,21,38,38],"current_hp_per_floor":[79,63,63,63,63,63,63,61,61,61,61,42,22,22,45,19,79,61,56,26,26,26,18,41,34,34,34,57,51,49,36,59,47,79,63,35,20,20,32,32,70,46,46,79,79,79,60,58,79,5],"gold":80,"neow_bonus":"TEN_PERCENT_HP_BONUS","is_daily":false,"chose_seed":false,"campfire_upgraded":2,"win_rate":0.0,"timestamp":1611133190,"path_taken":["M","?","?","?","M","R","?","?","T","R","?","?","M","?","R","BOSS","M","?","M","$","M","E","R","M","T","M","R","M","?","M","R","BOSS","M","M","M","$","M","E","R","M","T","R","?","?","?","M","R","BOSS"],"items_purchased_type":["Card","Relic","Card","Relic","Card","Relic"],"build_version":"2020-12-22","purchased_purges":3,"victory":true,"max_hp_per_floor":[79,79,79,79,79,79,79,79,79,79,79,79,79,79,79,79,79,79,79,79,79,79,79,79,79,79,79,79,79,79,79,79,79,79,79,79,79,79,79,79,79,79,79,79,79,79,79,79,79,79],"relic_stats":{"Sozu":3,"Regal Pillow":25,"Lizard Tail":0,"Happy Flower":[20],"counters":[25,120],"Whetstone":["Eruption","CarveReality"],"Boot":[4],"obtain_stats":[{"ReplayFunnel":38,"Regal Pillow":40,"Happy Flower":26,"Quantum Egg":9,"Whetstone":23,"vexMod:RockOfEvil":17,"Boot":43,"conspire:InfiniteJournal":21,"Sozu":34,"Lizard Tail":47,"DollysMirror":21,"PureWater":0,"Unceasing Top":11,"Replay:Bottled Steam":30},{"ReplayFunnel":20,"Regal Pillow":22,"Happy Flower":12,"Quantum Egg":3,"Whetstone":11,"vexMod:RockOfEvil":6,"Boot":23,"conspire:InfiniteJournal":9,"Sozu":17,"Lizard Tail":23,"DollysMirror":9,"PureWater":0,"Unceasing Top":3,"Replay:Bottled Steam":15},{"ReplayFunnel":95,"Regal Pillow":104,"Happy Flower":60,"Quantum Egg":13,"Whetstone":56,"vexMod:RockOfEvil":36,"Boot":108,"conspire:InfiniteJournal":49,"Sozu":81,"Lizard Tail":108,"DollysMirror":49,"PureWater":0,"Unceasing Top":13,"Replay:Bottled Steam":73}],"Unceasing Top":[2]},"card_choices":[{"not_picked":["EmptyFist","Halt"],"picked":"Replay:Hum","floor":1.0},{"not_picked":["Replay:ManipulateFuture","Sanctity"],"picked":"Replay:AtTheReady","floor":5.0},{"not_picked":["SashWhip","EmptyBody"],"picked":"CarveReality","floor":8.0},{"not_picked":["Blasphemy","Indignation"],"picked":"Prostrate","floor":12.0},{"not_picked":["LikeWater","CrushJoints"],"picked":"ForeignInfluence","floor":13.0},{"not_picked":["Replay:AllIn","Judgement"],"picked":"LessonLearned","floor":16.0},{"not_picked":["EmptyBody","FlurryOfBlows"],"picked":"Prostrate+1","floor":18.0},{"not_picked":["Replay:Cycle","Worship"],"picked":"Replay:Vibes","floor":19.0},{"not_picked":["Halt","Indignation","FollowUp"],"picked":"SKIP","floor":20.0},{"not_picked":["Perseverance","TalkToTheHand","FlyingSleeves"],"picked":"SKIP","floor":22.0},{"not_picked":["Prostrate","WheelKick"],"picked":"CarveReality+1","floor":23.0},{"not_picked":["Evaluate","ClearTheMind","Conclude"],"picked":"SKIP","floor":25.0},{"not_picked":["Nirvana","PathToVictory","JustLucky"],"picked":"SKIP","floor":27.0},{"not_picked":["JustLucky","FollowUp+1","EmptyBody+1"],"picked":"SKIP","floor":29.0},{"not_picked":["Protect+1","ThirdEye+1"],"picked":"Prostrate","floor":31.0},{"not_picked":["EmptyFist+1","Worship","WreathOfFlame+1"],"picked":"SKIP","floor":35.0},{"not_picked":["FlyingSleeves+1","Consecrate","PathToVictory+1"],"picked":"SKIP","floor":36.0},{"not_picked":["SashWhip","JustLucky"],"picked":"Vault","floor":37.0},{"not_picked":["Indignation","SashWhip"],"picked":"DeceiveReality+1","floor":39.0},{"not_picked":["FlyingSleeves","InnerPeace","Study"],"picked":"SKIP","floor":40.0},{"not_picked":["FollowUp+1","WindmillStrike","ForeignInfluence+1"],"picked":"SKIP","floor":42.0},{"not_picked":["Perseverance+1","SashWhip","EmptyFist"],"picked":"SKIP","floor":48.0}],"player_experience":159134,"relics_obtained":[{"floor":9.0,"key":"Quantum Egg"},{"floor":23.0,"key":"Whetstone"},{"floor":26.0,"key":"Happy Flower"},{"floor":30.0,"key":"Replay:Bottled Steam"},{"floor":40.0,"key":"Regal Pillow"},{"floor":43.0,"key":"Boot"},{"floor":47.0,"key":"Lizard Tail"}],"event_choices":[{"damage_healed":0.0,"max_hp_gain":0.0,"max_hp_loss":0.0,"gold_gain":0.0,"event_name":"Shining Light","player_choice":"Entered Light","floor":2.0,"gold_loss":0.0,"damage_taken":16.0,"cards_upgraded":["Defend_P","Strike_P"]},{"damage_healed":0.0,"max_hp_gain":0.0,"max_hp_loss":0.0,"gold_gain":175.0,"event_name":"Liars Game","player_choice":"AGREE","floor":7.0,"gold_loss":0.0,"damage_taken":0.0,"cards_obtained":["Doubt"]},{"damage_healed":0.0,"max_hp_gain":0.0,"max_hp_loss":0.0,"gold_gain":0.0,"event_name":"WeMeetAgain","player_choice":"Paid Gold","floor":11.0,"gold_loss":115.0,"damage_taken":0.0,"relics_obtained":["Unceasing Top"]},{"damage_healed":0.0,"max_hp_gain":0.0,"max_hp_loss":0.0,"gold_gain":0.0,"event_name":"NoteForYourself","player_choice":"Ignored","floor":14.0,"gold_loss":0.0,"damage_taken":0.0}],"is_beta":false,"boss_relics":[{"not_picked":["aspiration:RandomNobGenerator","Velvet Choker"],"picked":"vexMod:RockOfEvil"},{"not_picked":["Runic Dome","vexMod:ImprovementManual"],"picked":"Sozu"}],"items_purged_floors":[21,21,38],"is_endless":false,"potions_floor_spawned":[12,18,20,30,31,33,35,36,37],"ascension_level":0}}