{"host":"5jyeqch4fosnsiz2","time":1611113692,"event":{"mods":["BaseMod","Bestiary","Colored Map","Colored Powertips","Filter the Spire","Minty Spire (QoL Compilation)","Relic Stats","StSLib","Waifu the Spire","ojb\u0027s Better Paths Mod","ojb\u0027s Info Mod"],"gold_per_floor":[112,124,136,136,136,171,181,181,208,223,223,256,274,288,288,384,384,402,402,417,417,432,432,459,474,498,413,440,490,507,519,519,519,519],"floor_reached":33,"language":"ENG","playtime":3275,"items_purged":[],"score":326,"play_id":"f866cc6a-3ba6-47b2-82f4-d82471769568","local_time":"20210119223452","is_ascension_mode":false,"campfire_choices":[{"data":"Ghostly Armor","floor":8.0,"key":"SMITH"},{"floor":11.0,"key":"REST"},{"data":"Armaments","floor":15.0,"key":"SMITH"},{"data":"Reaper","floor":23,"key":"SMITH"},{"floor":32,"key":"REST"}],"circlet_count":0,"master_deck":["Bash","Armaments+1","Pummel","Thunderclap","Ghostly Armor+1","Inflame","Whirlwind","Rampage","Twin Strike","Reaper+1","Cleave","Blood for Blood","Entrench","Havoc","Spot Weakness","Blood for Blood","Wild Strike","Bloodletting","Dark Embrace","Shockwave","Spot Weakness+1","Heavy Blade+1","Barricade"],"relics":["Runic Dome","Bag of Preparation","Nunchaku","Lantern","Pandora\u0027s Box","Potion Belt","Toy Ornithopter","Strawberry","Anchor","PreservedInsect"],"acts_visited":["Exordium","TheCity"],"potions_floor_usage":[22,24,24,24,24,24,30],"damage_taken":[{"damage":0.0,"enemies":"Cultist","floor":1.0,"turns":4.0},{"damage":10.0,"enemies":"2 Louse","floor":2.0,"turns":3.0},{"damage":0.0,"enemies":"Small Slimes","floor":3.0,"turns":4.0},{"damage":30.0,"enemies":"3 Sentries","floor":6.0,"turns":10.0},{"damage":7.0,"enemies":"Gremlin Gang","floor":7.0,"turns":4.0},{"damage":0.0,"enemies":"2 Fungi Beasts","floor":10.0,"turns":4.0},{"damage":5.0,"enemies":"Lagavulin","floor":12.0,"turns":5.0},{"damage":0.0,"enemies":"Exordium Wildlife","floor":13.0,"turns":2.0},{"damage":12.0,"enemies":"Exordium Thugs","floor":14.0,"turns":3.0},{"damage":14.0,"enemies":"The Guardian","floor":16.0,"turns":12.0},{"damage":10,"enemies":"Chosen","floor":18,"turns":2},{"damage":21,"enemies":"Spheric Guardian","floor":20,"turns":4},{"damage":18,"enemies":"Cultist and Chosen","floor":22,"turns":4},{"damage":0,"enemies":"Slavers","floor":24,"turns":1},{"damage":12,"enemies":"Snake Plant","floor":25,"turns":5},{"damage":31,"enemies":"Book of Stabbing","floor":28,"turns":5},{"damage":3,"enemies":"Centurion and Healer","floor":30,"turns":2},{"damage":25,"enemies":"3 Cultists","floor":31,"turns":4},{"damage":74,"enemies":"Automaton","floor":33,"turns":6}],"seed_played":"5471474055054874817","potions_obtained":[{"floor":2.0,"key":"CultistPotion"},{"floor":3.0,"key":"ColorlessPotion"},{"floor":12.0,"key":"Block Potion"},{"floor":13.0,"key":"SkillPotion"},{"floor":14.0,"key":"SkillPotion"},{"floor":18,"key":"Weak Potion"},{"floor":21,"key":"Energy Potion"},{"floor":21,"key":"Regen Potion"},{"floor":21,"key":"EntropicBrew"},{"floor":22,"key":"Swift Potion"},{"floor":28,"key":"AttackPotion"}],"is_trial":false,"path_per_floor":["M","M","M","?","?","E","M","R","T","M","R","E","M","M","R","B",null,"M","?","M","?","M","R","E","M","T","?","E","T","M","M","R","B"],"character_chosen":"IRONCLAD","items_purchased":[],"campfire_rested":2,"item_purchase_floors":[],"current_hp_per_floor":[80,70,70,63,55,25,18,18,18,18,42,37,37,25,25,11,80,70,55,34,34,40,40,40,28,28,35,25,25,27,23,50,0,0],"gold":519,"neow_bonus":"BOSS_RELIC","is_daily":false,"chose_seed":false,"campfire_upgraded":3,"win_rate":0.0,"timestamp":1611113692,"path_taken":["M","M","M","?","?","E","M","R","T","M","R","E","?","?","R","BOSS","M","?","M","?","M","R","E","?","T","?","E","?","?","M","R","BOSS"],"items_purchased_type":[],"build_version":"2020-12-22","purchased_purges":0,"victory":false,"max_hp_per_floor":[80,80,80,80,80,80,80,80,80,80,80,80,80,80,80,80,80,80,85,85,85,85,85,85,85,85,92,92,92,92,92,92,92,92],"relic_stats":{"Nunchaku":[10],"counters":[19,84],"Pandora\u0027s Box":["Cleave","Blood for Blood","Entrench","Havoc","Spot Weakness","Blood for Blood","Wild Strike","Bloodletting"],"PreservedInsect":0,"Bag of Preparation":[30],"obtain_stats":[{"Potion Belt":24,"Runic Dome":0,"Nunchaku":9,"Lantern":12,"Anchor":28,"Strawberry":27,"Pandora\u0027s Box":17,"PreservedInsect":29,"Bag of Preparation":6,"Burning Blood":0,"Toy Ornithopter":26},{"Potion Belt":14,"Runic Dome":0,"Nunchaku":5,"Lantern":7,"Anchor":16,"Strawberry":15,"Pandora\u0027s Box":10,"PreservedInsect":16,"Bag of Preparation":4,"Burning Blood":0,"Toy Ornithopter":15},{"Potion Belt":62,"Runic Dome":0,"Nunchaku":25,"Lantern":34,"Anchor":72,"Strawberry":67,"Pandora\u0027s Box":51,"PreservedInsect":72,"Bag of Preparation":21,"Burning Blood":0,"Toy Ornithopter":67}],"Toy Ornithopter":5},"card_choices":[{"not_picked":["Thunderclap","Havoc"],"picked":"Armaments","floor":1.0},{"not_picked":["Sentinel","Twin Strike"],"picked":"Pummel","floor":2.0},{"not_picked":["Flame Barrier","Ghostly Armor"],"picked":"Thunderclap","floor":3.0},{"not_picked":["Metallicize","Intimidate"],"picked":"Ghostly Armor","floor":6.0},{"not_picked":["Ghostly Armor","Reckless Charge","True Grit"],"picked":"SKIP","floor":7.0},{"not_picked":["True Grit","Power Through"],"picked":"Inflame","floor":10.0},{"not_picked":["Ghostly Armor","Sword Boomerang"],"picked":"Whirlwind","floor":12.0},{"not_picked":["Limit Break","Flex"],"picked":"Rampage","floor":13.0},{"not_picked":["Armaments","Blood for Blood"],"picked":"Twin Strike","floor":14.0},{"not_picked":["Impervious","Brutality"],"picked":"Reaper","floor":16.0},{"not_picked":["Pummel","Fire Breathing"],"picked":"Dark Embrace","floor":18},{"not_picked":["Pommel Strike+1","Burning Pact","Warcry+1"],"picked":"SKIP","floor":20},{"not_picked":["True Grit","Flex","Battle Trance+1"],"picked":"SKIP","floor":22},{"not_picked":["Shrug It Off","Warcry"],"picked":"Shockwave","floor":24},{"not_picked":["Headbutt","Pummel"],"picked":"Spot Weakness+1","floor":25},{"not_picked":["Pummel","Havoc"],"picked":"Heavy Blade+1","floor":28},{"not_picked":["True Grit","Fire Breathing+1","Ghostly Armor"],"picked":"SKIP","floor":30},{"not_picked":["Sentinel","Cleave"],"picked":"Barricade","floor":31}],"player_experience":311117,"relics_obtained":[{"floor":6.0,"key":"Bag of Preparation"},{"floor":9.0,"key":"Nunchaku"},{"floor":12.0,"key":"Lantern"},{"floor":24,"key":"Potion Belt"},{"floor":26,"key":"Toy Ornithopter"},{"floor":28,"key":"Anchor"},{"floor":29,"key":"PreservedInsect"}],"event_choices":[{"cards_removed":["Strike_R"],"damage_healed":0.0,"max_hp_gain":0.0,"max_hp_loss":0.0,"gold_gain":0.0,"event_name":"Golden Wing","player_choice":"Card Removal","floor":4.0,"gold_loss":0.0,"damage_taken":7.0},{"damage_healed":0.0,"max_hp_gain":0.0,"max_hp_loss":0.0,"gold_gain":0.0,"event_name":"Wheel of Change","player_choice":"Damaged","floor":5.0,"gold_loss":0.0,"damage_taken":8.0},{"damage_healed":0,"gold_gain":0,"player_choice":"Shed Blood","damage_taken":20,"max_hp_gain":5,"max_hp_loss":0,"event_name":"Forgotten Altar","floor":19,"gold_loss":0},{"damage_healed":0,"gold_gain":0,"player_choice":"Got Potions","damage_taken":0,"max_hp_gain":0,"max_hp_loss":0,"event_name":"Lab","floor":21,"gold_loss":0},{"damage_healed":0,"gold_gain":0,"player_choice":"Obtained Relic","damage_taken":0,"relics_obtained":["Strawberry"],"max_hp_gain":0,"max_hp_loss":0,"event_name":"Addict","floor":27,"gold_loss":85}],"is_beta":false,"boss_relics":[{"not_picked":["Philosopher\u0027s Stone","Busted Crown"],"picked":"Pandora\u0027s Box"}],"items_purged_floors":[],"is_endless":false,"potions_floor_spawned":[2,3,12,13,14,18,22,28],"killed_by":"Automaton","ascension_level":0}}