{"host":"28p8ce41sjwa6lzf","time":1611162419,"event":{"mods":["BaseMod","Bestiary","Colored Map","Colored Powertips","Dark Map","Highlight Path","Minty Spire (QoL Compilation)","Permanent Neow","Quick Restart","Random Character Button","Rare Cards Sparkle","Relic Stats","StSLib","Unceasing Turn Reminder"],"gold_per_floor":[115,40,53,64,64,64,74,32,58,90,103,122,152,178,178,256,256,275,38,64,64,64,99,99,99,399,399,428,441,496,32,32,106,106,120,120,135,10,21,21,47,47,100,21,48,65,93,105,105,105,105],"floor_reached":50,"language":"ENG","playtime":3241,"items_purged":["Pain","Shame","Strike_B"],"score":1377,"play_id":"b5b0535f-27d0-4b8d-bdff-94db09fa1779","local_time":"20210120110659","is_ascension_mode":true,"campfire_choices":[{"data":"Ball Lightning","floor":6.0,"key":"SMITH"},{"floor":15.0,"key":"REST"},{"floor":25.0,"key":"REST"},{"floor":32.0,"key":"REST"},{"floor":40.0,"key":"REST"},{"floor":42.0,"key":"RECALL"},{"floor":49,"key":"REST"}],"circlet_count":0,"master_deck":["AscendersBane","Strike_B+1","Strike_B","Defend_B","Defend_B","Defend_B","Defend_B","Zap","Dualcast","Ball Lightning+1","Doom and Gloom","Conserve Battery","Cold Snap","Sunder","Loop","Loop+1","Coolheaded","Compile Driver+1","Undo","Rainbow","Stack+1","Hologram+1","White Noise","Core Surge","Heatsinks+1","Loop+1","Skim","Loop+1","Electrodynamics+1","Fusion+1","Static Discharge+1","Sweeping Beam+1","Double Energy","Storm+1","Cold Snap"],"relics":["Cracked Core","WarpedTongs","Tiny Chest","Ancient Tea Set","Unceasing Top","Thread and Needle","Fusion Hammer","DataDisk","Red Mask","Ginger","Bag of Marbles","PreservedInsect","Old Coin","Frozen Egg 2","Meat on the Bone","Orrery","Anchor","SlaversCollar","Whetstone","MealTicket","Blue Candle","Peace Pipe"],"acts_visited":["Exordium","TheCity","TheBeyond"],"potions_floor_usage":[50],"damage_taken":[{"damage":0.0,"enemies":"2 Louse","floor":1.0,"turns":2.0},{"damage":8.0,"enemies":"Small Slimes","floor":3.0,"turns":3.0},{"damage":1.0,"enemies":"Cultist","floor":4.0,"turns":3.0},{"damage":6.0,"enemies":"3 Louse","floor":7.0,"turns":3.0},{"damage":11.0,"enemies":"3 Sentries","floor":10.0,"turns":3.0},{"damage":14.0,"enemies":"Looter","floor":11.0,"turns":2.0},{"damage":0.0,"enemies":"Exordium Wildlife","floor":12.0,"turns":2.0},{"damage":9.0,"enemies":"Gremlin Nob","floor":14.0,"turns":3.0},{"damage":2.0,"enemies":"Slime Boss","floor":16.0,"turns":5.0},{"damage":0.0,"enemies":"Spheric Guardian","floor":18.0,"turns":3.0},{"damage":6.0,"enemies":"Masked Bandits","floor":20.0,"turns":3.0},{"damage":36.0,"enemies":"Gremlin Leader","floor":23.0,"turns":10.0},{"damage":16.0,"enemies":"Book of Stabbing","floor":28.0,"turns":5.0},{"damage":0.0,"enemies":"Chosen","floor":29.0,"turns":3.0},{"damage":18.0,"enemies":"Champ","floor":33.0,"turns":29.0},{"damage":4.0,"enemies":"Orb Walker","floor":35.0,"turns":3.0},{"damage":3.0,"enemies":"3 Shapes","floor":37.0,"turns":5.0},{"damage":27.0,"enemies":"Sphere and 2 Shapes","floor":39.0,"turns":5.0},{"damage":8.0,"enemies":"Reptomancer","floor":41.0,"turns":5.0},{"damage":35.0,"enemies":"Giant Head","floor":45.0,"turns":6.0},{"damage":4.0,"enemies":"Writhing Mass","floor":46.0,"turns":6.0},{"damage":34,"enemies":"Nemesis","floor":47,"turns":5},{"damage":0,"enemies":"4 Shapes","floor":48,"turns":4},{"damage":61,"enemies":"Awakened One","floor":50,"turns":6}],"seed_played":"-7530869179495866355","potions_obtained":[{"floor":1.0,"key":"EssenceOfDarkness"},{"floor":7.0,"key":"BlessingOfTheForge"},{"floor":12.0,"key":"SteroidPotion"},{"floor":14.0,"key":"FearPotion"},{"floor":16.0,"key":"SkillPotion"},{"floor":18.0,"key":"Fire Potion"},{"floor":28.0,"key":"DuplicationPotion"},{"floor":37.0,"key":"Ancient Potion"}],"is_trial":false,"path_per_floor":["M","?","M","M","?","R","M","$","T","E","M","M","?","E","R","B",null,"M","$","?","T","?","E","?","R","T","T","E","M","T","$","R","B",null,"M","?","M","$","M","R","E","R","T","$","E","M","E","M","R","B"],"character_chosen":"DEFECT","items_purchased":["Loop","DataDisk","Orrery","Anchor","Loop+1","Static Discharge+1"],"campfire_rested":5,"item_purchase_floors":[8,19,31,31,31,44],"current_hp_per_floor":[64,64,56,55,55,55,49,49,49,38,24,24,24,15,36,34,62,62,62,56,56,56,20,20,41,41,41,25,37,37,37,58,40,63,59,59,56,56,41,62,54,54,54,69,46,42,20,32,53,0,0],"gold":105,"neow_bonus":"THREE_CARDS","is_daily":false,"chose_seed":false,"campfire_upgraded":1,"win_rate":0.0,"timestamp":1611162419,"path_taken":["M","?","M","M","?","R","M","$","T","E","M","?","?","E","R","BOSS","M","$","?","?","?","E","?","R","T","?","E","M","?","$","R","BOSS","M","?","M","$","M","R","E","R","T","$","E","?","E","M","R","BOSS"],"items_purchased_type":["Card","Relic","Relic","Relic","Card","Card"],"build_version":"2020-12-22","purchased_purges":3,"victory":false,"max_hp_per_floor":[71,71,71,71,71,71,71,71,71,71,71,71,71,71,71,71,71,71,71,71,71,71,71,71,71,71,71,71,71,71,71,71,71,71,71,71,71,71,71,71,71,71,71,71,71,71,71,71,71,71,71],"relic_stats":{"Peace Pipe":0,"counters":[24,123],"Blue Candle":[0],"Tiny Chest":2,"MealTicket":15,"PreservedInsect":285,"Ginger":[20],"Whetstone":["Compile Driver","Strike_B"],"obtain_stats":[{"Blue Candle":45,"Thread and Needle":14,"PreservedInsect":23,"Ginger":21,"Whetstone":41,"Frozen Egg 2":27,"Ancient Tea Set":10,"WarpedTongs":5,"Old Coin":26,"Peace Pipe":47,"SlaversCollar":34,"DataDisk":19,"Anchor":31,"Orrery":31,"Tiny Chest":9,"MealTicket":43,"Fusion Hammer":17,"Red Mask":20,"Bag of Marbles":22,"Cracked Core":0,"Unceasing Top":13,"Meat on the Bone":28},{"Blue Candle":20,"Thread and Needle":8,"PreservedInsect":12,"Ginger":11,"Whetstone":19,"Frozen Egg 2":12,"Ancient Tea Set":5,"WarpedTongs":3,"Old Coin":12,"Peace Pipe":22,"SlaversCollar":15,"DataDisk":10,"Anchor":14,"Orrery":14,"Tiny Chest":4,"MealTicket":19,"Fusion Hammer":9,"Red Mask":11,"Bag of Marbles":11,"Cracked Core":0,"Unceasing Top":7,"Meat on the Bone":13},{"Blue Candle":102,"Thread and Needle":21,"PreservedInsect":41,"Ginger":31,"Whetstone":96,"Frozen Egg 2":41,"Ancient Tea Set":14,"WarpedTongs":8,"Old Coin":41,"Peace Pipe":113,"SlaversCollar":78,"DataDisk":28,"Anchor":49,"Orrery":49,"Tiny Chest":11,"MealTicket":96,"Fusion Hammer":25,"Red Mask":31,"Bag of Marbles":31,"Cracked Core":0,"Unceasing Top":18,"Meat on the Bone":46}],"Unceasing Top":[12],"WarpedTongs":[102],"Meat on the Bone":60},"card_choices":[{"not_picked":["Cold Snap","Rebound"],"picked":"Ball Lightning","floor":0.0},{"not_picked":["Self Repair","Tempest"],"picked":"Doom and Gloom","floor":1.0},{"not_picked":["Rebound","Barrage"],"picked":"Conserve Battery","floor":3.0},{"not_picked":["Coolheaded","Reprogram"],"picked":"Cold Snap","floor":4.0},{"not_picked":["Steam","Recycle"],"picked":"Sunder","floor":7.0},{"not_picked":["Doom and Gloom","Sunder"],"picked":"Loop","floor":10.0},{"not_picked":["Sweeping Beam","Go for the Eyes"],"picked":"Coolheaded","floor":11.0},{"not_picked":["Sweeping Beam","Force Field"],"picked":"Compile Driver","floor":12.0},{"not_picked":["Fission","Melter"],"picked":"Undo","floor":14.0},{"not_picked":["Machine Learning","Electrodynamics"],"picked":"Rainbow","floor":16.0},{"not_picked":["Sweeping Beam","Steam Power","Ball Lightning"],"picked":"SKIP","floor":18.0},{"not_picked":["Turbo","Steam Power"],"picked":"Stack+1","floor":20.0},{"not_picked":["Cold Snap","Heatsinks"],"picked":"Hologram+1","floor":23.0},{"not_picked":["Scrape","Hologram"],"picked":"White Noise","floor":28.0},{"not_picked":["Cold Snap","Compile Driver","Blizzard"],"picked":"SKIP","floor":29.0},{"not_picked":["Steam","Barrage"],"picked":"Core Surge","floor":31.0},{"not_picked":["Loop+1","Gash"],"picked":"Heatsinks+1","floor":31.0},{"not_picked":["Sunder","FTL"],"picked":"Loop+1","floor":31.0},{"not_picked":["Ball Lightning","Darkness"],"picked":"Skim","floor":31.0},{"not_picked":["Fission","Thunder Strike"],"picked":"Electrodynamics+1","floor":33.0},{"not_picked":["Barrage","Chill","Stack"],"picked":"SKIP","floor":35.0},{"not_picked":["Stack","Conserve Battery","Sweeping Beam+1"],"picked":"SKIP","floor":37.0},{"not_picked":["Steam","Ball Lightning","Doom and Gloom"],"picked":"SKIP","floor":39.0},{"not_picked":["Stack","Coolheaded"],"picked":"Fusion+1","floor":41.0},{"not_picked":["Stack","Go for the Eyes"],"picked":"Sweeping Beam+1","floor":45.0},{"not_picked":["Consume","Rebound"],"picked":"Double Energy","floor":46.0},{"not_picked":["Hello World+1","Reboot"],"picked":"Storm+1","floor":47},{"not_picked":["Rebound+1","Conserve Battery"],"picked":"Cold Snap","floor":48}],"player_experience":1163075,"relics_obtained":[{"floor":9.0,"key":"Tiny Chest"},{"floor":10.0,"key":"Ancient Tea Set"},{"floor":14.0,"key":"Thread and Needle"},{"floor":20.0,"key":"Red Mask"},{"floor":21.0,"key":"Ginger"},{"floor":23.0,"key":"PreservedInsect"},{"floor":26.0,"key":"Old Coin"},{"floor":27.0,"key":"Frozen Egg 2"},{"floor":28.0,"key":"Meat on the Bone"},{"floor":41.0,"key":"Whetstone"},{"floor":43.0,"key":"MealTicket"},{"floor":45.0,"key":"Blue Candle"},{"floor":47,"key":"Peace Pipe"}],"event_choices":[{"cards_removed":["Strike_B"],"damage_healed":0.0,"max_hp_gain":0.0,"max_hp_loss":0.0,"gold_gain":0.0,"event_name":"The Cleric","player_choice":"Card Removal","floor":2.0,"gold_loss":75.0,"damage_taken":0.0},{"damage_healed":0.0,"max_hp_gain":0.0,"max_hp_loss":0.0,"gold_gain":0.0,"event_name":"Accursed Blacksmith","player_choice":"Rummage","floor":5.0,"gold_loss":0.0,"damage_taken":0.0,"relics_obtained":["WarpedTongs"],"cards_obtained":["Pain"]},{"damage_healed":0.0,"max_hp_gain":0.0,"max_hp_loss":0.0,"gold_gain":30.0,"event_name":"Dead Adventurer","player_choice":"Searched \u00272\u0027 times","floor":13.0,"gold_loss":0.0,"damage_taken":0.0,"relics_obtained":["Unceasing Top"]},{"damage_healed":0.0,"max_hp_gain":0.0,"max_hp_loss":0.0,"gold_gain":0.0,"event_name":"Masked Bandits","player_choice":"Fought Bandits","floor":20.0,"gold_loss":0.0,"damage_taken":0.0},{"damage_healed":0.0,"max_hp_gain":0.0,"max_hp_loss":0.0,"gold_gain":0.0,"event_name":"Addict","player_choice":"Stole Relic","floor":22.0,"gold_loss":0.0,"damage_taken":0.0,"relics_obtained":["Bag of Marbles"],"cards_obtained":["Shame"]},{"damage_healed":0.0,"max_hp_gain":0.0,"max_hp_loss":0.0,"gold_gain":0.0,"event_name":"The Mausoleum","player_choice":"Ignored","floor":24.0,"gold_loss":0.0,"damage_taken":0.0},{"damage_healed":0.0,"max_hp_gain":0.0,"max_hp_loss":0.0,"gold_gain":0.0,"event_name":"Upgrade Shrine","player_choice":"Upgraded","floor":36.0,"gold_loss":0.0,"damage_taken":0.0,"cards_upgraded":["Loop"]}],"is_beta":false,"boss_relics":[{"not_picked":["Velvet Choker","Coffee Dripper"],"picked":"Fusion Hammer"},{"not_picked":["Empty Cage","Runic Pyramid"],"picked":"SlaversCollar"}],"items_purged_floors":[19,31,38],"is_endless":false,"potions_floor_spawned":[1,7,12,14,16,18,28,37,45,47],"killed_by":"Awakened One","ascension_level":20}}