{"host":"skr63qsdfgeey3it","time":1611129577,"event":{"mods":["BaseMod","Colored Map","Hubris","Minty Spire (QoL Compilation)","Replay The Spire","Spicy Shops","StSLib"],"gold_per_floor":[15,15,15,15,86,86,96,109,109,121,121,150,169,183,183,278,278,293,293,293,293,27,27,27,47,70,82,110,122,134,161,173,281,293,318,330,104,104,104],"floor_reached":38,"language":"ENG","playtime":1318,"items_purged":[],"score":635,"play_id":"c9aec417-ed7e-4bc9-aab2-98faf4e3a552","local_time":"20210120015937","is_ascension_mode":true,"campfire_choices":[{"data":"Catalyst","floor":6,"key":"SMITH"},{"floor":11,"key":"REST"},{"floor":15,"key":"REST"},{"data":"ReplayTheSpireMod:Necrosis","floor":23,"key":"SMITH"},{"floor":27,"key":"REST"},{"data":"Burst","floor":29,"key":"SMITH"},{"floor":32,"key":"REST"}],"circlet_count":0,"master_deck":["AscendersBane","Strike_G","Strike_G","Strike_G","Defend_G","Defend_G","Defend_G","Defend_G","Survivor","Neutralize","Corpse Explosion+1","Prepared","Catalyst+1","Noxious Fumes","Sneak Up","ReplayTheSpireMod:Necrosis+1","Burst+1","Envenom","ReplayTheSpireMod:Speed Training","Atom Bomb","Toxin Wave","PiercingWail+1","Doppelganger","Dodge and Roll+1","Flechettes"],"relics":["Ring of the Snake","Pear","Omamori","Blue Doll","hubris:CrystalStatue","FossilizedHelix","ReplayTheSpireMod:CursedCoin","Mummified Hand","Nloth\u0027s Gift","MawBank","Cursed Key","ClockworkSouvenir","Vampiric Spirits"],"acts_visited":["Exordium","TheCity","TheBeyond"],"potions_floor_usage":[10,12,12,12,16,25,33],"damage_taken":[{"damage":4,"enemies":"Small Slimes","floor":1,"turns":3},{"damage":0,"enemies":"Cultist","floor":7,"turns":2},{"damage":7,"enemies":"Jaw Worm","floor":8,"turns":3},{"damage":1,"enemies":"Lots of Slimes","floor":10,"turns":2},{"damage":18,"enemies":"3 Sentries","floor":12,"turns":5},{"damage":6,"enemies":"Exordium Wildlife","floor":13,"turns":5},{"damage":3,"enemies":"Looter","floor":14,"turns":4},{"damage":29,"enemies":"The Guardian","floor":16,"turns":10},{"damage":28,"enemies":"2 Thieves","floor":18,"turns":4},{"damage":14,"enemies":"Spheric Guardian","floor":25,"turns":4},{"damage":6,"enemies":"Cultist and Chosen","floor":28,"turns":6},{"damage":10,"enemies":"Centurion and Healer","floor":31,"turns":3},{"damage":78,"enemies":"Pondfish","floor":33,"turns":6},{"damage":53,"enemies":"3 Shapes","floor":35,"turns":5},{"damage":18,"enemies":"3 Darklings","floor":38,"turns":3}],"seed_played":"-5659222647733705139","potions_obtained":[{"floor":5,"key":"Elixir"},{"floor":5,"key":"SneckoOil"},{"floor":10,"key":"EntropicBrew"},{"floor":12,"key":"Dexterity Potion"},{"floor":18,"key":"Block Potion"},{"floor":28,"key":"FearPotion"},{"floor":33,"key":"Energy Potion"},{"floor":35,"key":"Venom Potion"}],"is_trial":false,"path_per_floor":["M","?","$","?","?","R","M","M","T","M","R","E","M","M","R","B",null,"M","?","?","?","$","R","?","M","T","R","M","R","$","M","R","B",null,"M","?","$","M"],"character_chosen":"THE_SILENT","items_purchased":["ReplayTheSpireMod:CursedCoin","Mummified Hand","Atom Bomb","ClockworkSouvenir","Flechettes","Vampiric Spirits"],"campfire_rested":4,"item_purchase_floors":[22,22,22,37,37,37],"current_hp_per_floor":[59,59,59,59,31,31,31,24,34,33,57,39,33,30,54,25,66,38,38,38,38,38,38,38,24,24,48,42,42,42,32,56,5,61,8,8,8,0,0],"gold":104,"neow_bonus":"THREE_RARE_CARDS","is_daily":false,"chose_seed":false,"campfire_upgraded":3,"win_rate":0.0,"timestamp":1611129577,"path_taken":["M","?","?","?","?","R","M","M","T","M","R","E","?","M","R","BOSS","M","?","?","?","?","R","?","?","T","R","M","R","$","M","R","BOSS","M","?","$","?"],"items_purchased_type":["Relic","Relic","Card","Relic","Card","Relic"],"build_version":"2020-12-22","purchased_purges":0,"victory":false,"max_hp_per_floor":[70,70,70,70,70,70,70,70,80,80,80,80,80,80,80,80,80,80,80,80,80,80,80,80,80,80,80,80,80,80,80,80,80,80,80,80,80,80,80],"card_choices":[{"not_picked":["Atom Bomb","Adrenaline"],"picked":"Corpse Explosion","floor":0},{"not_picked":["Underhanded Strike","ReplayTheSpireMod:Exploit Weakness"],"picked":"Prepared","floor":1},{"not_picked":["Deflect","Dagger Spray"],"picked":"Catalyst","floor":5},{"not_picked":["Caltrops","Choke"],"picked":"Noxious Fumes","floor":7},{"not_picked":["Underhanded Strike","PiercingWail","Sucker Punch"],"picked":"SKIP","floor":8},{"not_picked":["ReplayTheSpireMod:Tripwire","Underhanded Strike"],"picked":"Sneak Up","floor":10},{"not_picked":["Skewer","Outmaneuver","Sucker Punch"],"picked":"SKIP","floor":12},{"not_picked":["Calculated Gamble","Caltrops","Acrobatics"],"picked":"SKIP","floor":13},{"not_picked":["Slice","Predator","Prepared"],"picked":"SKIP","floor":14},{"not_picked":["ReplayTheSpireMod:From All Sides","Glass Knife"],"picked":"ReplayTheSpireMod:Necrosis","floor":16},{"not_picked":["ReplayTheSpireMod:Faulty Equipment","Hallucinations"],"picked":"hubris:Greed","floor":17},{"not_picked":["hubris:Envy","Regret"],"picked":"hubris:Despair","floor":17},{"not_picked":["Spreading Infection","ReplayTheSpireMod:Doomed"],"picked":"Replay:Hysterical Blindness","floor":17},{"not_picked":["Outmaneuver","Flying Knee"],"picked":"Burst","floor":18},{"not_picked":["Deflect","Sucker Punch"],"picked":"Toxin Wave","floor":25},{"not_picked":["Prepared+1","Corpse Explosion"],"picked":"PiercingWail+1","floor":28},{"not_picked":["Acrobatics","Quick Slash","Prepared+1"],"picked":"SKIP","floor":31},{"not_picked":["Burst","Storm of Steel"],"picked":"Doppelganger","floor":33},{"not_picked":["Blade Dance+1","ReplayTheSpireMod:Speed Training"],"picked":"Dodge and Roll+1","floor":35}],"player_experience":771225,"relics_obtained":[{"floor":9,"key":"Pear"},{"floor":12,"key":"Omamori"},{"floor":26,"key":"MawBank"}],"event_choices":[{"cards_removed":["Strike_G"],"damage_healed":0,"gold_gain":0,"player_choice":"Purged","damage_taken":0,"max_hp_gain":0,"max_hp_loss":0,"event_name":"Purifier","floor":2,"gold_loss":0},{"damage_healed":0,"gold_gain":0,"cards_transformed":["Strike_G","Defend_G"],"player_choice":"Became Test Subject","damage_taken":0,"max_hp_gain":0,"max_hp_loss":0,"event_name":"Drug Dealer","floor":19,"gold_loss":0,"cards_obtained":["Envenom","ReplayTheSpireMod:Speed Training"]},{"cards_removed":["Replay:Hysterical Blindness"],"damage_healed":0,"gold_gain":0,"player_choice":"Elegance","damage_taken":0,"max_hp_gain":0,"max_hp_loss":0,"event_name":"Back to Basics","floor":20,"gold_loss":0},{"damage_healed":0,"gold_gain":0,"player_choice":"Traded Relic","damage_taken":0,"relics_obtained":["Nloth\u0027s Gift"],"max_hp_gain":0,"max_hp_loss":0,"event_name":"N\u0027loth","floor":24,"relics_lost":["Replay:Ancient Bell"],"gold_loss":0},{"cards_removed":["ReplayTheSpireMod:Splinters"],"damage_healed":0,"gold_gain":0,"player_choice":"Removed Curses","damage_taken":0,"max_hp_gain":0,"max_hp_loss":0,"event_name":"Fountain of Cleansing","floor":36,"gold_loss":0}],"is_beta":false,"boss_relics":[{"not_picked":["hubris:Stopwatch","Astrolabe"],"picked":"Replay:Ancient Bell"},{"not_picked":["Regal Pillow","Juzu Bracelet"],"picked":"Blue Doll"},{"not_picked":["Meat on the Bone","StrikeDummy"],"picked":"hubris:CrystalStatue"},{"not_picked":["Replay:Multitool","StoneCalendar"],"picked":"FossilizedHelix"},{"not_picked":["hubris:HollowSoul","hubris:RunicObelisk"],"picked":"Cursed Key"}],"items_purged_floors":[],"is_endless":false,"potions_floor_spawned":[10,12,13,14,18,28,33,35],"killed_by":"3 Darklings","ascension_level":12}}