{"host":"88sw61cmk1203zgj","time":1611106374,"event":{"mods":["BaseMod","Minty Spire (QoL Compilation)"],"gold_per_floor":[115,134,134,134,152,77,77,77,104,104,135,135,154,173,173,298,298,312,237,237,89,89,89],"floor_reached":22,"language":"ENG","playtime":886,"items_purged":["Strike_B","Decay"],"score":282,"play_id":"7be1c38e-ed29-416f-bdc3-39950c253fe1","local_time":"20210119203254","is_ascension_mode":true,"campfire_choices":[{"data":"Conserve Battery","floor":8,"key":"SMITH"},{"data":"Zap","floor":10,"key":"SMITH"},{"data":"Rebound","floor":12,"key":"SMITH"},{"floor":15,"key":"REST"}],"circlet_count":0,"master_deck":["AscendersBane","Strike_B","Defend_B","Defend_B","Defend_B","Defend_B","Zap+1","Dualcast","Cold Snap","Sweeping Beam","Conserve Battery+1","Rebound+1","Barrage","Rainbow","Chaos+1","Cold Snap"],"relics":["Inserter","Golden Idol","WingedGreaves","Bag of Marbles","Nunchaku","Empty Cage"],"acts_visited":["Exordium","TheCity"],"potions_floor_usage":[11,16,18,19],"damage_taken":[{"damage":11,"enemies":"2 Louse","floor":1,"turns":4},{"damage":2,"enemies":"Jaw Worm","floor":2,"turns":5},{"damage":8,"enemies":"Small Slimes","floor":5,"turns":3},{"damage":16,"enemies":"3 Sentries","floor":11,"turns":10},{"damage":4,"enemies":"Red Slaver","floor":13,"turns":5},{"damage":6,"enemies":"Blue Slaver","floor":14,"turns":5},{"damage":28,"enemies":"Slime Boss","floor":16,"turns":7},{"damage":31,"enemies":"Spheric Guardian","floor":18,"turns":6},{"damage":13,"enemies":"2 Thieves","floor":19,"turns":5},{"damage":14,"enemies":"3 Cultists","floor":22,"turns":4}],"seed_played":"-8398865502464262674","potions_obtained":[{"floor":1,"key":"Dexterity Potion"},{"floor":2,"key":"Energy Potion"},{"floor":14,"key":"CultistPotion"},{"floor":16,"key":"Dexterity Potion"},{"floor":18,"key":"EssenceOfSteel"}],"is_trial":false,"path_per_floor":["M","M","?","T","M","$","?","R","T","R","E","R","M","M","R","B",null,"M","M","?","$","M"],"character_chosen":"DEFECT","items_purchased":["Cold Snap"],"campfire_rested":1,"item_purchase_floors":[21],"current_hp_per_floor":[57,55,55,55,47,47,47,47,47,47,31,31,27,21,41,13,55,24,11,11,11,0,0],"gold":89,"neow_bonus":"BOSS_RELIC","is_daily":false,"chose_seed":false,"campfire_upgraded":3,"win_rate":0.0,"timestamp":1611106374,"path_taken":["M","M","?","?","M","?","?","R","T","R","E","R","M","?","R","BOSS","M","M","?","$","?"],"items_purchased_type":["Card"],"build_version":"2020-12-22","purchased_purges":2,"victory":false,"max_hp_per_floor":[75,75,69,69,69,69,69,69,69,69,69,69,69,69,69,69,69,69,69,69,69,69,69],"card_choices":[{"not_picked":["Turbo","Blizzard"],"picked":"Cold Snap","floor":1},{"not_picked":["Stack","Recycle"],"picked":"Sweeping Beam","floor":2},{"not_picked":["Heatsinks","Self Repair"],"picked":"Conserve Battery","floor":5},{"not_picked":["Redo","Streamline"],"picked":"Rebound","floor":11},{"not_picked":["Lockon","Rip and Tear"],"picked":"Barrage","floor":13},{"not_picked":["Conserve Battery","Rebound","Gash"],"picked":"SKIP","floor":14},{"not_picked":["Amplify","Buffer"],"picked":"Rainbow","floor":16},{"not_picked":["Conserve Battery","Redo","Beam Cell"],"picked":"SKIP","floor":18},{"not_picked":["Gash","Conserve Battery"],"picked":"Chaos+1","floor":19}],"player_experience":1492114,"relics_obtained":[{"floor":4,"key":"WingedGreaves"},{"floor":9,"key":"Bag of Marbles"},{"floor":11,"key":"Nunchaku"}],"event_choices":[{"damage_healed":0,"gold_gain":0,"player_choice":"Lose Max HP","damage_taken":0,"relics_obtained":["Golden Idol"],"max_hp_gain":0,"max_hp_loss":6,"event_name":"Golden Idol","floor":3,"gold_loss":0},{"damage_healed":0,"gold_gain":0,"player_choice":"Cursed","damage_taken":0,"max_hp_gain":0,"max_hp_loss":0,"event_name":"Wheel of Change","floor":7,"gold_loss":0,"cards_obtained":["Decay"]},{"damage_healed":0,"gold_gain":0,"player_choice":"0 cards matched","damage_taken":0,"max_hp_gain":0,"max_hp_loss":0,"event_name":"Match and Keep!","floor":20,"gold_loss":0,"cards_obtained":[]}],"is_beta":false,"boss_relics":[{"not_picked":["Philosopher\u0027s Stone","Runic Dome"],"picked":"Empty Cage"}],"items_purged_floors":[6,21],"is_endless":false,"potions_floor_spawned":[1,2,14,16,18],"killed_by":"3 Cultists","ascension_level":11}}