{"host":"gsgpu9obojnqwpp0","time":1611111491,"event":{"mods":["2.2 Compatiblity","AchievementEnabler","Alarm Clock","BaseMod","Bestiary","Block Reminder","Dark Map","DeckTracker","Highlight Path","Minty Spire (QoL Compilation)","Permanent Neow","Quick Restart","Relic Stats","Slay-I","SuperFastMode","Uncapped","slay the spire mod where everything is the same but ironclad has a cowboy hat"],"gold_per_floor":[119,14,24,24,36,36,62,92,92,92,92,92,106,119,119,218,218,235,235,249,260,25,25,37,37,61,61,72,84,37,48,48,145,145,164,176,186,203,40,40,65,83,83,95,95,108,108,33,33,33,33,33],"floor_reached":51,"language":"ENG","playtime":1347,"items_purged":["Wild Strike+1"],"score":555,"play_id":"951fbd95-ae17-4672-abf2-8803354b1c2a","local_time":"20210119215811","is_ascension_mode":true,"campfire_choices":[{"data":"Bludgeon","floor":6,"key":"SMITH"},{"data":"Perfected Strike","floor":11,"key":"SMITH"},{"data":"Defend_R","floor":15,"key":"SMITH"},{"floor":23,"key":"REST"},{"data":"Whirlwind","floor":25,"key":"SMITH"},{"floor":27,"key":"REST"},{"floor":32,"key":"REST"},{"floor":40,"key":"REST"},{"floor":45,"key":"REST"},{"floor":47,"key":"REST"},{"floor":49,"key":"REST"},{"floor":50,"key":"REST"}],"circlet_count":0,"master_deck":["Strike_R","Strike_R","Strike_R","Defend_R+1","Defend_R","Defend_R","Defend_R","Dark Embrace","Carnage","Infernal Blade","Perfected Strike+1","Bludgeon+1","Shrug It Off+1","Disarm+1","Whirlwind+1","Perfected Strike","Shrug It Off","Flex+1","True Grit+1","Secret Weapon","Inflame+1","Shrug It Off"],"relics":["Burning Blood","Lizard Tail","Darkstone Periapt","CaptainsWheel","Philosopher\u0027s Stone","Chemical X","Boot","Fusion Hammer","Oddly Smooth Stone","Bottled Flame"],"acts_visited":["Exordium","TheCity","TheBeyond"],"potions_floor_usage":[16,16,18,29,41,42,42,42,51],"damage_taken":[{"damage":2,"enemies":"Jaw Worm","floor":1,"turns":3},{"damage":6,"enemies":"Cultist","floor":3,"turns":3},{"damage":1,"enemies":"Small Slimes","floor":5,"turns":3},{"damage":16,"enemies":"Gremlin Nob","floor":7,"turns":3},{"damage":20,"enemies":"3 Louse","floor":13,"turns":3},{"damage":21,"enemies":"Lots of Slimes","floor":14,"turns":4},{"damage":34,"enemies":"The Guardian","floor":16,"turns":8},{"damage":62,"enemies":"3 Byrds","floor":18,"turns":7},{"damage":16,"enemies":"2 Thieves","floor":20,"turns":4},{"damage":26,"enemies":"Chosen and Byrds","floor":21,"turns":5},{"damage":12,"enemies":"Sentry and Sphere","floor":24,"turns":4},{"damage":16,"enemies":"Snecko","floor":28,"turns":4},{"damage":22,"enemies":"Snake Plant","floor":29,"turns":2},{"damage":15,"enemies":"Centurion and Healer","floor":31,"turns":4},{"damage":78,"enemies":"Automaton","floor":33,"turns":10},{"damage":18,"enemies":"3 Shapes","floor":35,"turns":3},{"damage":0,"enemies":"3 Darklings","floor":36,"turns":2},{"damage":4,"enemies":"Transient","floor":37,"turns":5},{"damage":24,"enemies":"Jaw Worm Horde","floor":38,"turns":3},{"damage":35,"enemies":"Reptomancer","floor":41,"turns":3},{"damage":41,"enemies":"Writhing Mass","floor":42,"turns":3},{"damage":0,"enemies":"Sphere and 2 Shapes","floor":44,"turns":2},{"damage":0,"enemies":"3 Darklings","floor":46,"turns":1},{"damage":84,"enemies":"Time Eater","floor":51,"turns":12}],"seed_played":"-5620741002831541162","potions_obtained":[{"floor":3,"key":"Block Potion"},{"floor":7,"key":"SkillPotion"},{"floor":16,"key":"Energy Potion"},{"floor":21,"key":"PowerPotion"},{"floor":29,"key":"FearPotion"},{"floor":31,"key":"Fire Potion"},{"floor":37,"key":"CultistPotion"},{"floor":41,"key":"PowerPotion"},{"floor":42,"key":"GamblersBrew"}],"is_trial":false,"path_per_floor":["M","$","M","$","M","R","E","?","T","?","R","?","M","M","R","B",null,"M","?","M","M","$","R","M","R","T","R","M","M","$","M","R","B",null,"M","M","M","M","$","R","E","M","T","M","R","M","R","$","R","R","B"],"character_chosen":"IRONCLAD","items_purchased":["Carnage","Infernal Blade","Chemical X","Whirlwind","Shrug It Off","Secret Weapon"],"campfire_rested":8,"item_purchase_floors":[2,2,22,22,30,39],"current_hp_per_floor":[80,80,80,80,80,80,70,70,70,70,70,70,56,41,41,13,80,24,50,40,20,20,44,38,38,38,62,52,36,36,27,51,34,80,68,74,76,58,58,80,51,16,16,22,46,52,76,76,80,80,0,0],"gold":33,"neow_bonus":"REMOVE_CARD","is_daily":false,"chose_seed":false,"campfire_upgraded":4,"win_rate":0.0,"timestamp":1611111491,"path_taken":["M","$","M","$","M","R","E","?","T","?","R","?","M","M","R","BOSS","M","?","M","M","$","R","M","R","T","R","M","M","$","M","R","BOSS","M","M","M","M","$","R","E","M","T","M","R","M","R","$","R","R","BOSS"],"items_purchased_type":["Card","Card","Relic","Card","Card","Card"],"build_version":"2020-12-22","purchased_purges":1,"victory":false,"max_hp_per_floor":[80,80,80,80,80,80,80,80,80,80,80,80,80,80,80,80,80,80,80,80,80,80,80,80,80,80,80,80,80,80,80,80,80,80,80,80,80,80,80,80,80,80,80,80,80,80,80,80,80,80,80,80],"relic_stats":{"Darkstone Periapt":0,"Lizard Tail":40,"counters":[24,101],"Chemical X":[19],"Boot":[6],"obtain_stats":[{"Darkstone Periapt":8,"Lizard Tail":7,"CaptainsWheel":9,"Bottled Flame":43,"Oddly Smooth Stone":41,"Philosopher\u0027s Stone":17,"Fusion Hammer":34,"Chemical X":22,"Boot":26,"Burning Blood":0},{"Darkstone Periapt":4,"Lizard Tail":4,"CaptainsWheel":4,"Bottled Flame":21,"Oddly Smooth Stone":20,"Philosopher\u0027s Stone":7,"Fusion Hammer":15,"Chemical X":10,"Boot":11,"Burning Blood":0},{"Darkstone Periapt":12,"Lizard Tail":12,"CaptainsWheel":12,"Bottled Flame":86,"Oddly Smooth Stone":83,"Philosopher\u0027s Stone":27,"Fusion Hammer":67,"Chemical X":43,"Boot":47,"Burning Blood":0}],"Burning Blood":129},"card_choices":[{"not_picked":["Pommel Strike","Body Slam"],"picked":"Dark Embrace","floor":1},{"not_picked":["Twin Strike","Pummel"],"picked":"Perfected Strike","floor":3},{"not_picked":["Infernal Blade","Iron Wave"],"picked":"Bludgeon","floor":5},{"not_picked":["Havoc","Dual Wield","Twin Strike"],"picked":"SKIP","floor":7},{"not_picked":["Cleave","Havoc","Headbutt"],"picked":"SKIP","floor":13},{"not_picked":["Headbutt","Pommel Strike","Feed"],"picked":"SKIP","floor":14},{"not_picked":["Disarm","Pummel+1"],"picked":"Shrug It Off+1","floor":18},{"not_picked":["Perfected Strike+1","Headbutt"],"picked":"Disarm+1","floor":20},{"not_picked":["Thunderclap+1","Uppercut"],"picked":"Wild Strike+1","floor":21},{"not_picked":["Ghostly Armor","Demon Form","True Grit"],"picked":"SKIP","floor":24},{"not_picked":["Iron Wave+1","Bloodletting"],"picked":"Perfected Strike","floor":28},{"not_picked":["True Grit","Disarm","Metallicize+1"],"picked":"SKIP","floor":29},{"not_picked":["Rampage+1","Seeing Red+1","Twin Strike"],"picked":"SKIP","floor":31},{"not_picked":["Headbutt+1","Wild Strike"],"picked":"Flex+1","floor":35},{"not_picked":["Anger+1","Dual Wield"],"picked":"True Grit+1","floor":36},{"not_picked":["Hemokinesis+1","Brutality","Sever Soul"],"picked":"SKIP","floor":37},{"not_picked":["Twin Strike","True Grit","Sword Boomerang"],"picked":"SKIP","floor":38},{"not_picked":["Metallicize+1","Heavy Blade","Wild Strike+1"],"picked":"SKIP","floor":41},{"not_picked":["Fire Breathing+1","Havoc+1"],"picked":"Inflame+1","floor":42},{"not_picked":["Body Slam","Sword Boomerang+1","Rampage+1"],"picked":"SKIP","floor":44},{"not_picked":["Cleave","Iron Wave"],"picked":"Shrug It Off","floor":46}],"player_experience":265100,"relics_obtained":[{"floor":7,"key":"Lizard Tail"},{"floor":9,"key":"CaptainsWheel"},{"floor":26,"key":"Boot"},{"floor":41,"key":"Oddly Smooth Stone"},{"floor":43,"key":"Bottled Flame"}],"event_choices":[{"damage_healed":0,"gold_gain":30,"player_choice":"Searched \u00273\u0027 times","damage_taken":0,"relics_obtained":["Darkstone Periapt"],"max_hp_gain":0,"max_hp_loss":0,"event_name":"Dead Adventurer","floor":8,"gold_loss":0},{"cards_removed":["Strike_R"],"damage_healed":0,"gold_gain":0,"player_choice":"Forget","damage_taken":0,"max_hp_gain":0,"max_hp_loss":0,"event_name":"Living Wall","floor":10,"gold_loss":0},{"cards_removed":["Bash"],"damage_healed":0,"gold_gain":0,"player_choice":"Purged","damage_taken":0,"max_hp_gain":0,"max_hp_loss":0,"event_name":"Purifier","floor":12,"gold_loss":0},{"damage_healed":26,"gold_gain":0,"player_choice":"Heal","damage_taken":0,"max_hp_gain":0,"max_hp_loss":0,"event_name":"The Library","floor":19,"gold_loss":0}],"is_beta":false,"boss_relics":[{"not_picked":["Calling Bell","Tiny House"],"picked":"Philosopher\u0027s Stone"},{"not_picked":["Black Star","Snecko Eye"],"picked":"Fusion Hammer"}],"items_purged_floors":[48],"is_endless":false,"potions_floor_spawned":[3,7,16,21,29,31,37,41,42],"killed_by":"Time Eater","ascension_level":3}}