{"host":"3xls0xm49ftugio7","time":1611143530,"event":{"mods":["2.2 Compatiblity","AchievementEnabler","Act Like it!","BaseMod","Bestiary","Colored Powertips","Downfall","GifTheSpireLib","Minty Spire (QoL Compilation)","Quick Restart","Relic Stats","StSLib"],"gold_per_floor":[99,109,109,121,137,155,206,206,3,71,71,56,56,111,125,222,222,222,260,535,552,51,51,78,78,137,149,149,193,228,252,262,262,262,262],"floor_reached":33,"language":"ENG","playtime":2117,"items_purged":["Regret"],"score":406,"play_id":"f14caa02-0966-42fe-9566-93502b151449","local_time":"20210120135210","is_ascension_mode":true,"campfire_choices":[{"data":"hexamod:Sear","floor":1.0,"key":"SMITH"},{"data":"hexamod:FastForward","floor":8.0,"key":"SMITH"},{"floor":13.0,"key":"REST"},{"data":"HandOfGreed","floor":18.0,"key":"SMITH"},{"floor":23.0,"key":"REST"}],"circlet_count":0,"master_deck":["hexamod:Sear+1","hexamod:Float","hexamod:FastForward+1","hexamod:NightmareStrike","hexamod:SpectralSpark+1","hexamod:EmpoweredFlame","hexamod:Incineration","HandOfGreed+1","hexamod:ThermalTransfer","hexamod:GhostShield","hexamod:PhantomCloak","hexamod:CatchUp","hexamod:ForkedFlame","hexamod:HeatMetal","hexamod:RadiantFlame","hexamod:RainOfEmbers+1","hexamod:CouncilsJustice","hexamod:CouncilsJustice","hexamod:CouncilsJustice","Ghostly","Ghostly","Ghostly","hexamod:NightmareGuise+1","hexamod:SpectralSpark","hexamod:GhostShield","hexamod:ForkedFlame"],"relics":["hexamod:SpiritBrand","Ancient Tea Set","War Paint","Regal Pillow","SlaversCollar","hexamod:JarOfFuel","hexamod:InflammatoryLetter","Tiny Chest","PreservedInsect","Bag of Preparation"],"acts_visited":["Exordium","TheCity"],"potions_floor_usage":[32,32,33],"damage_taken":[{"damage":0.0,"enemies":"Jaw Worm","floor":2.0,"turns":3.0},{"damage":0.0,"enemies":"Cultist","floor":4.0,"turns":3.0},{"damage":0.0,"enemies":"2 Louse","floor":5.0,"turns":2.0},{"damage":0.0,"enemies":"Large Slime","floor":6.0,"turns":3.0},{"damage":0.0,"enemies":"downfall:FleeingMerchant","floor":9.0,"turns":4.0},{"damage":20.0,"enemies":"3 Sentries","floor":10.0,"turns":6.0},{"damage":2.0,"enemies":"downfall:FleeingMerchant","floor":12.0,"turns":4.0},{"damage":6.0,"enemies":"Lots of Slimes","floor":14.0,"turns":7.0},{"damage":2.0,"enemies":"Exordium Wildlife","floor":15.0,"turns":3.0},{"damage":7.0,"enemies":"IC_STATUS_ARCHETYPE","floor":16.0,"turns":7.0},{"damage":12.0,"enemies":"3 Byrds","floor":19.0,"turns":7.0},{"damage":9.0,"enemies":"Spheric Guardian","floor":21.0,"turns":6.0},{"damage":16.0,"enemies":"downfall:FleeingMerchant","floor":22.0,"turns":4.0},{"damage":35.0,"enemies":"Slavers","floor":26.0,"turns":5.0},{"damage":1.0,"enemies":"Snake Plant","floor":27.0,"turns":5.0},{"damage":0.0,"enemies":"Centurion and Healer","floor":29.0,"turns":6.0},{"damage":0,"enemies":"Gremlin Leader","floor":30,"turns":4},{"damage":0,"enemies":"Snecko","floor":32,"turns":3},{"damage":4,"enemies":"WA_ARCHETYPE_CALM","floor":33,"turns":6}],"seed_played":"3712555867234114798","potions_obtained":[{"floor":5.0,"key":"Block Potion"},{"floor":6.0,"key":"hexamod:SoulburnPotion"},{"floor":14.0,"key":"Energy Potion"},{"floor":19.0,"key":"AttackPotion"},{"floor":29.0,"key":"hexamod:SoulburnPotion"},{"floor":32,"key":"Guardian:BlockOnCardUsePotion"}],"is_trial":false,"path_per_floor":["R","M","?","M","M","M","T","R","$","E","?","$","R","M","M","B",null,"R","M","?","M","$","R","T","?","E","M","?","M","E","T","M","B"],"character_chosen":"THE_SPIRIT","items_purchased":["HandOfGreed","hexamod:JarOfFuel","hexamod:InflammatoryLetter"],"campfire_rested":2,"item_purchase_floors":[9,22,22],"current_hp_per_floor":[63,63,63,63,63,63,63,63,63,43,48,46,75,69,67,60,71,71,59,59,50,34,71,71,37,2,1,1,1,1,1,1,0,0,0],"gold":262,"neow_bonus":"RANDOM_COMMON_RELIC","is_daily":false,"chose_seed":false,"campfire_upgraded":3,"win_rate":0.0,"timestamp":1611143530,"path_taken":["R","M","?","?","M","M","T","R","$","E","?","$","R","M","M","BOSS","R","M","?","?","$","R","T","?","E","M","?","?","E","?","M","BOSS"],"items_purchased_type":["Card","Relic","Relic"],"build_version":"2020-12-22","purchased_purges":1,"victory":false,"max_hp_per_floor":[70,70,70,70,70,70,70,70,70,70,75,75,75,75,75,75,75,75,75,75,75,75,75,75,37,37,37,37,37,37,37,37,37,37,37],"relic_stats":{"Regal Pillow":22,"counters":[19,88],"Tiny Chest":1,"PreservedInsect":44,"Bag of Preparation":[4],"War Paint":["hexamod:Defend","hexamod:SpectralSpark"],"obtain_stats":[{"hexamod:JarOfFuel":22,"SlaversCollar":17,"Regal Pillow":10,"Tiny Chest":24,"hexamod:InflammatoryLetter":22,"PreservedInsect":26,"Bag of Preparation":30,"War Paint":7,"Ancient Tea Set":0,"hexamod:SpiritBrand":0},{"hexamod:JarOfFuel":13,"SlaversCollar":10,"Regal Pillow":6,"Tiny Chest":13,"hexamod:InflammatoryLetter":13,"PreservedInsect":14,"Bag of Preparation":17,"War Paint":4,"Ancient Tea Set":0,"hexamod:SpiritBrand":0},{"hexamod:JarOfFuel":59,"SlaversCollar":42,"Regal Pillow":21,"Tiny Chest":59,"hexamod:InflammatoryLetter":59,"PreservedInsect":64,"Bag of Preparation":79,"War Paint":11,"Ancient Tea Set":0,"hexamod:SpiritBrand":0}]},"card_choices":[{"not_picked":["hexamod:ChargedBarrage","hexamod:Hexaguard"],"picked":"hexamod:FastForward","floor":2.0},{"not_picked":["hexamod:BacktrackSmack","hexamod:HeatCrush"],"picked":"hexamod:NightmareStrike","floor":4.0},{"not_picked":["hexamod:SpectralAdrenaline","hexamod:PowerFromBeyond"],"picked":"hexamod:SpectralSpark","floor":5.0},{"not_picked":["hexamod:GhostLash","hexamod:HeatMetal"],"picked":"hexamod:EmpoweredFlame","floor":6.0},{"not_picked":["hexamod:PhantomFireball","hexamod:SoulSteal"],"picked":"hexamod:Incineration","floor":9.0},{"not_picked":["hexamod:SkipABeat","hexamod:RecurringNightmare"],"picked":"hexamod:ThermalTransfer","floor":10.0},{"not_picked":["hexamod:RetreatToShadows","hexamod:Firestarter"],"picked":"hexamod:GhostShield","floor":12.0},{"not_picked":["hexamod:GhostShield","hexamod:NightmareStrike"],"picked":"hexamod:PhantomCloak","floor":14.0},{"not_picked":["hexamod:Again","hexamod:Rewind"],"picked":"hexamod:CatchUp","floor":15.0},{"not_picked":["hexamod:WildfireWeapon","hexamod:ParanormalForm"],"picked":"hexamod:ForkedFlame","floor":16.0},{"not_picked":["hexamod:NightmareStrike","hexamod:Firestarter+1"],"picked":"hexamod:HeatMetal","floor":19.0},{"not_picked":["hexamod:RetreatToShadows","hexamod:ThirdSeal"],"picked":"hexamod:RadiantFlame","floor":21.0},{"not_picked":["hexamod:FlamesFromBeyond","hexamod:ThermalTransfer"],"picked":"hexamod:RainOfEmbers+1","floor":22.0},{"not_picked":["hexamod:NightmareStrike+1","hexamod:GhostLash+1"],"picked":"hexamod:NightmareGuise+1","floor":26.0},{"not_picked":["hexamod:Firestarter+1","hexamod:NecessarySacrifice+1","hexamod:SoulSteal"],"picked":"SKIP","floor":27.0},{"not_picked":["hexamod:BacktrackSmack","hexamod:SwordOfDarkness"],"picked":"hexamod:GhostShield","floor":29.0},{"not_picked":["hexamod:FlamesFromBeyond+1","hexamod:Again","hexamod:DynamicBlow"],"picked":"SKIP","floor":30},{"not_picked":["hexamod:GhostLash","hexamod:SwordOfDarkness"],"picked":"hexamod:ForkedFlame","floor":32}],"player_experience":935889,"relics_obtained":[{"floor":7.0,"key":"War Paint"},{"floor":10.0,"key":"Regal Pillow"},{"floor":24.0,"key":"Tiny Chest"},{"floor":26.0,"key":"PreservedInsect"},{"floor":30,"key":"Bag of Preparation"}],"event_choices":[{"damage_healed":0.0,"max_hp_gain":5.0,"max_hp_loss":0.0,"gold_gain":0.0,"event_name":"Big Fish","player_choice":"Donut","floor":11.0,"gold_loss":0.0,"damage_taken":0.0}],"is_beta":false,"boss_relics":[{"not_picked":["Runic Dome","Sozu"],"picked":"SlaversCollar"}],"items_purged_floors":[22],"is_endless":false,"potions_floor_spawned":[5,6,14,15,16,19,29,32],"killed_by":"WA_ARCHETYPE_CALM","ascension_level":6}}