{"host":"owox7x4ngjt9htcc","time":1611120589,"event":{"mods":["BaseMod","Colored Map","DeckTracker","Keyboard Shortcuts","Minty Spire (QoL Compilation)","SuperFastMode"],"gold_per_floor":[114,129,54,54,69,69,99,99,99,129,129,129,144,159,159,259,259,274,274,294,309,157,187,214,241,303,315,4,29,59,74,74,74,74,89,39,39,69,99,138,163,193,193,232,247,247,32,56,56,56],"floor_reached":51,"language":"KOR","playtime":1447,"items_purged":["Grand Finale","Writhe"],"score":1091,"play_id":"2d10eec4-db16-4dfa-8285-b944f2ecc1a7","local_time":"20210120142949","daily_mods":["Shiny","Red Cards","DeadlyEvents"],"is_ascension_mode":false,"campfire_choices":[{"data":"After Image","floor":6.0,"key":"SMITH"},{"data":"Armaments","floor":8.0,"key":"SMITH"},{"data":"Barricade","floor":11.0,"key":"SMITH"},{"data":"Envenom","floor":15.0,"key":"SMITH"},{"data":"Bullet Time","floor":27.0,"key":"SMITH"},{"data":"Burst","floor":32.0,"key":"SMITH"},{"floor":46,"key":"REST"},{"floor":49,"key":"REST"}],"circlet_count":0,"master_deck":["Double Tap","Demon Form","Bludgeon","Feed","Limit Break","Corruption","Barricade+1","Fiend Fire+1","Berserk","Impervious","Juggernaut+1","Reaper","Exhume","Offering","Immolate","Venomology","Corpse Explosion","Malaise","Phantasmal Killer","Die Die Die","Adrenaline","Envenom+1","Doppelganger","Burst+1","Wraith Form v2","Tools of the Trade","Night Terror","Unload","After Image+1","Bullet Time+1","Storm of Steel+1","Glass Knife","A Thousand Cuts","Infernal Blade","Armaments+1","Calculated Gamble","Crippling Poison","Shrug It Off","Backflip","A Thousand Cuts","Dodge and Roll+1","Outmaneuver+1","Acrobatics","Accuracy","Seeing Red","Footwork","Intimidate+1","Backflip+1","Blade Dance","Accuracy","Calculated Gamble+1","Shrug It Off","Outmaneuver+1","Inflame","Tactician"],"relics":["Ring of the Snake","Regal Pillow","Bronze Scales","Akabeko","SlaversCollar","MealTicket","Red Mask","MawBank","Centennial Puzzle","Kunai","Ancient Tea Set","InkBottle","Fusion Hammer","Anchor","Bottled Tornado","CeramicFish","Toy Ornithopter","Nunchaku","Pen Nib","Orichalcum","Vajra"],"acts_visited":["Exordium","TheCity","TheBeyond"],"potions_floor_usage":[42,50,50,50],"damage_taken":[{"damage":0.0,"enemies":"2 Louse","floor":1.0,"turns":1.0},{"damage":0.0,"enemies":"Small Slimes","floor":2.0,"turns":2.0},{"damage":0.0,"enemies":"Cultist","floor":5.0,"turns":2.0},{"damage":7.0,"enemies":"3 Sentries","floor":7.0,"turns":4.0},{"damage":9.0,"enemies":"Lagavulin","floor":10.0,"turns":5.0},{"damage":0.0,"enemies":"3 Louse","floor":13.0,"turns":1.0},{"damage":0.0,"enemies":"Red Slaver","floor":14.0,"turns":1.0},{"damage":0.0,"enemies":"Slime Boss","floor":16.0,"turns":3.0},{"damage":0.0,"enemies":"Spheric Guardian","floor":18.0,"turns":1.0},{"damage":7.0,"enemies":"Masked Bandits","floor":20.0,"turns":3.0},{"damage":18.0,"enemies":"2 Thieves","floor":21.0,"turns":3.0},{"damage":17.0,"enemies":"Slavers","floor":23.0,"turns":4.0},{"damage":0.0,"enemies":"Cultist and Chosen","floor":24.0,"turns":3.0},{"damage":6.0,"enemies":"Snecko","floor":25.0,"turns":4.0},{"damage":1.0,"enemies":"Book of Stabbing","floor":30.0,"turns":4.0},{"damage":0.0,"enemies":"3 Cultists","floor":31.0,"turns":3.0},{"damage":47.0,"enemies":"Automaton","floor":33.0,"turns":7.0},{"damage":4,"enemies":"Orb Walker","floor":35,"turns":2},{"damage":0,"enemies":"Giant Head","floor":38,"turns":6},{"damage":12,"enemies":"Nemesis","floor":39,"turns":7},{"damage":0,"enemies":"Giant Head","floor":40,"turns":6},{"damage":6,"enemies":"Nemesis","floor":42,"turns":3},{"damage":0,"enemies":"Giant Head","floor":44,"turns":5},{"damage":8,"enemies":"3 Darklings","floor":45,"turns":3},{"damage":0,"enemies":"4 Shapes","floor":48,"turns":2},{"damage":23,"enemies":"Donu and Deca","floor":50,"turns":5}],"seed_played":"-1760728548950895142","potions_obtained":[{"floor":1.0,"key":"Fire Potion"},{"floor":2.0,"key":"PowerPotion"},{"floor":10.0,"key":"BlessingOfTheForge"},{"floor":16.0,"key":"Weak Potion"},{"floor":21.0,"key":"DistilledChaos"},{"floor":24.0,"key":"DistilledChaos"},{"floor":35,"key":"FairyPotion"},{"floor":42,"key":"Fruit Juice"}],"is_trial":false,"path_per_floor":["M","M","$","?","M","R","E","R","T","E","R","?","M","M","R","B",null,"M","?","?","M","$","E","M","M","T","R","$","T","E","M","R","B",null,"M","$","?","E","E","E","T","E","T","E","M","R","$","M","R","B",null],"character_chosen":"THE_SILENT","items_purchased":["Acrobatics","Kunai","Footwork","Blade Dance","Vajra","Inflame"],"campfire_rested":2,"item_purchase_floors":[22,28,28,36,47,47],"current_hp_per_floor":[70,70,70,56,59,59,59,59,59,50,50,43,43,43,43,43,76,76,76,69,64,76,59,76,76,76,76,76,76,75,75,75,44,76,72,76,76,76,70,70,70,74,74,74,66,81,81,81,81,58],"gold":56,"neow_bonus":"","is_daily":true,"chose_seed":false,"campfire_upgraded":6,"win_rate":0.0,"timestamp":1611120589,"path_taken":["M","M","$","?","M","R","E","R","T","E","R","?","?","M","R","BOSS","M","?","?","M","$","E","M","M","T","R","$","?","E","M","R","BOSS","M","?","?","?","?","E","?","E","T","?","?","R","$","M","R","BOSS"],"items_purchased_type":["Card","Relic","Card","Card","Relic","Card"],"build_version":"2020-12-22","purchased_purges":2,"victory":true,"max_hp_per_floor":[70,70,70,70,73,73,76,76,76,76,76,76,76,76,76,76,76,76,76,76,76,76,76,76,76,76,76,76,76,76,76,76,76,76,76,76,76,76,76,76,76,81,81,81,81,81,81,81,81,81],"card_choices":[{"not_picked":["Carnage","Dagger Throw"],"picked":"Infernal Blade","floor":1.0},{"not_picked":["Wild Strike","Spot Weakness"],"picked":"Armaments","floor":2.0},{"not_picked":["Warcry","Clothesline"],"picked":"Calculated Gamble","floor":5.0},{"not_picked":["Berserk","Thunderclap"],"picked":"Crippling Poison","floor":7.0},{"not_picked":["Thunderclap","Caltrops","Perfected Strike"],"picked":"SKIP","floor":10.0},{"not_picked":["Catalyst","Cleave"],"picked":"Shrug It Off","floor":13.0},{"not_picked":["Quick Slash","Barricade"],"picked":"Backflip","floor":14.0},{"not_picked":["Storm of Steel","Fiend Fire"],"picked":"A Thousand Cuts","floor":16.0},{"not_picked":["All Out Attack","Dagger Throw"],"picked":"Dodge and Roll+1","floor":18.0},{"not_picked":["Clothesline","Twin Strike+1"],"picked":"Outmaneuver+1","floor":20.0},{"not_picked":["Dual Wield","Dagger Spray+1","Flying Knee"],"picked":"SKIP","floor":21.0},{"not_picked":["Sword Boomerang","Flying Knee"],"picked":"Accuracy","floor":23.0},{"not_picked":["Whirlwind","Clash","Combust"],"picked":"SKIP","floor":24.0},{"not_picked":["Dodge and Roll","Dash+1"],"picked":"Seeing Red","floor":25.0},{"not_picked":["Fire Breathing","Wild Strike"],"picked":"Intimidate+1","floor":30.0},{"not_picked":["True Grit","Corpse Explosion","Infernal Blade"],"picked":"SKIP","floor":31.0},{"not_picked":["Catalyst+1","Acrobatics"],"picked":"Backflip+1","floor":35},{"not_picked":["Adrenaline","Shockwave"],"picked":"Accuracy","floor":38},{"not_picked":["Deflect+1","Poisoned Stab+1"],"picked":"Calculated Gamble+1","floor":39},{"not_picked":["Pommel Strike+1","Havoc+1"],"picked":"Shrug It Off","floor":40},{"not_picked":["Clash+1","Setup+1","Thunderclap"],"picked":"SKIP","floor":42},{"not_picked":["Twin Strike+1","Clash+1"],"picked":"Outmaneuver+1","floor":44},{"not_picked":["Warcry+1","Underhanded Strike+1","Dagger Throw+1"],"picked":"SKIP","floor":45},{"not_picked":["Pommel Strike","Setup"],"picked":"Tactician","floor":48}],"player_experience":894684,"relics_obtained":[{"floor":7.0,"key":"Regal Pillow"},{"floor":9.0,"key":"Bronze Scales"},{"floor":10.0,"key":"Akabeko"},{"floor":20.0,"key":"Red Mask"},{"floor":23.0,"key":"MawBank"},{"floor":26.0,"key":"Centennial Puzzle"},{"floor":29.0,"key":"Ancient Tea Set"},{"floor":30.0,"key":"InkBottle"},{"floor":38,"key":"Anchor"},{"floor":39,"key":"Bottled Tornado"},{"floor":40,"key":"CeramicFish"},{"floor":41,"key":"Toy Ornithopter"},{"floor":42,"key":"Nunchaku"},{"floor":43,"key":"Pen Nib"},{"floor":44,"key":"Orichalcum"}],"event_choices":[{"damage_healed":0.0,"max_hp_gain":0.0,"max_hp_loss":0.0,"gold_gain":0.0,"event_name":"Shining Light","player_choice":"Entered Light","floor":4.0,"gold_loss":0.0,"damage_taken":14.0,"cards_upgraded":["Fiend Fire","Juggernaut"]},{"cards_removed":["Brutality"],"damage_healed":0.0,"max_hp_gain":0.0,"max_hp_loss":0.0,"gold_gain":0.0,"event_name":"Golden Wing","player_choice":"Card Removal","floor":12.0,"gold_loss":0.0,"damage_taken":7.0},{"damage_healed":0.0,"max_hp_gain":0.0,"max_hp_loss":0.0,"gold_gain":0.0,"event_name":"The Mausoleum","player_choice":"Opened","floor":19.0,"gold_loss":0.0,"damage_taken":0.0,"relics_obtained":["MealTicket"],"cards_obtained":["Writhe"]},{"damage_healed":0.0,"max_hp_gain":0.0,"max_hp_loss":0.0,"gold_gain":0.0,"event_name":"Masked Bandits","player_choice":"Fought Bandits","floor":20.0,"gold_loss":0.0,"damage_taken":0.0},{"damage_healed":0,"gold_gain":0,"player_choice":"Upgraded","damage_taken":0,"max_hp_gain":0,"max_hp_loss":0,"event_name":"Upgrade Shrine","floor":37,"gold_loss":0,"cards_upgraded":["Storm of Steel"]}],"is_beta":false,"boss_relics":[{"not_picked":["Tiny House","Runic Pyramid"],"picked":"SlaversCollar"},{"not_picked":["Velvet Choker","Black Star"],"picked":"Fusion Hammer"}],"items_purged_floors":[3,22],"is_endless":false,"potions_floor_spawned":[1,2,10,13,16,18,21,24,30,35,39,42,48],"ascension_level":0}}