{"host":"nxma0dbhh74lxenq","time":1611148709,"event":{"mods":["Astrologer","BaseMod","Beaked The Cultist","CapriCore","Colored Map","DeckTracker","Gremlin Mod","HololiveMod","KinomotoSakuraMod(ñÿîVñ{?)","Koishi","Mad Scientist","Minty Spire (QoL Compilation)","Prisma Mod","StSLib","SuperFastMode","The Bladedancer","The Cursed","The Immortal","The Mystic","YoumuÅiç∞ÈÆódöÎÅj"],"gold_per_floor":[217,234,253,22,22,57,57,97,97,118,142,142,175,175,175,295,295,316,334,244,257,182,216,216,100,149,193,218,251,251,284,284,405,405,425,488,503,38,38,38,74,74,74,105,130,155,155,155,155,159],"floor_reached":51,"language":"JPN","playtime":2060,"items_purged":["Koishi:BasicStrike"],"score":1277,"play_id":"4f5b73fa-5b51-47e2-b440-04382e2516e3","local_time":"20210120221829","is_ascension_mode":true,"campfire_choices":[{"data":"Koishi:JumpScare","floor":7,"key":"SMITH"},{"data":"Koishi:RoseHell","floor":15,"key":"SMITH"},{"data":"Koishi:HeartStoppingHorror","floor":30,"key":"SMITH"},{"data":"Koishi:PredatoryInstincts","floor":32,"key":"SMITH"},{"data":"Koishi:RoseHell","floor":40,"key":"SMITH"},{"data":"Koishi:Provoke","floor":42,"key":"SMITH"},{"data":"Koishi:PhantomBarrier","floor":49,"key":"SMITH"}],"circlet_count":0,"master_deck":["AscendersBane","Koishi:BasicDefend","Koishi:BasicDefend","Koishi:BasicDefend+1","Koishi:Provoke+1","Koishi:HauntingSlash","Koishi:SpiritedAway","Koishi:HeartfeltFancy","Koishi:JumpScare+1","Koishi:ParalyzingFear","Koishi:RoseHell+1","Koishi:Prune","Koishi:RacingHeart","Koishi:HeartStoppingHorror+1","Koishi:MindNumbingTerror+1","Koishi:Catatonia+1","Koishi:ImGoingToCallYouNow+1","Koishi:PhantomStrike+1","Koishi:YoukaiPolygraph+1","Koishi:VengefulSpirit+1","Koishi:MassHysteria+1","Koishi:GrowingPain","Koishi:PhantomBarrier+1","Koishi:HeartfeltFancy","Koishi:PredatoryInstincts+1","Koishi:StingingMind","Koishi:RoseHell+1","Koishi:TraumaticStroke","Koishi:Jaunt+1","Panacea","Master of Strategy","Good Instincts"],"relics":["Koishi:ImaginaryFriend","PreservedInsect","Golden Idol","Hololive_LightStick","Bottled Lightning","Mercury Hourglass","Meat on the Bone","Astrolabe","Juzu Bracelet","Akabeko","Blood Vial","Darkstone Periapt","Centennial Puzzle","SacredBark","FossilizedHelix","beaked:ShinyBauble","Nunchaku","Orichalcum","Ornamental Fan","HornCleat"],"acts_visited":["Exordium","TheCity","TheBeyond"],"potions_floor_usage":[11,11,13,18,23,33,33,50],"damage_taken":[{"damage":3,"enemies":"2 Louse","floor":1,"turns":3},{"damage":6,"enemies":"Jaw Worm","floor":2,"turns":5},{"damage":1,"enemies":"Small Slimes","floor":3,"turns":4},{"damage":23,"enemies":"Lagavulin","floor":6,"turns":7},{"damage":22,"enemies":"3 Sentries","floor":8,"turns":8},{"damage":4,"enemies":"Blue Slaver","floor":10,"turns":4},{"damage":0,"enemies":"Red Slaver","floor":11,"turns":2},{"damage":1,"enemies":"Lagavulin","floor":13,"turns":4},{"damage":15,"enemies":"Hexaghost","floor":16,"turns":8},{"damage":19,"enemies":"3 Byrds","floor":18,"turns":3},{"damage":0,"enemies":"Chosen","floor":19,"turns":4},{"damage":0,"enemies":"3 Cultists","floor":21,"turns":4},{"damage":6,"enemies":"Gremlin Leader","floor":23,"turns":4},{"damage":12,"enemies":"Slavers","floor":27,"turns":4},{"damage":0,"enemies":"Sentry and Sphere","floor":28,"turns":3},{"damage":17,"enemies":"Book of Stabbing","floor":29,"turns":3},{"damage":24,"enemies":"Slavers","floor":31,"turns":4},{"damage":34,"enemies":"Automaton","floor":33,"turns":7},{"damage":28,"enemies":"3 Shapes","floor":35,"turns":3},{"damage":8,"enemies":"Mind Bloom Boss Battle","floor":36,"turns":4},{"damage":0,"enemies":"Orb Walker","floor":37,"turns":3},{"damage":0,"enemies":"Giant Head","floor":41,"turns":5},{"damage":25,"enemies":"Reptomancer","floor":44,"turns":4},{"damage":0,"enemies":"Spire Growth","floor":45,"turns":4},{"damage":22,"enemies":"4 Shapes","floor":46,"turns":5},{"damage":41,"enemies":"Donu and Deca","floor":50,"turns":8}],"seed_played":"5705173496288827118","potions_obtained":[{"floor":8,"key":"AttackPotion"},{"floor":10,"key":"ColorlessPotion"},{"floor":11,"key":"Block Potion"},{"floor":16,"key":"Explosive Potion"},{"floor":19,"key":"SneckoOil"},{"floor":27,"key":"SpeedPotion"},{"floor":29,"key":"DistilledChaos"},{"floor":31,"key":"LiquidMemories"},{"floor":36,"key":"EssenceOfSteel"},{"floor":37,"key":"Weak Potion"},{"floor":46,"key":"LiquidMemories"}],"is_trial":false,"path_per_floor":["M","M","M","$","?","E","R","E","T","M","M","?","E","?","R","B",null,"M","M","?","M","$","E","?","$","T","E","M","E","R","E","R","B",null,"M","?","M","$","?","R","E","R","T","E","M","M","?","?","R","B",null],"character_chosen":"KOISHI","items_purchased":["PreservedInsect","Koishi:JumpScare","Koishi:ParalyzingFear","Koishi:GrowingPain","Koishi:PhantomBarrier","beaked:ShinyBauble","Koishi:TraumaticStroke","Nunchaku"],"campfire_rested":0,"item_purchase_floors":[4,4,4,25,25,38,38,38],"current_hp_per_floor":[53,49,49,49,49,31,31,12,12,13,17,17,23,23,23,29,49,39,56,56,56,56,54,54,54,54,56,56,56,56,41,41,56,56,38,56,56,56,53,53,53,53,53,53,53,50,40,40,40,40],"gold":159,"neow_bonus":"HUNDRED_GOLD","is_daily":false,"chose_seed":false,"campfire_upgraded":7,"win_rate":0.0,"timestamp":1611148709,"path_taken":["M","M","M","$","?","E","R","E","T","M","M","?","E","?","R","BOSS","M","M","?","?","?","E","?","$","T","E","M","E","R","E","R","BOSS","M","?","M","$","?","R","E","R","T","E","M","M","?","?","R","BOSS"],"items_purchased_type":["Relic","Card","Card","Card","Card","Relic","Card","Relic"],"build_version":"2020-12-22","purchased_purges":1,"victory":true,"max_hp_per_floor":[60,60,60,60,56,56,56,56,56,56,56,56,56,56,56,56,56,56,56,56,56,56,56,56,56,56,56,56,56,56,56,56,56,56,56,56,56,56,53,53,53,53,53,53,53,53,53,53,53,53],"card_choices":[{"not_picked":["Koishi:ReflexRadar","Koishi:FleetingPhantom"],"picked":"Koishi:SpiritedAway","floor":1},{"not_picked":["Koishi:ApparitionsStalkTheNight","Koishi:RacingHeart"],"picked":"Koishi:UnconsciousUrges","floor":2},{"not_picked":["Koishi:SprinkleStarAndHeart","Koishi:StrangeCloudFist"],"picked":"Koishi:HeartfeltFancy","floor":3},{"not_picked":["Koishi:FreudianInstinct","Koishi:UnconsciousUprising","Koishi:SprinkleStarAndHeart"],"picked":"SKIP","floor":6},{"not_picked":["Koishi:DreadfulBlow","Koishi:BloodcurdlingScream"],"picked":"Koishi:RoseHell","floor":8},{"not_picked":["Koishi:EmbryosDream","Koishi:PhantomStrike"],"picked":"Koishi:Prune","floor":10},{"not_picked":["Koishi:ApparitionsStalkTheNight","Koishi:FreudianInstinct"],"picked":"Koishi:RacingHeart","floor":11},{"not_picked":["Koishi:SubterraneanRose","Koishi:JumpScare","Koishi:SubconsciousSweep"],"picked":"SKIP","floor":13},{"not_picked":["Koishi:PerfectMindControl","Koishi:Ego"],"picked":"Koishi:HeartStoppingHorror","floor":16},{"not_picked":["Koishi:Prune","Koishi:JumpScare+1"],"picked":"Koishi:PhantomStrike+1","floor":18},{"not_picked":["Koishi:SubterraneanRose+1","Koishi:VengefulSpirit+1"],"picked":"Koishi:YoukaiPolygraph+1","floor":19},{"not_picked":["Koishi:ReflexRadar","Koishi:MassHysteria"],"picked":"Koishi:VengefulSpirit+1","floor":21},{"not_picked":["Koishi:LastRemote","Koishi:UnconsciousUprising"],"picked":"Koishi:MassHysteria+1","floor":23},{"not_picked":["Koishi:ReleaseOfTheId","Koishi:GhostParty+1","Koishi:StrangeCloudFist"],"picked":"SKIP","floor":27},{"not_picked":["Koishi:ReflexRadar","Koishi:Prune+1"],"picked":"Koishi:HeartfeltFancy","floor":28},{"not_picked":["Koishi:SpiritedAway","Koishi:FreudianInstinct"],"picked":"Koishi:PredatoryInstincts","floor":29},{"not_picked":["Koishi:EmbryosDream","Koishi:JumpScare+1"],"picked":"Koishi:StingingMind","floor":31},{"not_picked":["Koishi:RuptureMind","Koishi:MentalBreakdown"],"picked":"Koishi:RoseHell","floor":33},{"not_picked":["Koishi:Possession","Koishi:SpiritedAway","Koishi:GhostParty"],"picked":"SKIP","floor":35},{"not_picked":["Koishi:BloodcurdlingScream","Koishi:MindNumbingTerror+1","Koishi:FleetingPhantom+1"],"picked":"SKIP","floor":37},{"not_picked":["Koishi:FreudianInstinct+1","Koishi:Bloodlust+1","Koishi:ApparitionsStalkTheNight"],"picked":"SKIP","floor":41},{"not_picked":["Koishi:HeartAttack+1","Koishi:UnconsciousUprising+1"],"picked":"Koishi:Jaunt+1","floor":44},{"not_picked":["Koishi:PhilosophyOfTheDespised+1","Koishi:FidgetySnatcher","Koishi:Untouchable"],"picked":"SKIP","floor":45},{"not_picked":["Koishi:Bloodlust+1","Koishi:MindNumbingTerror+1","Koishi:HeartfeltFancy"],"picked":"SKIP","floor":46},{"not_picked":["Transmutation","Magnetism"],"picked":"Panacea","floor":47},{"not_picked":["Madness","Blind"],"picked":"Master of Strategy","floor":47},{"not_picked":["Blind","Mind Blast"],"picked":"Good Instincts","floor":47}],"player_experience":531785,"relics_obtained":[{"floor":6,"key":"Hololive_LightStick"},{"floor":8,"key":"Bottled Lightning"},{"floor":9,"key":"Mercury Hourglass"},{"floor":13,"key":"Meat on the Bone"},{"floor":23,"key":"Juzu Bracelet"},{"floor":26,"key":"Akabeko"},{"floor":27,"key":"Blood Vial"},{"floor":29,"key":"Darkstone Periapt"},{"floor":31,"key":"Centennial Puzzle"},{"floor":36,"key":"FossilizedHelix"},{"floor":41,"key":"Orichalcum"},{"floor":43,"key":"Ornamental Fan"},{"floor":44,"key":"HornCleat"}],"event_choices":[{"damage_healed":0,"gold_gain":0,"player_choice":"Lose Max HP","damage_taken":0,"relics_obtained":["Golden Idol"],"max_hp_gain":0,"max_hp_loss":4,"event_name":"Golden Idol","floor":5,"gold_loss":0},{"damage_healed":0,"gold_gain":0,"player_choice":"Fled","damage_taken":0,"max_hp_gain":0,"max_hp_loss":0,"event_name":"Scrap Ooze","floor":12,"gold_loss":0},{"damage_healed":0,"gold_gain":0,"player_choice":"Ignored","damage_taken":0,"max_hp_gain":0,"max_hp_loss":0,"event_name":"Liars Game","floor":14,"gold_loss":0},{"cards_removed":["Koishi:BasicDefend"],"damage_healed":0,"gold_gain":0,"player_choice":"Upgrade and Remove","damage_taken":0,"max_hp_gain":0,"max_hp_loss":0,"event_name":"Designer","floor":20,"gold_loss":90,"cards_upgraded":["Koishi:BasicDefend"]},{"damage_healed":0,"gold_gain":0,"player_choice":"Ignored","damage_taken":0,"max_hp_gain":0,"max_hp_loss":0,"event_name":"Beggar","floor":24,"gold_loss":0},{"damage_healed":0,"gold_gain":0,"player_choice":"Fight","damage_taken":0,"max_hp_gain":0,"max_hp_loss":0,"event_name":"MindBloom","floor":36,"gold_loss":0},{"damage_healed":0,"gold_gain":0,"player_choice":"Max HP","damage_taken":0,"max_hp_gain":0,"max_hp_loss":3,"event_name":"Winding Halls","floor":39,"gold_loss":0},{"damage_healed":0,"gold_gain":0,"player_choice":"Memory 3","damage_taken":10,"max_hp_gain":0,"max_hp_loss":0,"event_name":"SensoryStone","floor":47,"gold_loss":0},{"cards_removed":["Koishi:UnconsciousUrges"],"damage_healed":0,"gold_gain":0,"player_choice":"Removed Power","damage_taken":0,"max_hp_gain":0,"max_hp_loss":0,"event_name":"Falling","floor":48,"gold_loss":0}],"is_beta":false,"boss_relics":[{"not_picked":["Snecko Eye","beaked:MawFillet"],"picked":"Astrolabe"},{"not_picked":["Cursed Key","Tiny House"],"picked":"SacredBark"}],"items_purged_floors":[22],"is_endless":false,"potions_floor_spawned":[8,10,11,16,19,27,29,31,36,37,46],"ascension_level":10}}