{"host":"c97twqu0op5dg8i4","time":1611140246,"event":{"mods":["AchievementEnabler","BaseMod","Colored Map","Minty Spire (QoL Compilation)","Permanent Neow"],"gold_per_floor":[114,127,80,98,148,148,179,189,216,216,216,216,216,228,228,228,326,326,343,443,456,456,471,502,502,537,537,537,537],"floor_reached":28,"language":"ENG","playtime":1182,"items_purged":[],"score":320,"play_id":"8a70da5f-ca23-4091-a35b-bb7ef490ac08","local_time":"20210120055726","is_ascension_mode":true,"campfire_choices":[{"data":"Eruption","floor":6,"key":"SMITH"},{"floor":11,"key":"REST"},{"data":"Wallop","floor":13,"key":"SMITH"},{"floor":16,"key":"REST"},{"floor":25,"key":"REST"}],"circlet_count":0,"master_deck":["Strike_P+1","Strike_P","Defend_P+1","Defend_P","Eruption+1","Vigilance","ForeignInfluence+1","WaveOfTheHand+1","Wallop+1","Evaluate","MentalFortress","Protect","EmptyBody","Crescendo","Wallop+1","EmptyFist","Panacea","DevaForm","BowlingBash","Evaluate","ClearTheMind"],"relics":["Astrolabe","Ancient Tea Set","Centennial Puzzle","Gremlin Horn","Busted Crown","Potion Belt","Vajra","Strawberry"],"acts_visited":["Exordium","TheCity"],"potions_floor_usage":[21,24,26,26],"damage_taken":[{"damage":0,"enemies":"Small Slimes","floor":1,"turns":2},{"damage":0,"enemies":"Cultist","floor":2,"turns":3},{"damage":0,"enemies":"Jaw Worm","floor":4,"turns":4},{"damage":27,"enemies":"Lagavulin","floor":7,"turns":7},{"damage":0,"enemies":"Red Slaver","floor":8,"turns":3},{"damage":0,"enemies":"2 Fungi Beasts","floor":14,"turns":3},{"damage":2,"enemies":"The Guardian","floor":17,"turns":14},{"damage":1,"enemies":"Shell Parasite","floor":19,"turns":3},{"damage":0,"enemies":"Spheric Guardian","floor":21,"turns":1},{"damage":12,"enemies":"Snecko","floor":23,"turns":6},{"damage":32,"enemies":"Book of Stabbing","floor":24,"turns":6},{"damage":34,"enemies":"Slavers","floor":26,"turns":4},{"damage":21,"enemies":"Sentry and Sphere","floor":28,"turns":4}],"seed_played":"8719182560857637571","potions_obtained":[{"floor":7,"key":"LiquidMemories"},{"floor":14,"key":"AttackPotion"},{"floor":17,"key":"DistilledChaos"},{"floor":23,"key":"SteroidPotion"}],"is_trial":false,"path_per_floor":["M","M","$","M","?","R","E","M","T","T","R","?","R","M","?","R","B",null,"M","?","M","?","M","E","R","E","T","M"],"character_chosen":"WATCHER","items_purchased":["Protect"],"campfire_rested":3,"item_purchase_floors":[3],"current_hp_per_floor":[72,72,72,72,72,72,45,45,45,45,66,52,52,52,52,72,70,72,71,71,71,71,59,27,48,14,21,0,0],"gold":537,"neow_bonus":"BOSS_RELIC","is_daily":false,"chose_seed":false,"campfire_upgraded":2,"win_rate":0.0,"timestamp":1611140246,"path_taken":["M","M","$","M","?","R","E","M","T","T","R","?","R","M","?","R","BOSS","M","?","?","?","?","E","R","E","T","M"],"items_purchased_type":["Card"],"build_version":"2020-12-22","purchased_purges":0,"victory":false,"max_hp_per_floor":[72,72,72,72,72,72,72,72,72,72,72,72,72,72,72,72,72,72,72,72,72,72,72,72,72,72,79,79,79],"card_choices":[{"not_picked":["JustLucky","Collect"],"picked":"Evaluate","floor":1},{"not_picked":["InnerPeace","SashWhip"],"picked":"MentalFortress","floor":2},{"not_picked":["Evaluate","BowlingBash"],"picked":"EmptyBody","floor":4},{"not_picked":["Halt","ForeignInfluence"],"picked":"Crescendo","floor":7},{"not_picked":["Adaptation","FollowUp"],"picked":"Wallop","floor":8},{"not_picked":["JustLucky","Sanctity"],"picked":"EmptyFist","floor":14},{"not_picked":["Brilliance","Ragnarok"],"picked":"DevaForm","floor":17},{"not_picked":[],"picked":"BowlingBash","floor":19},{"not_picked":["BowlingBash+1"],"picked":"SKIP","floor":21},{"not_picked":["BowlingBash"],"picked":"SKIP","floor":23},{"not_picked":[],"picked":"ClearTheMind","floor":24},{"not_picked":["SignatureMove"],"picked":"SKIP","floor":26}],"player_experience":274251,"relics_obtained":[{"floor":7,"key":"Ancient Tea Set"},{"floor":9,"key":"Centennial Puzzle"},{"floor":10,"key":"Gremlin Horn"},{"floor":24,"key":"Potion Belt"},{"floor":26,"key":"Vajra"},{"floor":27,"key":"Strawberry"}],"event_choices":[{"damage_healed":0,"gold_gain":50,"player_choice":"Gained Gold","damage_taken":0,"max_hp_gain":0,"max_hp_loss":0,"event_name":"Golden Wing","floor":5,"gold_loss":0},{"damage_healed":0,"gold_gain":0,"player_choice":"Entered Light","damage_taken":14,"max_hp_gain":0,"max_hp_loss":0,"event_name":"Shining Light","floor":12,"gold_loss":0,"cards_upgraded":["Strike_P","Defend_P"]},{"damage_healed":0,"gold_gain":0,"player_choice":"1 cards matched","damage_taken":0,"max_hp_gain":0,"max_hp_loss":0,"event_name":"Match and Keep!","floor":15,"gold_loss":0,"cards_obtained":["Panacea"]},{"damage_healed":0,"gold_gain":100,"player_choice":"Pray","damage_taken":0,"max_hp_gain":0,"max_hp_loss":0,"event_name":"Golden Shrine","floor":20,"gold_loss":0},{"damage_healed":0,"gold_gain":0,"cards_transformed":["Defend_P"],"player_choice":"Transformed","damage_taken":0,"max_hp_gain":0,"max_hp_loss":0,"event_name":"Transmorgrifier","floor":22,"gold_loss":0,"cards_obtained":["Evaluate"]}],"is_beta":false,"boss_relics":[{"not_picked":["VioletLotus","Coffee Dripper"],"picked":"Busted Crown"}],"items_purged_floors":[],"is_endless":false,"potions_floor_spawned":[7,14,17,23],"killed_by":"Sentry and Sphere","ascension_level":5}}