{"host":"5jzx1090woovszu4","time":1611107875,"event":{"mods":["BaseMod","Minty Spire (QoL Compilation)","Robot Space Explorer","Spicy Shops","StSLib","The Dragon Tamer"],"gold_per_floor":[117,192,44,44,44,84,84,125,149,162,182,182,215,215,215,345,345,359,150,249,274,274,307,307,345,345,380,380,411,424,339,339,469,469,482,482,482,230,245,285,305,339,389,414,448,448,492,515,515,515],"floor_reached":51,"language":"ENG","playtime":2326,"items_purged":[],"score":1257,"play_id":"bb5def8e-6471-46b1-a71c-b998c40c4874","local_time":"20210120025755","daily_mods":["SealedDeck","Elite Swarm"],"is_ascension_mode":false,"campfire_choices":[{"floor":7,"key":"REST"},{"data":"Gash","floor":12,"key":"SMITH"},{"floor":15,"key":"REST"},{"data":"Hologram","floor":24,"key":"SMITH"},{"data":"Gash","floor":32,"key":"SMITH"},{"data":"Seek","floor":49,"key":"SMITH"}],"circlet_count":0,"master_deck":["Undo","Cold Snap+1","Reinforced Body","Go for the Eyes","Beam Cell","Hologram","Turbo","Gash+1","Gash+1","Sweeping Beam+1","Beam Cell","Reboot","Seek+1","Hologram+1","All For One","Fission","Seek","Gash","Seek","Madness","Madness"],"relics":["Cracked Core","Membership Card","Golden Idol","PreservedInsect","Pen Nib","Vajra","Pocketwatch","Gremlin Horn","Black Star","Pear","Frozen Eye","Dream Catcher","MealTicket","Shovel","Emotion Chip","HornCleat","Whetstone","Gambling Chip","Regal Pillow","Torii","Mango","Runic Pyramid","FossilizedHelix","Lee\u0027s Waffle","Bird Faced Urn","Calipers","Strawberry","Darkstone Periapt","Art of War","Cables","Bottled Flame","Anchor","Du-Vu Doll"],"acts_visited":["Exordium","TheCity","TheBeyond"],"potions_floor_usage":[21,33,42,50,50],"damage_taken":[{"damage":0,"enemies":"Small Slimes","floor":1,"turns":2},{"damage":0,"enemies":"Lagavulin","floor":6,"turns":4},{"damage":9,"enemies":"Gremlin Nob","floor":8,"turns":3},{"damage":0,"enemies":"2 Louse","floor":10,"turns":2},{"damage":0,"enemies":"Cultist","floor":11,"turns":1},{"damage":0,"enemies":"Lagavulin","floor":13,"turns":3},{"damage":3,"enemies":"Slime Boss","floor":16,"turns":5},{"damage":1,"enemies":"Spheric Guardian","floor":18,"turns":3},{"damage":0,"enemies":"3 Byrds","floor":21,"turns":3},{"damage":8,"enemies":"Slavers","floor":23,"turns":3},{"damage":2,"enemies":"Gremlin Leader","floor":25,"turns":2},{"damage":5,"enemies":"Book of Stabbing","floor":27,"turns":2},{"damage":0,"enemies":"Gremlin Leader","floor":29,"turns":1},{"damage":14,"enemies":"Snake Plant","floor":30,"turns":2},{"damage":0,"enemies":"Collector","floor":33,"turns":3},{"damage":0,"enemies":"3 Darklings","floor":35,"turns":2},{"damage":0,"enemies":"Orb Walker","floor":39,"turns":3},{"damage":0,"enemies":"Giant Head","floor":40,"turns":2},{"damage":1,"enemies":"Maw","floor":41,"turns":4},{"damage":0,"enemies":"Nemesis","floor":42,"turns":1},{"damage":0,"enemies":"4 Shapes","floor":44,"turns":2},{"damage":0,"enemies":"Reptomancer","floor":45,"turns":2},{"damage":0,"enemies":"Giant Head","floor":47,"turns":3},{"damage":0,"enemies":"Sphere and 2 Shapes","floor":48,"turns":2},{"damage":0,"enemies":"Time Eater","floor":50,"turns":3}],"seed_played":"-2420207782601228840","potions_obtained":[{"floor":10,"key":"DistilledChaos"},{"floor":21,"key":"CultistPotion"},{"floor":23,"key":"Swift Potion"},{"floor":25,"key":"SteroidPotion"},{"floor":30,"key":"LiquidMemories"},{"floor":35,"key":"Strength Potion"},{"floor":42,"key":"DistilledChaos"}],"is_trial":true,"path_per_floor":["M","?","$","?","?","E","R","E","T","M","M","R","E","?","R","B",null,"M","$","?","M","?","E","R","E","T","E","?","E","M","?","R","B",null,"M","?","?","$","M","E","M","E","T","M","E","?","E","M","R","B",null],"character_chosen":"DEFECT","items_purchased":["Membership Card","Pear","Frozen Eye","Gash","FossilizedHelix","Lee\u0027s Waffle"],"campfire_rested":2,"item_purchase_floors":[3,19,19,38,38,38],"current_hp_per_floor":[75,64,64,46,46,46,68,59,59,59,59,59,59,41,63,60,75,74,84,84,84,84,76,76,74,74,69,69,69,55,69,69,69,99,99,99,99,106,106,106,105,112,112,112,112,98,98,98,98,98],"gold":515,"neow_bonus":"","is_daily":false,"chose_seed":false,"campfire_upgraded":4,"win_rate":0.0,"timestamp":1611107875,"path_taken":["M","?","$","?","?","E","R","E","T","M","?","R","E","?","R","BOSS","M","$","?","M","?","E","R","E","T","E","?","E","M","?","R","BOSS","M","?","?","$","M","E","?","E","T","M","E","?","E","M","R","BOSS"],"items_purchased_type":["Relic","Relic","Relic","Card","Relic","Relic"],"build_version":"2020-12-22","purchased_purges":0,"victory":true,"max_hp_per_floor":[75,75,75,75,75,75,75,75,75,75,75,75,75,75,75,75,75,75,85,85,85,85,85,85,85,85,85,85,85,85,99,99,99,99,99,99,99,106,106,106,106,113,113,113,113,113,113,113,113,113],"card_choices":[{"not_picked":["Hello World","Tempest"],"picked":"Sweeping Beam","floor":1},{"not_picked":["Machine Learning","Reboot"],"picked":"Seek","floor":6},{"not_picked":["Thunder Strike","Meteor Strike","Multi-Cast"],"picked":"SKIP","floor":8},{"not_picked":["Leap","Go for the Eyes","Turbo"],"picked":"SKIP","floor":10},{"not_picked":["Sunder","Leap","Steam Power"],"picked":"SKIP","floor":11},{"not_picked":["Multi-Cast","Machine Learning","Thunder Strike"],"picked":"SKIP","floor":13},{"not_picked":["Streamline","Rebound"],"picked":"Hologram","floor":18},{"not_picked":["Barrage","Streamline","Chaos"],"picked":"SKIP","floor":21},{"not_picked":["Hyperbeam","Core Surge"],"picked":"All For One","floor":23},{"not_picked":["Multi-Cast","Creative AI"],"picked":"Fission","floor":25},{"not_picked":["Reboot","Meteor Strike","Biased Cognition"],"picked":"SKIP","floor":27},{"not_picked":["Amplify","Machine Learning"],"picked":"Seek","floor":29},{"not_picked":["Hologram","Barrage","Compile Driver"],"picked":"SKIP","floor":30},{"not_picked":["Hologram","Barrage","Compile Driver"],"picked":"SKIP","floor":30},{"not_picked":["Heatsinks+1","Ball Lightning+1","Static Discharge+1"],"picked":"SKIP","floor":35},{"not_picked":["Aggregate","Stack+1","Steam+1"],"picked":"SKIP","floor":39},{"not_picked":["Buffer","Rainbow"],"picked":"Seek","floor":40},{"not_picked":["Go for the Eyes","Redo+1","Streamline"],"picked":"SKIP","floor":41},{"not_picked":["Core Surge","Amplify","All For One"],"picked":"SKIP","floor":42},{"not_picked":["Leap","Compile Driver","Steam+1"],"picked":"SKIP","floor":44},{"not_picked":["Machine Learning","Amplify","Multi-Cast"],"picked":"SKIP","floor":45},{"not_picked":["Machine Learning","Electrodynamics","Hyperbeam"],"picked":"SKIP","floor":47},{"not_picked":["Recycle","Conserve Battery+1","Cold Snap"],"picked":"SKIP","floor":48}],"player_experience":644333,"relics_obtained":[{"floor":6,"key":"PreservedInsect"},{"floor":8,"key":"Pen Nib"},{"floor":9,"key":"Vajra"},{"floor":13,"key":"Pocketwatch"},{"floor":23,"key":"Dream Catcher"},{"floor":23,"key":"MealTicket"},{"floor":25,"key":"Shovel"},{"floor":25,"key":"Emotion Chip"},{"floor":26,"key":"HornCleat"},{"floor":27,"key":"Whetstone"},{"floor":27,"key":"Gambling Chip"},{"floor":29,"key":"Regal Pillow"},{"floor":29,"key":"Torii"},{"floor":40,"key":"Bird Faced Urn"},{"floor":40,"key":"Calipers"},{"floor":42,"key":"Strawberry"},{"floor":42,"key":"Darkstone Periapt"},{"floor":43,"key":"Art of War"},{"floor":45,"key":"Cables"},{"floor":45,"key":"Bottled Flame"},{"floor":47,"key":"Anchor"},{"floor":47,"key":"Du-Vu Doll"}],"event_choices":[{"damage_healed":0,"gold_gain":75,"player_choice":"Gather Gold","damage_taken":11,"max_hp_gain":0,"max_hp_loss":0,"event_name":"World of Goop","floor":2,"gold_loss":0},{"damage_healed":0,"gold_gain":0,"player_choice":"Take Damage","damage_taken":18,"relics_obtained":["Golden Idol"],"max_hp_gain":0,"max_hp_loss":0,"event_name":"Golden Idol","floor":4,"gold_loss":0},{"damage_healed":0,"gold_gain":0,"player_choice":"2 cards matched","damage_taken":0,"max_hp_gain":0,"max_hp_loss":0,"event_name":"Match and Keep!","floor":5,"gold_loss":0,"cards_obtained":["Beam Cell","Reboot"]},{"damage_healed":0,"gold_gain":0,"player_choice":"Success","damage_taken":18,"relics_obtained":["Gremlin Horn"],"max_hp_gain":0,"max_hp_loss":0,"event_name":"Scrap Ooze","floor":14,"gold_loss":0},{"damage_healed":0,"gold_gain":99,"player_choice":"Stole From Cult","damage_taken":0,"max_hp_gain":0,"max_hp_loss":0,"event_name":"Nest","floor":20,"gold_loss":0},{"damage_healed":0,"gold_gain":0,"player_choice":"Simplicity","damage_taken":0,"max_hp_gain":0,"max_hp_loss":0,"event_name":"Back to Basics","floor":22,"gold_loss":0,"cards_upgraded":[]},{"damage_healed":0,"gold_gain":0,"player_choice":"Ignored","damage_taken":0,"max_hp_gain":0,"max_hp_loss":0,"event_name":"Beggar","floor":28,"gold_loss":0},{"damage_healed":0,"gold_gain":0,"player_choice":"Obtained Relic","damage_taken":0,"relics_obtained":["Mango"],"max_hp_gain":0,"max_hp_loss":0,"event_name":"Addict","floor":31,"gold_loss":85},{"damage_healed":0,"gold_gain":0,"player_choice":"Ignored","damage_taken":0,"max_hp_gain":0,"max_hp_loss":0,"event_name":"Tomb of Lord Red Mask","floor":36,"gold_loss":0},{"cards_removed":["Streamline"],"damage_healed":0,"gold_gain":0,"player_choice":"Purged","damage_taken":0,"max_hp_gain":0,"max_hp_loss":0,"event_name":"Purifier","floor":37,"gold_loss":0},{"damage_healed":0,"gold_gain":0,"player_choice":"Embrace Madness","damage_taken":14,"max_hp_gain":0,"max_hp_loss":0,"event_name":"Winding Halls","floor":46,"gold_loss":0,"cards_obtained":["Madness","Madness"]}],"is_beta":false,"boss_relics":[{"not_picked":["Snecko Eye","Sozu"],"picked":"Black Star"},{"not_picked":["Fusion Hammer","Tiny House"],"picked":"Runic Pyramid"}],"items_purged_floors":[],"is_endless":false,"potions_floor_spawned":[10,21,23,25,30,35,41,42,48],"ascension_level":0}}