{"host":"egwexuw5uvnxf11j","time":1611102688,"event":{"mods":["2.2 Compatiblity","Aspiration","BaseMod","Better Altar","Better Note","Better Sensory Stone","Better Third Choice","Displayed Cursed Tome","Downfall","Hermit","Key Reminder","Koishi","Marisa????????","Minty Spire (QoL Compilation)","Quick Restart","Shade Mod","Spicy Shops","StSLib","The Construct","The Cursed","The Hierophant","The Runesmith","The Senshi","The Servant 0.9.4","Transform Curses"],"gold_per_floor":[117,117,135,135,7,7,20,53,99,174,174,174],"floor_reached":11,"language":"ENG","playtime":525,"items_purged":[],"score":85,"play_id":"c3a083c8-eb6d-43c9-94c9-9fea2f32b76e","local_time":"20210119193128","is_ascension_mode":true,"campfire_choices":[{"data":"EventHorizon","floor":6,"key":"SMITH"}],"circlet_count":0,"master_deck":["Strike_MRS","Strike_MRS","Strike_MRS","Defend_MRS","Defend_MRS","Defend_MRS","MasterSpark","UpSweep","EventHorizon+1","UltimateShortwave","SporeBomb","Injury","PowerUp","DC","GrandCross","MilkyWay","Singularity"],"relics":["MiniHakkero","Golden Idol","Potion Belt","keyreminder:keyreminder"],"acts_visited":["Exordium"],"potions_floor_usage":[11],"damage_taken":[{"damage":0,"enemies":"Small Slimes","floor":1,"turns":3},{"damage":6,"enemies":"2 Louse","floor":3,"turns":3},{"damage":0,"enemies":"Jaw Worm","floor":7,"turns":1},{"damage":30,"enemies":"Lagavulin","floor":8,"turns":5},{"damage":27,"enemies":"3 Sentries","floor":11,"turns":4}],"seed_played":"4272520461310321858","potions_obtained":[{"floor":8,"key":"EssenceOfSteel"}],"is_trial":false,"path_per_floor":["M","?","M","?","$","R","M","E","T","?","E"],"character_chosen":"MARISA","items_purchased":["DC","GrandCross"],"campfire_rested":0,"item_purchase_floors":[5,5],"current_hp_per_floor":[68,68,62,62,62,62,62,32,32,21,0,0],"gold":174,"neow_bonus":"TRANSFORM_TWO_CARDS","is_daily":false,"chose_seed":false,"campfire_upgraded":1,"win_rate":0.0,"timestamp":1611102688,"path_taken":["M","?","M","?","?","R","M","E","T","?","E"],"items_purchased_type":["Card","Card"],"build_version":"2020-12-22","purchased_purges":0,"victory":false,"max_hp_per_floor":[68,68,68,68,68,68,68,68,68,68,68,68],"card_choices":[{"not_picked":["EnergyRecoil","WitchOfGreed"],"picked":"SporeBomb","floor":1},{"not_picked":["SuperPerseids","MeteoricShower"],"picked":"PowerUp","floor":3},{"not_picked":["DoubleSpark","GravityBeat"],"picked":"MilkyWay","floor":7},{"not_picked":["EventHorizon","MilkyWay"],"picked":"Singularity","floor":8}],"player_experience":2278970,"relics_obtained":[{"floor":8,"key":"Potion Belt"}],"event_choices":[{"damage_healed":0,"gold_gain":0,"player_choice":"Take Wound","damage_taken":0,"relics_obtained":["Golden Idol"],"max_hp_gain":0,"max_hp_loss":0,"event_name":"Golden Idol","floor":2,"gold_loss":0,"cards_obtained":["Injury"]},{"damage_healed":0,"gold_gain":0,"player_choice":"Leave","damage_taken":0,"max_hp_gain":0,"max_hp_loss":0,"event_name":"The Cleric","floor":4,"gold_loss":0},{"damage_healed":0,"gold_gain":75,"player_choice":"Gold","damage_taken":11,"max_hp_gain":0,"max_hp_loss":0,"event_name":"betterThird:BetterGoop","floor":10,"gold_loss":0}],"is_beta":false,"boss_relics":[],"items_purged_floors":[],"is_endless":false,"potions_floor_spawned":[8],"killed_by":"3 Sentries","ascension_level":4}}