{"host":"ndpbn7fqb3wjbd7p","time":1611125266,"event":{"mods":["AchievementEnabler","Act Like it!","AlwaysNeverKeys","BaseMod","Better Vampires","Block Reminder","Colored Powertips","DeckTracker","Defuse TimeMaze Blight","Friendly Minions","Hallownest","Hermit","Highlight Path","MarisaÅiñ∂âJÅ@ñÇóùçπÅj","Minty Spire (QoL Compilation)","Permanent Neow","Shade Mod","StSLib","SuperFastMode","Synergy Search","The Mystic","Unceasing Turn Reminder","Wandering Minibosses","egg"],"gold_per_floor":[118,43,43,67,67,67,81,81,81,99,24,41,41,53,53,130,130,105,5,15,15,15,15],"floor_reached":22,"language":"ENG","playtime":1003,"items_purged":["Strike_G","Strike_G"],"score":339,"play_id":"18e48d83-e327-4c04-a6b2-f1e9eabca691","local_time":"20210120074746","is_ascension_mode":true,"campfire_choices":[{"data":"Neutralize","floor":6,"key":"SMITH"},{"data":"Footwork","floor":8,"key":"SMITH"},{"floor":15,"key":"REST"}],"circlet_count":0,"master_deck":["AscendersBane","Strike_G","Strike_G","Strike_G","Defend_G+1","Defend_G","Survivor+1","Neutralize+1","Grand Finale","Prepared","Footwork+1","Burst","Poisoned Stab","Well Laid Plans","Setup","Dagger Throw","Slice"],"relics":["Ring of the Snake","Orichalcum","Bottled Lightning","SlaversCollar"],"acts_visited":["Exordium","TheCity"],"potions_floor_usage":[16,18],"damage_taken":[{"damage":9,"enemies":"Jaw Worm","floor":1,"turns":7},{"damage":1,"enemies":"Small Slimes","floor":7,"turns":3},{"damage":2,"enemies":"Cultist","floor":10,"turns":7},{"damage":3,"enemies":"Exordium Wildlife","floor":12,"turns":4},{"damage":2,"enemies":"Looter","floor":14,"turns":4},{"damage":42,"enemies":"The Guardian","floor":16,"turns":18},{"damage":13,"enemies":"2 Thieves","floor":18,"turns":4},{"damage":22,"enemies":"Chosen","floor":20,"turns":6},{"damage":26,"enemies":"Shelled Parasite and Fungi","floor":22,"turns":4}],"seed_played":"9065215757358561443","potions_obtained":[{"floor":10,"key":"Energy Potion"},{"floor":12,"key":"FairyPotion"},{"floor":14,"key":"Strength Potion"},{"floor":16,"key":"Poison Potion"}],"is_trial":false,"path_per_floor":["M","?","?","T","$","R","M","R","T","M","$","M","$","M","R","B",null,"M","$","M","?","M"],"character_chosen":"THE_SILENT","items_purchased":[],"campfire_rested":1,"item_purchase_floors":[],"current_hp_per_floor":[35,35,15,15,15,15,14,14,14,12,12,9,9,7,26,19,54,41,41,19,19,0,0],"gold":15,"neow_bonus":"THREE_RARE_CARDS","is_daily":false,"chose_seed":false,"campfire_upgraded":2,"win_rate":0.0,"timestamp":1611125266,"path_taken":["M","?","?","?","$","R","M","R","T","M","$","M","$","M","R","BOSS","M","$","M","?","M"],"items_purchased_type":[],"build_version":"2020-12-22","purchased_purges":2,"victory":false,"max_hp_per_floor":[66,66,66,66,66,66,66,66,66,66,66,66,66,66,66,66,66,66,66,66,66,66,66],"card_choices":[{"not_picked":["Die Die Die","After Image"],"picked":"Grand Finale","floor":0},{"not_picked":["PiercingWail","Sucker Punch"],"picked":"Prepared","floor":1},{"not_picked":["Cloak And Dagger","Deflect"],"picked":"Footwork","floor":7},{"not_picked":["Underhanded Strike","Outmaneuver","PiercingWail"],"picked":"SKIP","floor":10},{"not_picked":["Dodge and Roll","Deadly Poison"],"picked":"Burst","floor":12},{"not_picked":["Choke","PiercingWail"],"picked":"Poisoned Stab","floor":14},{"not_picked":["Outmaneuver","Noxious Fumes"],"picked":"Well Laid Plans","floor":18},{"not_picked":["Blade Dance","Terror"],"picked":"Setup","floor":20}],"player_experience":1166391,"relics_obtained":[{"floor":4,"key":"Orichalcum"},{"floor":9,"key":"Bottled Lightning"}],"event_choices":[{"cards_removed":["Defend_G"],"damage_healed":0,"gold_gain":0,"player_choice":"Card Removal","damage_taken":0,"max_hp_gain":0,"max_hp_loss":0,"event_name":"The Cleric","floor":2,"gold_loss":75},{"damage_healed":0,"gold_gain":0,"player_choice":"Entered Light","damage_taken":20,"max_hp_gain":0,"max_hp_loss":0,"event_name":"Shining Light","floor":3,"gold_loss":0,"cards_upgraded":["Defend_G","Survivor"]},{"damage_healed":0,"gold_gain":0,"cards_transformed":["Defend_G","Defend_G"],"player_choice":"Became Test Subject","damage_taken":0,"max_hp_gain":0,"max_hp_loss":0,"event_name":"Drug Dealer","floor":21,"gold_loss":0,"cards_obtained":["Dagger Throw","Slice"]}],"is_beta":false,"boss_relics":[{"not_picked":["Snecko Eye","Cursed Key"],"picked":"SlaversCollar"}],"items_purged_floors":[11,19],"is_endless":false,"potions_floor_spawned":[10,12,14,16],"killed_by":"Shelled Parasite and Fungi","ascension_level":19}}