{"host":"7fyy23rucerupe6i","time":1611142965,"event":{"mods":["AchievementEnabler","Act Like it!","BaseMod","BetterRewards","Colored Map","Colored Powertips","Conspire","Custom Start","Downfall","Mad Scientist","Marisa£®ÏF”Í°°ƒß¿Ì…≥£©","Minty Spire (QoL Compilation)","Pale of the Ancients","Quick Restart","Shop Mod","ShortenTheSpire","Spicy Shops","StSLib","SuperFastMode","The Bug Knight","The Construct","The Cursed","The Factory","The Jungle","The Servant 0.9.4","UnlockEverythingMod"],"gold_per_floor":[112,287,287,28,39,39,4,20,20,54,73,73,89,89,89,212,212,230,265,265,364,384,425,425,425,425],"floor_reached":24,"language":"ZHS","playtime":4889,"items_purged":["bronze:Defend"],"score":239,"play_id":"cf3b069b-0b10-4624-8918-a5d9923a9077","local_time":"20210120194245","is_ascension_mode":false,"campfire_choices":[{"data":"bronze:ChosenStrike","floor":6,"key":"SMITH"},{"data":"bronze:Terminator","floor":15,"key":"SMITH"}],"circlet_count":0,"master_deck":["bronze:Strike","bronze:Strike","bronze:Strike","bronze:Strike","bronze:Defend","bronze:Defend","bronze:Defend","bronze:Replicate","bronze:Goto","bronze:CutThrough","bronze:Terminator+1","bronze:ChosenStrike+1","bronze:CloningBeam","bronze:FineTuning","bronze:FollowUp","bronze:InfiniteLoop","bronze:GetLatest"],"relics":["bronze:BronzeCore","Incense Burner","bronze:BronzeIdol","Sling","Anchor","Shuriken","The Courier","Potion Belt","Golden Idol","conspire:SpecialSausage","Red Mask","MutagenicStrength","Centennial Puzzle"],"acts_visited":["Exordium","TheCity"],"potions_floor_usage":[16,23],"damage_taken":[{"damage":0,"enemies":"Jaw Worm","floor":1,"turns":2},{"damage":1,"enemies":"Cultist","floor":5,"turns":3},{"damage":0,"enemies":"Small Slimes","floor":8,"turns":2},{"damage":0,"enemies":"Lagavulin","floor":10,"turns":3},{"damage":0,"enemies":"Looter","floor":11,"turns":1},{"damage":0,"enemies":"3 Louse","floor":13,"turns":2},{"damage":16,"enemies":"Slime Boss","floor":16,"turns":6},{"damage":12,"enemies":"Shell Parasite","floor":18,"turns":3},{"damage":2,"enemies":"Masked Bandits","floor":19,"turns":3},{"damage":0,"enemies":"2 Thieves","floor":22,"turns":2},{"damage":42,"enemies":"Gremlin Leader","floor":23,"turns":5},{"damage":12,"enemies":"3 Cultists","floor":24,"turns":3}],"seed_played":"-1168828349672927697","potions_obtained":[{"floor":1,"key":"bronze:BuildAFunctionPotion"},{"floor":5,"key":"ColorlessPotion"},{"floor":13,"key":"Fire Potion"},{"floor":16,"key":"FairyPotion"},{"floor":19,"key":"Weak Potion"}],"is_trial":false,"path_per_floor":["M","?","?","$","M","R","?","M","T","E","M","?","M","?","R","B",null,"M","?","?","?","M","E","M"],"character_chosen":"THE_AUTOMATON","items_purchased":["bronze:BronzeIdol","Sling","Anchor","bronze:CutThrough","Shuriken"],"campfire_rested":0,"item_purchase_floors":[0,0,0,0,4],"current_hp_per_floor":[38,38,38,38,37,37,54,54,54,54,54,54,54,37,37,21,70,58,56,56,56,56,14,2,2,2],"gold":425,"neow_bonus":"","is_daily":false,"chose_seed":false,"campfire_upgraded":2,"win_rate":0.0,"timestamp":1611142965,"path_taken":["M","?","?","$","?","R","?","M","T","E","M","?","M","?","R","BOSS","M","?","?","?","M","E","M"],"items_purchased_type":["Relic","Relic","Relic","Card","Relic"],"build_version":"2020-12-22","purchased_purges":1,"victory":false,"max_hp_per_floor":[70,70,70,70,70,70,70,70,70,70,70,70,70,70,70,70,70,70,70,70,70,70,70,70,70,70],"card_choices":[{"not_picked":["bronze:Repulsor","bronze:BitShift"],"picked":"bronze:Terminator","floor":1},{"not_picked":["bronze:OilSpill","bronze:BuggyMess"],"picked":"bronze:ChosenStrike","floor":5},{"not_picked":["bronze:ShipIt","bronze:DarkDash"],"picked":"bronze:CloningBeam","floor":8},{"not_picked":["bronze:OilSpill","bronze:ForLoop","bronze:DelayedSlice"],"picked":"SKIP","floor":10},{"not_picked":["bronze:DelayedSlice","bronze:Shell"],"picked":"bronze:FineTuning","floor":11},{"not_picked":["bronze:Deprecate","bronze:WildBeam"],"picked":"bronze:FollowUp","floor":13},{"not_picked":["bronze:RecursiveStrike","bronze:Hardcode"],"picked":"bronze:InfiniteLoop","floor":16},{"not_picked":["bronze:Overheat","bronze:BugBarrage+1","bronze:Repulsor+1"],"picked":"SKIP","floor":18},{"not_picked":["bronze:BitShift","bronze:Frontload"],"picked":"bronze:GetLatest","floor":19},{"not_picked":["bronze:Repair","bronze:Branch","bronze:CutThrough+1"],"picked":"SKIP","floor":22},{"not_picked":["bronze:Hardcode","bronze:BitShift","bronze:DigitalCarnage"],"picked":"SKIP","floor":23}],"player_experience":508070,"relics_obtained":[{"floor":9,"key":"The Courier"},{"floor":10,"key":"Potion Belt"},{"floor":19,"key":"Red Mask"},{"floor":23,"key":"Centennial Puzzle"}],"event_choices":[{"damage_healed":0,"gold_gain":175,"player_choice":"AGREE","damage_taken":0,"max_hp_gain":0,"max_hp_loss":0,"event_name":"Liars Game","floor":2,"gold_loss":0,"cards_obtained":["Doubt"]},{"cards_removed":["Doubt"],"damage_healed":0,"gold_gain":0,"player_choice":"Removed Curses","damage_taken":0,"max_hp_gain":0,"max_hp_loss":0,"event_name":"Fountain of Cleansing","floor":3,"gold_loss":0},{"damage_healed":17,"gold_gain":0,"player_choice":"Healed","damage_taken":0,"max_hp_gain":0,"max_hp_loss":0,"event_name":"The Cleric","floor":7,"gold_loss":35},{"damage_healed":0,"gold_gain":0,"player_choice":"Leave","damage_taken":0,"max_hp_gain":0,"max_hp_loss":0,"event_name":"conspire:Investor","floor":12,"gold_loss":0},{"damage_healed":0,"gold_gain":0,"player_choice":"Take Damage","damage_taken":17,"relics_obtained":["Golden Idol"],"max_hp_gain":0,"max_hp_loss":0,"event_name":"Golden Idol","floor":14,"gold_loss":0},{"damage_healed":0,"gold_gain":0,"player_choice":"Fought Bandits","damage_taken":0,"max_hp_gain":0,"max_hp_loss":0,"event_name":"Masked Bandits","floor":19,"gold_loss":0},{"damage_healed":0,"gold_gain":0,"player_choice":"Inject Mutagens","damage_taken":0,"relics_obtained":["MutagenicStrength"],"max_hp_gain":0,"max_hp_loss":0,"event_name":"Drug Dealer","floor":20,"gold_loss":0},{"damage_healed":0,"gold_gain":99,"player_choice":"Stole From Cult","damage_taken":0,"max_hp_gain":0,"max_hp_loss":0,"event_name":"Nest","floor":21,"gold_loss":0}],"is_beta":false,"boss_relics":[{"not_picked":["Tiny House","Astrolabe"],"picked":"conspire:SpecialSausage"}],"items_purged_floors":[0],"is_endless":false,"potions_floor_spawned":[1,5,13,16,19],"killed_by":"3 Cultists","ascension_level":0}}