{"host":"8i4doyxqctgl5qb0","time":1611132567,"event":{"mods":["AchievementEnabler","BaseMod","Block Reminder","Colored Powertips","Downfall","Minty Spire (QoL Compilation)","Permanent Neow","Potion Indicator Mod","Rare Cards Sparkle","StSLib","SuperFastMode","The Jungle"],"gold_per_floor":[199,219,235,35,35,35,35,63,79,95,110,124,154,165,176,279,329,229,248,12,0,12,12,12,32,32,17,17,17,34,44,63,167,167,67,85,96,116,1,19,73,73,83,83,96,44,44,58,68,68],"floor_reached":51,"language":"ZHS","playtime":2780,"items_purged":["Slimebound:Strike_Slimebound","Slimebound:Strike_Slimebound"],"score":769,"play_id":"ee5c548d-0a74-4bc4-8104-b824fb4beb18","local_time":"20210120164927","is_ascension_mode":false,"campfire_choices":[{"data":"Slimebound:Split","floor":1.0,"key":"SMITH"},{"floor":18.0,"key":"RECALL"},{"data":"Slimebound:Equalize","floor":26.0,"key":"SMITH"},{"data":"Slimebound:SlimeSlap","floor":28.0,"key":"SMITH"},{"data":"Slimebound:SlimeSlap","floor":35.0,"key":"SMITH"},{"data":"Slimebound:SplitSpecialist","floor":42.0,"key":"SMITH"},{"data":"Slimebound:SplitSpecialist","floor":44.0,"key":"SMITH"},{"data":"Slimebound:DouseInSlime","floor":47.0,"key":"SMITH"}],"circlet_count":0,"master_deck":["Slimebound:Tackle","Slimebound:Defend_Slimebound","Slimebound:Defend_Slimebound+1","Slimebound:Defend_Slimebound","Slimebound:Defend_Slimebound","Slimebound:Split+1","Slimebound:CorrosiveSpit","Slimebound:LivingWall","Slimebound:Schlurp","Slimebound:GoopSpray","Slimebound:SlimeSlap+1","Slimebound:SplitBruiser","Slimebound:WasteNot","Slimebound:SamplingLick","Slimebound:AcidTongue","Slimebound:Equalize+1","Slimebound:Gluttony","Slimebound:Recollect","Slimebound:GrowthPunch","Slimebound:LeechLife","Slimebound:SplitSpecialist+1","Slimebound:SplitSpecialist+1","Slimebound:TongueLash","Slimebound:Gluttony","Slimebound:GrowthPunch+1","Slimebound:SamplingLick","Slimebound:GoopSpray+1","Slimebound:SamplingLick","Slimebound:GoopSpray+1","Slimebound:SlimeSpikes","Slimebound:SlimeSlap+1","CurseOfTheBell","Slimebound:SlimeSpikes+1","Slimebound:ProtectTheBoss","Slimebound:Dissolve+1","Slimebound:Recollect","Slimebound:RejuvenatingLick","Slimebound:AcidTongue+1","Slimebound:Grow+1","Slimebound:SamplingLick+1","Slimebound:SpikyOuterGoop","Slimebound:DouseInSlime+1","Slimebound:LeadByExample","Slimebound:GrowthPunch"],"relics":["Slimebound:AbsorbEndCombat","Tiny Chest","sneckomod:BlankCard","Tiny House","downfall:HeartBlessingBlue","bronze:BronzeIdol","Happy Flower","Orichalcum","Calling Bell","Omamori","Mercury Hourglass","FossilizedHelix","downfall:HeartBlessingRed","Boot","Potion Belt"],"acts_visited":["Exordium","TheCity","TheBeyond"],"potions_floor_usage":[],"damage_taken":[{"damage":4.0,"enemies":"Cultist","floor":2.0,"turns":3.0},{"damage":8.0,"enemies":"Jaw Worm","floor":3.0,"turns":4.0},{"damage":0.0,"enemies":"downfall:FleeingMerchant","floor":4.0,"turns":4.0},{"damage":15.0,"enemies":"Gremlin Nob","floor":8.0,"turns":4.0},{"damage":0.0,"enemies":"2 Louse","floor":9.0,"turns":2.0},{"damage":12.0,"enemies":"Red Slaver","floor":10.0,"turns":3.0},{"damage":1.0,"enemies":"Exordium Wildlife","floor":11.0,"turns":3.0},{"damage":9.0,"enemies":"2 Fungi Beasts","floor":12.0,"turns":3.0},{"damage":21.0,"enemies":"3 Sentries","floor":13.0,"turns":6.0},{"damage":0.0,"enemies":"Blue Slaver","floor":14.0,"turns":2.0},{"damage":5.0,"enemies":"Gremlin Gang","floor":15.0,"turns":5.0},{"damage":44.0,"enemies":"DF_ARCHETYPE_STREAMLINE","floor":16.0,"turns":11.0},{"damage":3.0,"enemies":"Spheric Guardian","floor":19.0,"turns":5.0},{"damage":0.0,"enemies":"downfall:FleeingMerchant","floor":20.0,"turns":4.0},{"damage":10.0,"enemies":"downfall:FleeingMerchant","floor":21.0,"turns":4.0},{"damage":47.0,"enemies":"Centurion and Healer","floor":22.0,"turns":7.0},{"damage":11.0,"enemies":"Snake Plant","floor":25.0,"turns":4.0},{"damage":3.0,"enemies":"downfall:FleeingMerchant","floor":27.0,"turns":4.0},{"damage":16.0,"enemies":"Shelled Parasite and Fungi","floor":30.0,"turns":6.0},{"damage":7.0,"enemies":"Centurion and Healer","floor":31.0,"turns":6.0},{"damage":11.0,"enemies":"Cultist and Chosen","floor":32.0,"turns":6.0},{"damage":74.0,"enemies":"SI_MIRROR_ARCHETYPE","floor":33.0,"turns":14.0},{"damage":3.0,"enemies":"Orb Walker","floor":36.0,"turns":4.0},{"damage":0.0,"enemies":"3 Shapes","floor":37.0,"turns":4.0},{"damage":39.0,"enemies":"Spire Growth","floor":38.0,"turns":7.0},{"damage":0.0,"enemies":"downfall:FleeingMerchant","floor":39.0,"turns":4.0},{"damage":0.0,"enemies":"Transient","floor":40.0,"turns":5.0},{"damage":6.0,"enemies":"Writhing Mass","floor":43.0,"turns":5.0},{"damage":36.0,"enemies":"Jaw Worm Horde","floor":45.0,"turns":6.0},{"damage":0.0,"enemies":"downfall:FleeingMerchant","floor":46.0,"turns":1.0},{"damage":15.0,"enemies":"3 Darklings","floor":48.0,"turns":9.0},{"damage":8,"enemies":"Sphere and 2 Shapes","floor":49,"turns":4},{"damage":11,"enemies":"IC_BLOCK_ARCHETYPE","floor":50,"turns":10}],"seed_played":"3212259688959283143","potions_obtained":[{"floor":3.0,"key":"Guardian:BlockOnCardUsePotion"},{"floor":9.0,"key":"Swift Potion"},{"floor":10.0,"key":"Fire Potion"},{"floor":11.0,"key":"DistilledChaos"},{"floor":13.0,"key":"Regen Potion"},{"floor":16.0,"key":"EssenceOfSteel"},{"floor":25.0,"key":"DistilledChaos"},{"floor":33.0,"key":"Fire Potion"},{"floor":36.0,"key":"Strength Potion"},{"floor":40.0,"key":"Fire Potion"},{"floor":43.0,"key":"FairyPotion"},{"floor":48.0,"key":"bronze:BurnAndBuffPotion"}],"is_trial":false,"path_per_floor":["R","M","M","$","?","?","T","E","M","M","M","M","E","M","M","B",null,"R","M","$","$","M","?","T","M","R","$","R","T","M","M","M","B",null,"R","M","M","M","$","M","T","R","M","R","M","$","R","M","M","B",null],"character_chosen":"SLIMEBOUND","items_purchased":["Slimebound:GoopSpray","Slimebound:SlimeSlap","bronze:BronzeIdol","Slimebound:SpikyOuterGoop","Slimebound:DouseInSlime","Potion Belt","SteroidPotion"],"campfire_rested":0,"item_purchase_floors":[4,4,20,46,46,46,46],"current_hp_per_floor":[65,63,61,65,70,70,70,57,59,51,54,51,40,44,53,21,75,85,85,85,79,61,61,61,56,56,61,61,61,85,85,76,22,85,85,82,85,50,58,85,85,85,84,84,64,66,66,85,85,82],"gold":68,"neow_bonus":"HUNDRED_GOLD","is_daily":false,"chose_seed":false,"campfire_upgraded":7,"win_rate":0.0,"timestamp":1611132567,"path_taken":["R","M","M","?","?","?","T","E","M","M","M","M","E","M","M","BOSS","R","M","?","$","?","?","T","M","R","$","R","?","M","?","M","BOSS","R","M","M","M","$","M","T","R","M","R","M","$","R","M","M","BOSS"],"items_purchased_type":["Card","Card","Relic","Card","Card","Relic","Potion"],"build_version":"2020-12-22","purchased_purges":2,"victory":true,"max_hp_per_floor":[65,65,65,65,70,70,70,70,70,70,70,70,70,70,70,70,75,85,85,85,85,85,85,85,85,85,85,85,85,85,85,85,85,85,85,85,85,85,85,85,85,85,85,85,85,85,85,85,85,85],"card_choices":[{"not_picked":["Slimebound:ItLooksTasty","Slimebound:DivideAndConquer"],"picked":"Slimebound:LivingWall","floor":2.0},{"not_picked":["Slimebound:PressTheAttack","Slimebound:GoopTackle"],"picked":"Slimebound:Schlurp","floor":3.0},{"not_picked":["Slimebound:LeechEnergy","Slimebound:Prepare","Slimebound:SlimeTap"],"picked":"SKIP","floor":4.0},{"not_picked":["Slimebound:Equalize","Slimebound:RollThrough"],"picked":"Slimebound:WasteNot","floor":8.0},{"not_picked":["Slimebound:SplitAcid","Slimebound:SlimeTap"],"picked":"Slimebound:SamplingLick","floor":9.0},{"not_picked":["Slimebound:BestDefense","Slimebound:LeadByExample"],"picked":"Slimebound:AcidTongue","floor":10.0},{"not_picked":["Slimebound:ViciousTackle","Slimebound:Prepare"],"picked":"Slimebound:Equalize","floor":11.0},{"not_picked":["Slimebound:Prepare","Slimebound:RollThrough"],"picked":"Slimebound:Gluttony","floor":12.0},{"not_picked":["Slimebound:Grow","Slimebound:SplitAcid"],"picked":"Slimebound:Recollect","floor":13.0},{"not_picked":["Slimebound:DivideAndConquer","Slimebound:SplitMire"],"picked":"Slimebound:GrowthPunch","floor":14.0},{"not_picked":["Slimebound:SplitBruiser","Slimebound:ComboTackle","Slimebound:DivideAndConquer"],"picked":"SKIP","floor":15.0},{"not_picked":["Slimebound:MassFeed","Slimebound:SlimeSlap"],"picked":"Slimebound:LeechLife","floor":16.0},{"not_picked":["Slimebound:PressTheAttack","Slimebound:SplitAcid"],"picked":"Slimebound:SplitSpecialist","floor":17.0},{"not_picked":["Slimebound:ForwardTackle+1","Slimebound:FormOfPuddle"],"picked":"Slimebound:SplitSpecialist","floor":19.0},{"not_picked":["Slimebound:LivingWall","Slimebound:ComboTackle+1"],"picked":"Slimebound:TongueLash","floor":20.0},{"not_picked":["Slimebound:LeechEnergy","Slimebound:DivideAndConquer"],"picked":"Slimebound:Gluttony","floor":21.0},{"not_picked":["Slimebound:LivingWall","Slimebound:ItLooksTasty+1"],"picked":"Slimebound:GrowthPunch+1","floor":22.0},{"not_picked":["Slimebound:RollThrough","Slimebound:Prepare"],"picked":"Slimebound:SamplingLick","floor":25.0},{"not_picked":["Slimebound:FormOfPuddle","Slimebound:LeechingTouch+1"],"picked":"Slimebound:GoopSpray+1","floor":27.0},{"not_picked":["Slimebound:CheckThePlaybook","Slimebound:ViciousTackle"],"picked":"Slimebound:SamplingLick","floor":30.0},{"not_picked":["Slimebound:LeechEnergy+1","Slimebound:SlimeTap"],"picked":"Slimebound:GoopSpray+1","floor":31.0},{"not_picked":["Slimebound:LeechEnergy","Slimebound:Prepare"],"picked":"Slimebound:SlimeSpikes","floor":32.0},{"not_picked":["Slimebound:MinionMaster","Slimebound:Darklings"],"picked":"Slimebound:SlimeSlap","floor":33.0},{"not_picked":["Slimebound:Chomp+1","Slimebound:SamplingLick+1"],"picked":"Slimebound:SlimeSpikes+1","floor":36.0},{"not_picked":["Slimebound:LevelUp","Slimebound:LeechEnergy"],"picked":"Slimebound:ProtectTheBoss","floor":37.0},{"not_picked":["Slimebound:LeechEnergy+1","Slimebound:Replication"],"picked":"Slimebound:Dissolve+1","floor":38.0},{"not_picked":["Slimebound:FinishingTackle+1","Slimebound:SlimeBarrage+1"],"picked":"Slimebound:Recollect","floor":39.0},{"not_picked":["Slimebound:SlimeBrawl+1","Slimebound:Prepare"],"picked":"Slimebound:RejuvenatingLick","floor":40.0},{"not_picked":["Slimebound:FormOfPuddle+1","Slimebound:SplitAcid"],"picked":"Slimebound:AcidTongue+1","floor":43.0},{"not_picked":["Slimebound:ItLooksTasty","Slimebound:HungryTackle"],"picked":"Slimebound:Grow+1","floor":45.0},{"not_picked":["Slimebound:LeechEnergy+1","Slimebound:TongueLash"],"picked":"Slimebound:SamplingLick+1","floor":46.0},{"not_picked":["Slimebound:FinishingTackle","Slimebound:Gluttony+1"],"picked":"Slimebound:LeadByExample","floor":48.0},{"not_picked":["Slimebound:FlameTackle+1","Slimebound:DivideAndConquer"],"picked":"Slimebound:GrowthPunch","floor":49}],"player_experience":226779,"relics_obtained":[{"floor":8.0,"key":"Tiny Chest"},{"floor":13.0,"key":"sneckomod:BlankCard"},{"floor":24.0,"key":"Happy Flower"},{"floor":29.0,"key":"Orichalcum"},{"floor":34.0,"key":"Omamori"},{"floor":34.0,"key":"Mercury Hourglass"},{"floor":34.0,"key":"FossilizedHelix"},{"floor":41.0,"key":"Boot"}],"event_choices":[{"damage_healed":0.0,"max_hp_gain":5.0,"max_hp_loss":0.0,"gold_gain":0.0,"event_name":"Big Fish","player_choice":"Donut","floor":5.0,"gold_loss":0.0,"damage_taken":0.0},{"damage_healed":0.0,"max_hp_gain":0.0,"max_hp_loss":0.0,"gold_gain":0.0,"event_name":"NoteForYourself","player_choice":"Ignored","floor":23.0,"gold_loss":0.0,"damage_taken":0.0}],"is_beta":false,"boss_relics":[{"not_picked":["bronze:MakeshiftBattery","Fusion Hammer"],"picked":"Tiny House"},{"not_picked":["Runic Pyramid","Velvet Choker"],"picked":"Calling Bell"}],"items_purged_floors":[20,39],"is_endless":false,"potions_floor_spawned":[3,9,10,11,13,14,16,19,25,30,33,36,40,43,48],"ascension_level":0}}