{"host":"skr63qsdfgeey3it","time":1611131965,"event":{"mods":["BaseMod","Colored Map","Hubris","Minty Spire (QoL Compilation)","Replay The Spire","Spicy Shops","StSLib"],"gold_per_floor":[109,109,26,26,26,26,41,74,74,74,74],"floor_reached":10,"language":"ENG","playtime":254,"items_purged":[],"score":86,"play_id":"ee145bac-ca1d-42dd-962e-2574f774f224","local_time":"20210120023925","is_ascension_mode":true,"campfire_choices":[{"data":"Replay:Parry","floor":6,"key":"SMITH"}],"circlet_count":0,"master_deck":["AscendersBane","Strike_G","Strike_G","Strike_G","Strike_G","Defend_G","Defend_G","Defend_G","Defend_G","Defend_G","Survivor","Neutralize","Dagger Throw","Replay:Parry+1","Cloak And Dagger","All Out Attack"],"relics":["Ring of Chaos","hubris:Towel","Golden Idol","Odd Mushroom","Pondfish Scales"],"acts_visited":["Exordium"],"potions_floor_usage":[10],"damage_taken":[{"damage":14,"enemies":"Small Slimes","floor":1,"turns":5},{"damage":4,"enemies":"2 Louse","floor":7,"turns":2},{"damage":25,"enemies":"The Mushroom Lair","floor":8,"turns":5},{"damage":39,"enemies":"Lagavulin","floor":10,"turns":6}],"seed_played":"-6089745579953613001","potions_obtained":[{"floor":8,"key":"Elixir"}],"is_trial":false,"path_per_floor":["M","?","$","?","?","R","M","?","T","E"],"character_chosen":"THE_SILENT","items_purchased":["Replay:Parry"],"campfire_rested":0,"item_purchase_floors":[3],"current_hp_per_floor":[49,49,49,49,49,49,45,20,20,0,0],"gold":74,"neow_bonus":"BOSS_RELIC","is_daily":false,"chose_seed":false,"campfire_upgraded":1,"win_rate":0.0,"timestamp":1611131965,"path_taken":["M","?","$","?","?","R","M","?","T","E"],"items_purchased_type":["Card"],"build_version":"2020-12-22","purchased_purges":0,"victory":false,"max_hp_per_floor":[70,70,70,65,65,65,65,65,65,65,65],"card_choices":[{"not_picked":["Bane","hubris:SlightOfHand"],"picked":"Dagger Throw","floor":1},{"not_picked":["Reflex","Dagger Spray","PiercingWail"],"picked":"SKIP","floor":7},{"not_picked":["Quick Slash","Cloak And Dagger"],"picked":"All Out Attack","floor":8}],"player_experience":774624,"relics_obtained":[{"floor":8,"key":"Odd Mushroom"},{"floor":9,"key":"Pondfish Scales"}],"event_choices":[{"damage_healed":0,"gold_gain":0,"player_choice":"Lose Max HP","damage_taken":0,"relics_obtained":["Golden Idol"],"max_hp_gain":0,"max_hp_loss":5,"event_name":"Golden Idol","floor":4,"gold_loss":0},{"damage_healed":0,"gold_gain":0,"cards_transformed":["Strike_G"],"player_choice":"Change","damage_taken":0,"max_hp_gain":0,"max_hp_loss":0,"event_name":"Living Wall","floor":5,"gold_loss":0,"cards_obtained":["Cloak And Dagger"]},{"damage_healed":0,"gold_gain":0,"player_choice":"Fought Mushrooms","damage_taken":0,"max_hp_gain":0,"max_hp_loss":0,"event_name":"Mushrooms","floor":8,"gold_loss":0}],"is_beta":false,"boss_relics":[],"items_purged_floors":[],"is_endless":false,"potions_floor_spawned":[8],"killed_by":"Lagavulin","ascension_level":12}}