{"host":"u9h06qdlnp3wgzsw","time":1611185718,"event":{"mods":["Act Like it!","BaseMod","Curses Come First","Downfall","Hallownest","Hermit","Minty Spire (QoL Compilation)","Quick Restart","Rare Cards Sparkle","Shop Mod","StSLib","The Disciple","The Hierophant","The Servant 0.9.4"],"gold_per_floor":[119,119,134,156,156,156,156,156,156,64,101,138,193,219,219,361,361,392,392,218,218,218,273,243,243],"floor_reached":24,"language":"ENG","playtime":1793,"items_purged":["downfall:Bewildered"],"score":214,"play_id":"9a4a64d6-297d-4f4e-948b-cea1b2948b62","local_time":"20210120183518","is_ascension_mode":false,"campfire_choices":[{"floor":6,"key":"REST"},{"data":"LockedWarPaint","floor":8,"key":"SMITH"},{"floor":15,"key":"REST"}],"circlet_count":0,"master_deck":["Strike_Br","Strike_Br","Strike_Br","Defend_Br","Defend_Br","Defend_Br","Defend_Br","SecondHand","PatternShift","LockedMercury","LockedMawBank","LockedWarPaint+1","LockedBlood","TiringSlam","BlueShift","WindUp","LockedMedicine","ResonantCall","HandsUpC","MasterKey","PrimeTime","HandsUpC","OracleForm","LockedScales+1"],"relics":["Chronometer","Golden Idol","Darkstone Periapt","Paper Turtyl","Metronome","sneckomod:BabySnecko","MutagenicStrength","Eternal Feather"],"acts_visited":["Exordium","TheCity"],"potions_floor_usage":[3,13,13,13,16,18,23,23,24],"damage_taken":[{"damage":0,"enemies":"2 Louse","floor":1,"turns":3},{"damage":0,"enemies":"Cultist","floor":3,"turns":3},{"damage":0,"enemies":"Small Slimes","floor":4,"turns":4},{"damage":2,"enemies":"Blue Slaver","floor":11,"turns":6},{"damage":0,"enemies":"Exordium Thugs","floor":12,"turns":7},{"damage":37,"enemies":"Lagavulin","floor":13,"turns":7},{"damage":18,"enemies":"Gremlin Gang","floor":14,"turns":7},{"damage":24,"enemies":"Slime Boss","floor":16,"turns":12},{"damage":6,"enemies":"3 Byrds","floor":18,"turns":6},{"damage":57,"enemies":"Book of Stabbing","floor":23,"turns":8},{"damage":20,"enemies":"2 Thieves","floor":24,"turns":1}],"seed_played":"-3115287016369991053","potions_obtained":[{"floor":0,"key":"SteroidPotion"},{"floor":0,"key":"DistilledChaos"},{"floor":0,"key":"SteroidPotion"},{"floor":12,"key":"GamblersBrew"},{"floor":13,"key":"HastePotion"},{"floor":14,"key":"HastePotion"},{"floor":16,"key":"WardPotion"},{"floor":23,"key":"Strength Potion"}],"is_trial":false,"path_per_floor":["M","?","M","M","?","R","?","R","T","$","M","M","E","M","R","B",null,"M","?","$","?","?","E","M"],"character_chosen":"CHRONO_CLASS","items_purchased":["TiringSlam","BlueShift","HandsUpC","Block Potion"],"campfire_rested":2,"item_purchase_floors":[10,10,20,20],"current_hp_per_floor":[65,65,65,65,49,65,65,65,65,65,65,65,30,18,37,19,65,59,65,65,65,65,14,0,0],"gold":243,"neow_bonus":"THREE_SMALL_POTIONS","is_daily":false,"chose_seed":false,"campfire_upgraded":1,"win_rate":0.0,"timestamp":1611185718,"path_taken":["M","?","?","M","?","R","?","R","T","$","?","?","E","M","R","BOSS","M","?","$","?","?","E","?"],"items_purchased_type":["Card","Card","Card","Potion"],"build_version":"2020-12-22","purchased_purges":1,"victory":false,"max_hp_per_floor":[65,65,65,65,65,65,65,65,65,65,65,65,65,65,65,65,65,65,71,71,71,71,71,71,71],"card_choices":[{"not_picked":["PrimeTime","LockedThread"],"picked":"LockedMercury","floor":1},{"not_picked":["LockedPlans","BiteCommand"],"picked":"LockedMawBank","floor":3},{"not_picked":["Tempo","Parity"],"picked":"LockedWarPaint","floor":4},{"not_picked":["LockedMawBank","LockedAstrolabe"],"picked":"WindUp","floor":11},{"not_picked":["LockedWhetstone","PrimeTime"],"picked":"LockedMedicine","floor":12},{"not_picked":["BeatsPerMinute","LockedMedicine"],"picked":"ResonantCall","floor":13},{"not_picked":["Backlash","Stagnate"],"picked":"HandsUpC","floor":14},{"not_picked":["Fragmentalize","Chronoelasticity"],"picked":"MasterKey","floor":16},{"not_picked":["Echoward","Parity"],"picked":"PrimeTime","floor":18},{"not_picked":["Tempo","PrimeTime"],"picked":"LockedScales+1","floor":23}],"player_experience":840978,"relics_obtained":[{"floor":9,"key":"Darkstone Periapt"},{"floor":13,"key":"Paper Turtyl"},{"floor":23,"key":"Eternal Feather"}],"event_choices":[{"damage_healed":0,"gold_gain":0,"player_choice":"Full Heal","damage_taken":0,"max_hp_gain":0,"max_hp_loss":0,"event_name":"Wheel of Change","floor":2,"gold_loss":0},{"damage_healed":0,"gold_gain":0,"player_choice":"Take Damage","damage_taken":16,"relics_obtained":["Golden Idol"],"max_hp_gain":0,"max_hp_loss":0,"event_name":"Golden Idol","floor":5,"gold_loss":0},{"damage_healed":0,"gold_gain":0,"cards_transformed":["Strike_Br"],"player_choice":"Transformed","damage_taken":0,"max_hp_gain":0,"max_hp_loss":0,"event_name":"Transmorgrifier","floor":7,"gold_loss":0,"cards_obtained":["LockedBlood"]},{"damage_healed":0,"gold_gain":0,"player_choice":"Inject Mutagens","damage_taken":0,"relics_obtained":["MutagenicStrength"],"max_hp_gain":0,"max_hp_loss":0,"event_name":"Drug Dealer","floor":21,"gold_loss":0},{"damage_healed":0,"gold_gain":0,"player_choice":"1 cards matched","damage_taken":0,"max_hp_gain":0,"max_hp_loss":0,"event_name":"Match and Keep!","floor":22,"gold_loss":0,"cards_obtained":["OracleForm"]}],"is_beta":false,"boss_relics":[{"not_picked":["Busted Crown","Empty Cage"],"picked":"Metronome"}],"items_purged_floors":[20],"is_endless":false,"potions_floor_spawned":[12,13,14,16,23],"killed_by":"2 Thieves","ascension_level":0}}