{"host":"dp53qwza86gz1sj5","time":1611176351,"event":{"mods":["AchievementEnabler","AlwaysNeverKeys","BaseMod","Best Route Mod","Better Skull","BetterRewards","Block Reminder","Colored Map","Colored Powertips","Hermit","Highlight Path","Minty Spire (QoL Compilation)","Practice Mode","Quick Restart","Relic Stats","Shop Mod","StSLib","SuperFastMode","Waifu the Spire"],"gold_per_floor":[114,114,114,189,364,364,364],"floor_reached":6,"language":"ENG","playtime":275,"items_purged":[],"score":32,"play_id":"f9c5e6bb-a59a-40d3-90e4-2e401ebfca99","local_time":"20210120215911","is_ascension_mode":false,"campfire_choices":[],"circlet_count":0,"master_deck":["Strike_R","Strike_R","Strike_R","Defend_R","Defend_R","Defend_R","Defend_R","Bash","Iron Wave","Doubt"],"relics":["Burning Blood","Golden Idol"],"acts_visited":["Exordium"],"potions_floor_usage":[],"damage_taken":[{"damage":4,"enemies":"Jaw Worm","floor":1,"turns":6},{"damage":44,"enemies":"Lagavulin","floor":6,"turns":8}],"seed_played":"6911370734029735216","potions_obtained":[],"is_trial":false,"path_per_floor":["M","?","?","?","?","E"],"character_chosen":"IRONCLAD","items_purchased":[],"campfire_rested":0,"item_purchase_floors":[],"current_hp_per_floor":[80,60,53,42,42,0,0],"gold":364,"neow_bonus":"REMOVE_CARD","is_daily":false,"chose_seed":false,"campfire_upgraded":0,"win_rate":0.0,"timestamp":1611176351,"path_taken":["M","?","?","?","?","E"],"items_purchased_type":[],"build_version":"2020-12-22","purchased_purges":0,"victory":false,"max_hp_per_floor":[80,80,80,80,80,80,80],"relic_stats":{"counters":[2,14],"Golden Idol":0,"obtain_stats":[{"Golden Idol":2,"Burning Blood":0},{"Golden Idol":1,"Burning Blood":0},{"Golden Idol":6,"Burning Blood":0}],"Burning Blood":4},"card_choices":[{"not_picked":["True Grit","Bloodletting"],"picked":"Iron Wave","floor":1}],"player_experience":102927,"relics_obtained":[],"event_choices":[{"damage_healed":0,"gold_gain":0,"player_choice":"Take Damage","damage_taken":20,"relics_obtained":["Golden Idol"],"max_hp_gain":0,"max_hp_loss":0,"event_name":"Golden Idol","floor":2,"gold_loss":0},{"cards_removed":["Strike_R"],"damage_healed":0,"gold_gain":0,"player_choice":"Card Removal","damage_taken":7,"max_hp_gain":0,"max_hp_loss":0,"event_name":"Golden Wing","floor":3,"gold_loss":0},{"damage_healed":0,"gold_gain":75,"player_choice":"Gather Gold","damage_taken":11,"max_hp_gain":0,"max_hp_loss":0,"event_name":"World of Goop","floor":4,"gold_loss":0},{"damage_healed":0,"gold_gain":175,"player_choice":"AGREE","damage_taken":0,"max_hp_gain":0,"max_hp_loss":0,"event_name":"Liars Game","floor":5,"gold_loss":0,"cards_obtained":["Doubt"]}],"is_beta":false,"boss_relics":[],"items_purged_floors":[],"is_endless":false,"potions_floor_spawned":[],"killed_by":"Lagavulin","ascension_level":0}}