{"host":"haq22x9zdvtvc76a","time":1611185606,"event":{"mods":["BaseMod","Downfall","Minty Spire (QoL Compilation)","StSLib"],"gold_per_floor":[99,99,99,24,24,24,24,44,56,76,105,121,154,154,167,266,266,66,81,96,44,44,44,97,109,140,37,37,68,68,78,88,185,185,185,198,198,198,198,209,233,111,122,122,122,122],"floor_reached":44,"language":"ENG","playtime":3245,"items_purged":["hexamod:Strike","Normality","hexamod:FourthSeal"],"score":576,"play_id":"66999c8c-a9ed-408c-bd0a-9591016689b7","local_time":"20210120183326","is_ascension_mode":true,"campfire_choices":[{"floor":1,"key":"RECALL"},{"data":"hexamod:SuperheatedStrike","floor":6,"key":"SMITH"},{"data":"hexamod:Rewind","floor":18,"key":"SMITH"},{"data":"hexamod:GhostOfSpirePast","floor":25,"key":"SMITH"},{"data":"hexamod:PowerFromBeyond","floor":28,"key":"SMITH"},{"data":"hexamod:PowerFromBeyond","floor":30,"key":"SMITH"},{"data":"hexamod:GiftsFromTheDead","floor":35,"key":"SMITH"}],"circlet_count":0,"master_deck":["hexamod:Float","hexamod:GhostLash","hexamod:SuperheatedStrike+1","hexamod:GhostLash","hexamod:SuperheatedStrike","hexamod:RetreatToShadows","hexamod:Rewind+1","hexamod:GhostShield","hexamod:TimeWarp","hexamod:ApocalypseNow","hexamod:PowerFromBeyond+1","hexamod:EtherealExpedition+1","hexamod:SuperheatedStrike+1","hexamod:GhostOfSpirePast+1","hexamod:PowerFromBeyond+1","hexamod:Hexaguard","hexamod:Hexaguard","hexamod:Rewind","hexamod:GhostOfSpirePast","hexamod:GiftsFromTheDead+1","hexamod:ExtraCrispy+1","hexamod:Incineration+1","hexamod:Rewind+1","hexamod:GhostOfSpirePast+1","expansioncontent:Hexaburn"],"relics":["hexamod:SpiritBrand","downfall:HeartsMalice","Question Card","Gambling Chip","Calipers","Coffee Dripper","downfall:HeartBlessingRed","downfall:HeartBlessingGreen","MawBank","Art of War","Astrolabe","Centennial Puzzle","hexamod:InflammatoryLetter"],"acts_visited":["Exordium","TheCity","TheBeyond"],"potions_floor_usage":[13,15,29,33,43],"damage_taken":[{"damage":0,"enemies":"Jaw Worm","floor":2,"turns":1},{"damage":0,"enemies":"2 Louse","floor":3,"turns":1},{"damage":0,"enemies":"downfall:FleeingMerchant","floor":4,"turns":1},{"damage":0,"enemies":"Cultist","floor":8,"turns":2},{"damage":0,"enemies":"Large Slime","floor":9,"turns":4},{"damage":3,"enemies":"Blue Slaver","floor":10,"turns":2},{"damage":10,"enemies":"Lagavulin","floor":11,"turns":5},{"damage":2,"enemies":"3 Louse","floor":12,"turns":2},{"damage":2,"enemies":"Gremlin Nob","floor":13,"turns":3},{"damage":13,"enemies":"Exordium Thugs","floor":15,"turns":3},{"damage":30,"enemies":"WA_ARCHETYPE_RETAIN","floor":16,"turns":7},{"damage":0,"enemies":"Spheric Guardian","floor":19,"turns":3},{"damage":3,"enemies":"3 Cultists","floor":20,"turns":4},{"damage":0,"enemies":"downfall:FleeingMerchant","floor":21,"turns":4},{"damage":1,"enemies":"Snecko","floor":26,"turns":3},{"damage":0,"enemies":"downfall:FleeingMerchant","floor":27,"turns":4},{"damage":0,"enemies":"Book of Stabbing","floor":29,"turns":3},{"damage":0,"enemies":"Centurion and Healer","floor":31,"turns":3},{"damage":0,"enemies":"Cultist and Chosen","floor":32,"turns":3},{"damage":15,"enemies":"SI_MIRROR_ARCHETYPE","floor":33,"turns":6},{"damage":14,"enemies":"3 Shapes","floor":36,"turns":4},{"damage":20,"enemies":"Orb Walker","floor":40,"turns":3},{"damage":7,"enemies":"downfall:FleeingMerchant","floor":42,"turns":3},{"damage":0,"enemies":"Spire Growth","floor":43,"turns":3},{"damage":22,"enemies":"Jaw Worm Horde","floor":44,"turns":1}],"seed_played":"8004670483411435287","potions_obtained":[{"floor":9,"key":"Strength Potion"},{"floor":10,"key":"CultistPotion"},{"floor":12,"key":"FearPotion"},{"floor":13,"key":"Ancient Potion"},{"floor":15,"key":"FearPotion"},{"floor":16,"key":"champ:CounterPotion"},{"floor":29,"key":"BlessingOfTheForge"},{"floor":32,"key":"PowerPotion"},{"floor":33,"key":"sneckomod:MuddlingPotion"},{"floor":40,"key":"hexamod:SoulburnPotion"}],"is_trial":false,"path_per_floor":["R","M","M","$","?","R","T","M","M","M","E","M","E","?","M","B",null,"R","M","M","$","?","?","T","R","M","$","R","E","R","M","M","B",null,"R","M","?","?","?","M","T","$","M","M"],"character_chosen":"THE_SPIRIT","items_purchased":["hexamod:GhostOfSpirePast","hexamod:InflammatoryLetter","expansioncontent:Hexaburn"],"campfire_rested":0,"item_purchase_floors":[21,42,42],"current_hp_per_floor":[70,70,70,70,70,70,70,70,70,67,57,55,53,53,40,10,55,55,55,52,52,52,52,52,52,51,51,51,51,51,51,51,36,62,62,48,48,48,48,28,28,21,21,0,0,0],"gold":122,"neow_bonus":"THREE_ENEMY_KILL","is_daily":false,"chose_seed":false,"campfire_upgraded":6,"win_rate":0.0,"timestamp":1611185606,"path_taken":["R","M","M","$","?","R","T","M","M","M","E","M","E","?","M","BOSS","R","M","M","$","?","?","T","R","M","$","R","E","R","M","M","BOSS","R","M","?","?","?","?","T","?","M","M"],"items_purchased_type":["Card","Relic","Card"],"build_version":"2020-12-22","purchased_purges":3,"victory":false,"max_hp_per_floor":[70,70,70,70,70,70,70,70,70,70,70,70,70,70,70,70,70,70,70,70,70,70,70,70,70,70,70,70,70,70,70,70,70,70,70,70,70,70,70,70,70,70,70,70,70,70],"card_choices":[{"not_picked":["hexamod:InspiringFlames","hexamod:Firestarter"],"picked":"hexamod:GhostLash","floor":2},{"not_picked":["hexamod:InspiringFlames","hexamod:SwordOfDarkness"],"picked":"hexamod:SuperheatedStrike","floor":3},{"not_picked":["hexamod:ShieldOfDarkness","hexamod:Incineration"],"picked":"hexamod:GhostLash","floor":4},{"not_picked":["hexamod:NecessarySacrifice","hexamod:RetreatToShadows","hexamod:AdvancingGuard"],"picked":"hexamod:SuperheatedStrike","floor":8},{"not_picked":["hexamod:GhostflameBarrier","hexamod:HauntingEcho","hexamod:NightmareStrike"],"picked":"hexamod:RetreatToShadows","floor":9},{"not_picked":["hexamod:PhantomCloak","hexamod:ThirdSeal","hexamod:SpectersWail"],"picked":"hexamod:Rewind","floor":10},{"not_picked":["hexamod:SwordOfDarkness","hexamod:RadiantFlame","hexamod:RainOfEmbers"],"picked":"hexamod:GhostShield","floor":11},{"not_picked":["hexamod:SpectralAdrenaline","hexamod:BacktrackSmack","hexamod:Rewind","hexamod:SwordOfDarkness"],"picked":"SKIP","floor":12},{"not_picked":["hexamod:Haunt","hexamod:Rewind","hexamod:Firestarter"],"picked":"hexamod:TimeWarp","floor":13},{"not_picked":["hexamod:SoulSteal","hexamod:InspiringFlames","hexamod:FirstSeal","hexamod:RadiantFlame"],"picked":"SKIP","floor":15},{"not_picked":["hexamod:VolcanoVisage","hexamod:SearingWound","hexamod:TimeOfNeed"],"picked":"hexamod:ApocalypseNow","floor":16},{"not_picked":["hexamod:AdvancingGuard+1","hexamod:HauntingEcho+1","hexamod:HeatMetal"],"picked":"hexamod:PowerFromBeyond","floor":19},{"not_picked":["hexamod:FirstSeal","hexamod:StepThrough+1","hexamod:SpectersWail"],"picked":"hexamod:EtherealExpedition+1","floor":20},{"not_picked":["hexamod:SkipABeat","hexamod:NightmareGuise+1","hexamod:ShieldOfDarkness"],"picked":"hexamod:SuperheatedStrike+1","floor":21},{"not_picked":["hexamod:FourthSeal","hexamod:HauntingEcho","hexamod:Haunt+1"],"picked":"hexamod:Hexaguard","floor":26},{"not_picked":["hexamod:SpectersWail","hexamod:GhostLash","hexamod:GhostShield"],"picked":"hexamod:Hexaguard","floor":27},{"not_picked":["hexamod:BurningTouch","hexamod:ShieldOfDarkness+1","hexamod:ThermalTransfer","hexamod:Incineration"],"picked":"SKIP","floor":29},{"not_picked":["hexamod:ThirdSeal","hexamod:DynamicBlow","hexamod:SuperheatedStrike"],"picked":"hexamod:Rewind","floor":31},{"not_picked":["hexamod:CatchUp","hexamod:ExtraCrispy","hexamod:BacktrackSmack"],"picked":"hexamod:GhostOfSpirePast","floor":32},{"not_picked":["hexamod:FlameSwitch","hexamod:VolcanoVisage","hexamod:ParanormalForm"],"picked":"hexamod:GiftsFromTheDead","floor":33},{"not_picked":["hexamod:Hexaguard","hexamod:RainOfEmbers+1","hexamod:GhostflameBarrier+1","hexamod:DynamicBlow"],"picked":"SKIP","floor":36},{"not_picked":["hexamod:GhostShield","hexamod:ShieldOfDarkness+1","hexamod:Firestarter"],"picked":"hexamod:Rewind+1","floor":40},{"not_picked":["hexamod:SpectersWail","hexamod:HeatMetal+1","hexamod:GhostLash+1"],"picked":"hexamod:GhostOfSpirePast+1","floor":42},{"not_picked":["hexamod:PhantomFireball+1","hexamod:ShieldOfDarkness","hexamod:BurningTouch+1","hexamod:SuperheatedStrike"],"picked":"SKIP","floor":43}],"player_experience":1611440,"relics_obtained":[{"floor":7,"key":"Question Card"},{"floor":11,"key":"Gambling Chip"},{"floor":13,"key":"Calipers"},{"floor":24,"key":"MawBank"},{"floor":29,"key":"Art of War"},{"floor":41,"key":"Centennial Puzzle"}],"event_choices":[{"cards_removed":["hexamod:Strike"],"damage_healed":0,"gold_gain":0,"player_choice":"Card Removal","damage_taken":0,"max_hp_gain":0,"max_hp_loss":0,"event_name":"The Cleric","floor":5,"gold_loss":0},{"damage_healed":0,"gold_gain":0,"player_choice":"Read","damage_taken":0,"max_hp_gain":0,"max_hp_loss":0,"event_name":"The Library","floor":22,"gold_loss":0,"cards_obtained":["hexamod:PowerFromBeyond"]}],"is_beta":false,"boss_relics":[{"not_picked":["Cursed Key","Tiny House"],"picked":"Coffee Dripper"},{"not_picked":["sneckomod:SneckoTalon","Runic Pyramid"],"picked":"Astrolabe"}],"items_purged_floors":[4,27,42],"is_endless":false,"potions_floor_spawned":[9,10,12,13,15,16,20,29,32,33,36],"killed_by":"Jaw Worm Horde","ascension_level":5}}