{"host":"sa4ahr18fk2zb79f","time":1611141350,"event":{"mods":["AchievementEnabler","BaseMod","Colored Map","Colored Powertips","Highlight Path","Minty Spire (QoL Compilation)","Permanent Neow","Quick Restart","Rare Cards Sparkle","Relic Sorter"],"gold_per_floor":[119,132,144,160,160,186,205,205,205,224,224,251,251,280,280,379,379,393,410,80,92,106,131,144,144,167,167,200,200,227,242,242,338,338,350,350,350,367,378,378,233,233,233,251,264,298,298,310,310,310,310,310,60,89,89],"floor_reached":56,"language":"ENG","playtime":12736,"items_purged":[],"score":1216,"play_id":"c2cece2b-5d00-4da3-a279-5cdf0a56e910","local_time":"20210120121550","is_ascension_mode":false,"campfire_choices":[{"data":"Seeing Red","floor":11.0,"key":"SMITH"},{"data":"Bludgeon","floor":13.0,"key":"SMITH"},{"data":"Fire Breathing","floor":15.0,"key":"SMITH"},{"data":"Metallicize","floor":25.0,"key":"SMITH"},{"data":"Evolve","floor":27.0,"key":"SMITH"},{"floor":32.0,"key":"REST"},{"data":"Burning Pact","floor":40,"key":"SMITH"},{"data":"Metallicize","floor":42,"key":"SMITH"},{"floor":47,"key":"RECALL"},{"data":"Feel No Pain","floor":49,"key":"SMITH"},{"data":"Rupture","floor":52,"key":"SMITH"}],"circlet_count":0,"master_deck":["Strike_R+1","Strike_R+1","Strike_R+1","Strike_R+1","Defend_R+1","Defend_R+1","Defend_R+1","Defend_R+1","Bash","Hemokinesis","Rupture+1","Fire Breathing+1","Seeing Red+1","Burning Pact+1","Wild Strike","Headbutt","Bludgeon+1","Bloodletting+1","Immolate","Feel No Pain+1","Metallicize+1","Evolve+1","Shrug It Off+1","Rupture","Regret","Dark Embrace","Dark Embrace","Flame Barrier+1","Reaper","Rage+1","Madness+1","Madness+1","Exhume+1","Power Through+1","Metallicize+1","Shrug It Off+1","True Grit+1","Doubt","Wild Strike+1","Warcry+1","Disarm+1","Offering+1","Master of Strategy+1","True Grit+1"],"relics":["Burning Blood","Pocketwatch","Mercury Hourglass","Regal Pillow","Shuriken","Bird Faced Urn","Toxic Egg 2","Cursed Key","Blue Candle","Pear","Red Mask","Pantograph","Sozu","Letter Opener","Molten Egg 2","Bag of Marbles"],"acts_visited":["Exordium","TheCity","TheBeyond","TheEnding"],"potions_floor_usage":[55,55],"damage_taken":[{"damage":5.0,"enemies":"Small Slimes","floor":1.0,"turns":3.0},{"damage":8.0,"enemies":"Cultist","floor":2.0,"turns":3.0},{"damage":7.0,"enemies":"2 Louse","floor":3.0,"turns":3.0},{"damage":2.0,"enemies":"Exordium Wildlife","floor":4.0,"turns":3.0},{"damage":14.0,"enemies":"3 Sentries","floor":6.0,"turns":5.0},{"damage":2.0,"enemies":"Gremlin Gang","floor":7.0,"turns":4.0},{"damage":1.0,"enemies":"2 Fungi Beasts","floor":10.0,"turns":3.0},{"damage":13.0,"enemies":"Lagavulin","floor":12.0,"turns":6.0},{"damage":17.0,"enemies":"3 Sentries","floor":14.0,"turns":4.0},{"damage":40.0,"enemies":"The Guardian","floor":16.0,"turns":6.0},{"damage":8.0,"enemies":"Spheric Guardian","floor":18.0,"turns":3.0},{"damage":5.0,"enemies":"Shell Parasite","floor":19.0,"turns":3.0},{"damage":2.0,"enemies":"Snecko","floor":21.0,"turns":3.0},{"damage":16.0,"enemies":"Snake Plant","floor":22.0,"turns":2.0},{"damage":45.0,"enemies":"Book of Stabbing","floor":23.0,"turns":6.0},{"damage":0.0,"enemies":"Cultist and Chosen","floor":24.0,"turns":4.0},{"damage":20.0,"enemies":"Masked Bandits","floor":28.0,"turns":6.0},{"damage":56.0,"enemies":"Gremlin Leader","floor":30.0,"turns":3.0},{"damage":17.0,"enemies":"Snecko","floor":31.0,"turns":6.0},{"damage":27.0,"enemies":"Champ","floor":33.0,"turns":10.0},{"damage":29,"enemies":"3 Darklings","floor":35,"turns":5},{"damage":16,"enemies":"3 Shapes","floor":38,"turns":5},{"damage":36,"enemies":"Sphere and 2 Shapes","floor":39,"turns":6},{"damage":3,"enemies":"Jaw Worm Horde","floor":44,"turns":4},{"damage":34,"enemies":"Maw","floor":45,"turns":9},{"damage":37,"enemies":"Reptomancer","floor":46,"turns":7},{"damage":0,"enemies":"4 Shapes","floor":48,"turns":5},{"damage":30,"enemies":"Donu and Deca","floor":50,"turns":7},{"damage":38,"enemies":"Shield and Spear","floor":54,"turns":6},{"damage":62,"enemies":"The Heart","floor":55,"turns":8}],"seed_played":"583449897761084250","potions_obtained":[{"floor":1.0,"key":"Strength Potion"},{"floor":6.0,"key":"SkillPotion"},{"floor":7.0,"key":"Block Potion"},{"floor":10.0,"key":"Energy Potion"},{"floor":14.0,"key":"Regen Potion"},{"floor":16.0,"key":"SpeedPotion"},{"floor":19.0,"key":"LiquidMemories"},{"floor":21.0,"key":"AttackPotion"},{"floor":23.0,"key":"Block Potion"},{"floor":30.0,"key":"SteroidPotion"},{"floor":33.0,"key":"Energy Potion"}],"is_trial":false,"path_per_floor":["M","M","M","M","?","E","M","?","T","M","R","E","R","E","R","B",null,"M","M","$","M","M","E","M","R","T","R","?","?","E","M","R","B",null,"M","?","?","M","M","R","$","R","T","M","M","E","R","M","R","B",null,"R","$","E","B",null],"character_chosen":"IRONCLAD","items_purchased":["Evolve","Blue Candle","Metallicize","Shrug It Off+1","True Grit+1","Offering+1","Master of Strategy+1"],"campfire_rested":1,"item_purchase_floors":[20,20,41,41,41,53,53],"current_hp_per_floor":[80,78,77,80,80,72,76,76,76,80,80,73,73,66,66,36,80,78,79,79,80,72,55,71,71,71,71,69,69,25,30,72,76,90,79,68,68,77,61,61,61,61,61,76,71,58,58,80,80,80,90,90,90,72,73],"gold":89,"neow_bonus":"ONE_RARE_RELIC","is_daily":false,"chose_seed":false,"campfire_upgraded":9,"win_rate":0.0,"timestamp":1611141350,"path_taken":["M","M","M","M","?","E","M","?","T","?","R","E","R","E","R","BOSS","M","M","$","M","M","E","M","R","T","R","?","?","E","M","R","BOSS","M","?","?","M","M","R","$","R","T","M","M","E","R","M","R","BOSS","R","$","E","BOSS"],"items_purchased_type":["Card","Relic","Card","Card","Card","Card","Card"],"build_version":"2020-12-22","purchased_purges":0,"victory":true,"max_hp_per_floor":[80,80,80,80,80,80,80,80,80,80,80,80,80,80,80,80,80,80,80,80,80,80,90,90,90,90,90,90,90,90,90,90,90,90,90,90,90,90,90,90,90,90,90,90,90,90,90,90,90,90,90,90,90,90,90],"card_choices":[{"not_picked":["Heavy Blade","Cleave"],"picked":"Hemokinesis","floor":1.0},{"not_picked":["Perfected Strike","Carnage"],"picked":"Rupture","floor":2.0},{"not_picked":["Feel No Pain","Carnage"],"picked":"Fire Breathing","floor":3.0},{"not_picked":["Body Slam","Perfected Strike"],"picked":"Seeing Red","floor":4.0},{"not_picked":["Anger","Entrench"],"picked":"Burning Pact","floor":6.0},{"not_picked":["Shockwave","Iron Wave"],"picked":"Wild Strike","floor":7.0},{"not_picked":["Clash","Havoc"],"picked":"Headbutt","floor":10.0},{"not_picked":["Armaments","Sword Boomerang"],"picked":"Bludgeon","floor":12.0},{"not_picked":["Warcry+1","Shrug It Off+1"],"picked":"Bloodletting+1","floor":14.0},{"not_picked":["Impervious+1","Feed"],"picked":"Immolate","floor":16.0},{"not_picked":["Body Slam","Twin Strike"],"picked":"Feel No Pain","floor":18.0},{"not_picked":["Clothesline","Pommel Strike"],"picked":"Metallicize","floor":19.0},{"not_picked":["Clash+1","Twin Strike"],"picked":"Shrug It Off+1","floor":21.0},{"not_picked":["Wild Strike","Cleave"],"picked":"Rupture","floor":22.0},{"not_picked":["Headbutt","Clash+1","Cleave+1"],"picked":"SKIP","floor":23.0},{"not_picked":["Thunderclap+1","Pommel Strike","Body Slam"],"picked":"SKIP","floor":24.0},{"not_picked":["Heavy Blade","Entrench+1"],"picked":"Dark Embrace","floor":28.0},{"not_picked":["Body Slam","Warcry+1"],"picked":"Dark Embrace","floor":30.0},{"not_picked":["Pommel Strike","Blood for Blood"],"picked":"Flame Barrier+1","floor":31.0},{"not_picked":["Immolate","Corruption"],"picked":"Reaper","floor":33.0},{"not_picked":["Dropkick","Body Slam+1"],"picked":"Rage+1","floor":35},{"not_picked":["Sever Soul+1","Cleave","Blood for Blood+1"],"picked":"SKIP","floor":38},{"not_picked":["Shrug It Off+1","Thunderclap"],"picked":"Power Through+1","floor":39},{"not_picked":["Shrug It Off+1","Anger"],"picked":"Wild Strike+1","floor":44},{"not_picked":["Intimidate+1","Clash"],"picked":"Warcry+1","floor":45},{"not_picked":["Havoc+1","Dropkick+1"],"picked":"Disarm+1","floor":46},{"not_picked":["Searing Blow+1","Thunderclap+1","Clothesline+1"],"picked":"SKIP","floor":48},{"not_picked":["Hemokinesis+1","Warcry+1"],"picked":"True Grit+1","floor":54}],"player_experience":420976,"relics_obtained":[{"floor":6.0,"key":"Mercury Hourglass"},{"floor":9.0,"key":"Shuriken"},{"floor":12.0,"key":"Bird Faced Urn"},{"floor":14.0,"key":"Toxic Egg 2"},{"floor":23.0,"key":"Pear"},{"floor":28.0,"key":"Red Mask"},{"floor":30.0,"key":"Pantograph"},{"floor":43,"key":"Letter Opener"},{"floor":46,"key":"Molten Egg 2"},{"floor":54,"key":"Bag of Marbles"}],"event_choices":[{"cards_removed":["Writhe"],"damage_healed":0.0,"max_hp_gain":0.0,"max_hp_loss":0.0,"gold_gain":0.0,"event_name":"Living Wall","player_choice":"Forget","floor":5.0,"gold_loss":0.0,"damage_taken":0.0},{"damage_healed":0.0,"max_hp_gain":0.0,"max_hp_loss":0.0,"gold_gain":0.0,"event_name":"WeMeetAgain","player_choice":"Gave Potion","floor":8.0,"gold_loss":0.0,"damage_taken":0.0,"relics_obtained":["Regal Pillow"]},{"damage_healed":0.0,"max_hp_gain":0.0,"max_hp_loss":0.0,"gold_gain":0.0,"event_name":"Masked Bandits","player_choice":"Fought Bandits","floor":28.0,"gold_loss":0.0,"damage_taken":0.0},{"damage_healed":0.0,"max_hp_gain":0.0,"max_hp_loss":0.0,"gold_gain":0.0,"event_name":"Back to Basics","player_choice":"Simplicity","floor":29.0,"gold_loss":0.0,"damage_taken":0.0,"cards_upgraded":["Strike_R","Strike_R","Strike_R","Strike_R","Strike_R","Defend_R","Defend_R","Defend_R","Defend_R"]},{"damage_healed":0,"gold_gain":0,"player_choice":"Embrace Madness","damage_taken":11,"max_hp_gain":0,"max_hp_loss":0,"event_name":"Winding Halls","floor":36,"gold_loss":0,"cards_obtained":["Madness","Madness"]},{"damage_healed":0,"gold_gain":0,"cards_transformed":["Strike_R"],"player_choice":"Transformed","damage_taken":0,"max_hp_gain":0,"max_hp_loss":0,"event_name":"Transmorgrifier","floor":37,"gold_loss":0,"cards_obtained":["Exhume"]}],"is_beta":false,"boss_relics":[{"not_picked":["Philosopher\u0027s Stone","Black Star"],"picked":"Cursed Key"},{"not_picked":["SacredBark","Snecko Eye"],"picked":"Sozu"}],"items_purged_floors":[],"is_endless":false,"potions_floor_spawned":[1,6,7,10,14,16,19,21,23,30,33,44,46,48,54],"ascension_level":0}}