{"host":"t4313i2190y6fz3q","time":1611106643,"event":{"mods":["2.2 Compatiblity","AchievementEnabler","Act Like it!","BaseMod","Colored Powertips","Downfall","Highlight Path","Minty Spire (QoL Compilation)","Permanent Neow","Quick Restart","Rare Cards Sparkle","StSLib"],"gold_per_floor":[113,127,142,161,161,191,191,266,292,136,136,151,151,151,151,247,247,310,310,310,310,58,58,76,92,92,113,113,156,156,156],"floor_reached":30,"language":"ENG","playtime":861,"items_purged":[],"score":517,"play_id":"d669292a-4d53-41d9-b521-ae8198db5416","local_time":"20210119173723","is_ascension_mode":true,"campfire_choices":[{"data":"Hemokinesis","floor":7.0,"key":"SMITH"},{"data":"Bash","floor":11.0,"key":"SMITH"},{"data":"Sword Boomerang","floor":15.0,"key":"SMITH"},{"data":"Barricade","floor":23.0,"key":"SMITH"},{"floor":28,"key":"REST"}],"circlet_count":0,"master_deck":["AscendersBane","Strike_R","Strike_R","Defend_R","Defend_R","Defend_R","Defend_R","Bash+1","Feed","Uppercut+1","Sword Boomerang+1","Hemokinesis+1","Pummel","Barricade+1","Rupture+1","Sword Boomerang+1","Flame Barrier+1","Cleave","Body Slam","Inflame","Metallicize+1"],"relics":["Burning Blood","Tiny Chest","Regal Pillow","Guardian:BottledAnomaly","Golden Idol","Astrolabe","FossilizedHelix","Bottled Tornado","Mummified Hand","Omamori"],"acts_visited":["Exordium","TheCity"],"potions_floor_usage":[27,27,30],"damage_taken":[{"damage":11.0,"enemies":"Cultist","floor":1.0,"turns":4.0},{"damage":3.0,"enemies":"2 Louse","floor":2.0,"turns":3.0},{"damage":7.0,"enemies":"Small Slimes","floor":3.0,"turns":3.0},{"damage":13.0,"enemies":"Exordium Thugs","floor":4.0,"turns":4.0},{"damage":44.0,"enemies":"3 Sentries","floor":6.0,"turns":8.0},{"damage":20.0,"enemies":"Large Slime","floor":12.0,"turns":2.0},{"damage":4.0,"enemies":"Slime Boss","floor":16.0,"turns":7.0},{"damage":10.0,"enemies":"3 Byrds","floor":18.0,"turns":4.0},{"damage":18.0,"enemies":"Shell Parasite","floor":24.0,"turns":4.0},{"damage":22.0,"enemies":"Snecko","floor":25.0,"turns":5.0},{"damage":13,"enemies":"Sentry and Sphere","floor":27,"turns":4},{"damage":67,"enemies":"Slavers","floor":29,"turns":7},{"damage":0,"enemies":"Snake Plant","floor":30,"turns":2}],"seed_played":"-634810800060745768","potions_obtained":[{"floor":1.0,"key":"ColorlessPotion"},{"floor":3.0,"key":"Energy Potion"},{"floor":16.0,"key":"EntropicBrew"},{"floor":24.0,"key":"Explosive Potion"},{"floor":25.0,"key":"Explosive Potion"},{"floor":27,"key":"EssenceOfSteel"},{"floor":29,"key":"Guardian:BlockOnCardUsePotion"}],"is_trial":false,"path_per_floor":["M","M","M","M","?","E","R","?","T","$","R","M","?","?","R","B",null,"M","T","?","?","$","R","M","M","T","M","R","E","M"],"character_chosen":"IRONCLAD","items_purchased":["Guardian:BottledAnomaly","Bottled Tornado"],"campfire_rested":1,"item_purchase_floors":[10,22],"current_hp_per_floor":[70,76,78,75,75,40,40,29,29,29,29,18,18,18,18,23,77,76,76,56,56,56,56,44,28,28,24,70,9,9,9],"gold":156,"neow_bonus":"ONE_RANDOM_RARE_CARD","is_daily":false,"chose_seed":false,"campfire_upgraded":4,"win_rate":0.0,"timestamp":1611106643,"path_taken":["M","?","M","M","?","E","R","?","T","$","R","M","?","?","R","BOSS","M","?","?","?","$","R","M","?","T","M","R","E","M"],"items_purchased_type":["Relic","Relic"],"build_version":"2020-12-22","purchased_purges":0,"victory":false,"max_hp_per_floor":[83,86,89,93,93,96,96,96,96,96,96,99,92,92,92,95,95,98,98,103,103,103,103,103,103,103,106,106,106,106,106],"card_choices":[{"not_picked":["Body Slam","Searing Blow"],"picked":"Uppercut","floor":1.0},{"not_picked":["Body Slam","Iron Wave"],"picked":"Sword Boomerang","floor":2.0},{"not_picked":["Twin Strike","Heavy Blade"],"picked":"Hemokinesis","floor":3.0},{"not_picked":["Juggernaut","Twin Strike"],"picked":"Pummel","floor":4.0},{"not_picked":["Sever Soul","Infernal Blade","Body Slam"],"picked":"SKIP","floor":6.0},{"not_picked":["Searing Blow","Clothesline","Feel No Pain"],"picked":"SKIP","floor":12.0},{"not_picked":["Bludgeon","Brutality"],"picked":"Barricade","floor":16.0},{"not_picked":["Warcry","Havoc"],"picked":"Cleave","floor":18.0},{"not_picked":["Havoc","Pommel Strike"],"picked":"Body Slam","floor":24.0},{"not_picked":["Fiend Fire","Flex","Clothesline"],"picked":"SKIP","floor":25.0},{"not_picked":["Thunderclap","Perfected Strike+1"],"picked":"Inflame","floor":27},{"not_picked":["Anger","Dropkick"],"picked":"Metallicize+1","floor":29}],"player_experience":229000,"relics_obtained":[{"floor":6.0,"key":"Tiny Chest"},{"floor":9.0,"key":"Regal Pillow"},{"floor":19.0,"key":"FossilizedHelix"},{"floor":26.0,"key":"Mummified Hand"},{"floor":29,"key":"Omamori"}],"event_choices":[{"damage_healed":0.0,"max_hp_gain":0.0,"max_hp_loss":0.0,"gold_gain":0.0,"event_name":"Living Wall","player_choice":"Grow","floor":5.0,"gold_loss":0.0,"damage_taken":0.0,"cards_upgraded":["Uppercut"]},{"damage_healed":0.0,"max_hp_gain":0.0,"max_hp_loss":0.0,"gold_gain":75.0,"event_name":"World of Goop","player_choice":"Gather Gold","floor":8.0,"gold_loss":0.0,"damage_taken":11.0},{"damage_healed":0.0,"max_hp_gain":0.0,"max_hp_loss":7.0,"gold_gain":0.0,"event_name":"Golden Idol","player_choice":"Lose Max HP","floor":13.0,"gold_loss":0.0,"damage_taken":0.0,"relics_obtained":["Golden Idol"]},{"damage_healed":0.0,"max_hp_gain":0.0,"max_hp_loss":0.0,"gold_gain":0.0,"event_name":"Scrap Ooze","player_choice":"Fled","floor":14.0,"gold_loss":0.0,"damage_taken":0.0},{"damage_healed":0.0,"max_hp_gain":5.0,"max_hp_loss":0.0,"gold_gain":0.0,"event_name":"Forgotten Altar","player_choice":"Shed Blood","floor":20.0,"gold_loss":0.0,"damage_taken":25.0},{"damage_healed":0.0,"max_hp_gain":0.0,"max_hp_loss":0.0,"gold_gain":0.0,"event_name":"FaceTrader","player_choice":"Leave","floor":21.0,"gold_loss":0.0,"damage_taken":0.0}],"is_beta":false,"boss_relics":[{"not_picked":["bronze:MakeshiftBattery","SlaversCollar"],"picked":"Astrolabe"}],"items_purged_floors":[],"is_endless":false,"potions_floor_spawned":[1,3,16,24,25,27,29],"killed_by":"Snake Plant","ascension_level":13}}