{"host":"qhhcmep1unj6mpf7","time":1611150340,"event":{"mods":["2.2 Compatiblity","AchievementEnabler","BaseMod","Colored Map","DeckTracker","Highlight Path","Keyboard Shortcuts","Minty Spire (QoL Compilation)","Permanent Neow","Quick Restart","Random Character Button","StSLib","SuperFastMode","everything is the same but u backflip on backflip"],"gold_per_floor":[14,27,38,55,68,102,119,69,69,69,89,107,138,148,148,148,148],"floor_reached":16,"language":"KOR","playtime":560,"items_purged":[],"score":118,"play_id":"36212ecc-73c9-4efb-bd65-cc869c80c2da","local_time":"20210120224540","is_ascension_mode":false,"campfire_choices":[{"data":"Hologram","floor":10.0,"key":"SMITH"},{"data":"Capacitor","floor":15,"key":"SMITH"}],"circlet_count":0,"master_deck":["Strike_B","Defend_B","Defend_B","Defend_B","Defend_B","Zap","Dualcast","Ball Lightning","Blizzard","Hologram+1","Genetic Algorithm","Capacitor+1","Seek","Capacitor"],"relics":["Cracked Core","Boot","Anchor","Lantern"],"acts_visited":["Exordium"],"potions_floor_usage":[13,13,16],"damage_taken":[{"damage":0.0,"enemies":"2 Louse","floor":1.0,"turns":2.0},{"damage":3.0,"enemies":"Jaw Worm","floor":2.0,"turns":3.0},{"damage":1.0,"enemies":"Cultist","floor":3.0,"turns":3.0},{"damage":3.0,"enemies":"2 Fungi Beasts","floor":4.0,"turns":3.0},{"damage":0.0,"enemies":"Large Slime","floor":5.0,"turns":4.0},{"damage":21.0,"enemies":"Lagavulin","floor":6.0,"turns":7.0},{"damage":6.0,"enemies":"Blue Slaver","floor":7.0,"turns":4.0},{"damage":2.0,"enemies":"3 Louse","floor":11.0,"turns":3.0},{"damage":0.0,"enemies":"Exordium Wildlife","floor":12.0,"turns":3.0},{"damage":17,"enemies":"3 Sentries","floor":13,"turns":5},{"damage":2,"enemies":"Blue Slaver","floor":14,"turns":4},{"damage":33,"enemies":"Slime Boss","floor":16,"turns":6}],"seed_played":"5300944887892631946","potions_obtained":[{"floor":3.0,"key":"Ancient Potion"},{"floor":4.0,"key":"Explosive Potion"},{"floor":7.0,"key":"ColorlessPotion"},{"floor":14,"key":"Fire Potion"}],"is_trial":false,"path_per_floor":["M","M","M","M","M","E","M","?","T","R","M","M","E","M","R","B"],"character_chosen":"DEFECT","items_purchased":[],"campfire_rested":0,"item_purchase_floors":[],"current_hp_per_floor":[75,72,71,68,68,47,41,41,41,41,39,39,22,20,20,0,0],"gold":148,"neow_bonus":"REMOVE_TWO","is_daily":false,"chose_seed":false,"campfire_upgraded":2,"win_rate":0.0,"timestamp":1611150340,"path_taken":["M","M","M","M","M","E","M","?","T","R","M","M","E","M","R","BOSS"],"items_purchased_type":[],"build_version":"2020-12-22","purchased_purges":0,"victory":false,"max_hp_per_floor":[75,75,75,75,75,75,75,75,75,75,75,75,75,75,75,75,75],"card_choices":[{"not_picked":["Cold Snap","Steam Power"],"picked":"Ball Lightning","floor":1.0},{"not_picked":["Rebound","Streamline"],"picked":"Blizzard","floor":2.0},{"not_picked":["Steam","Melter"],"picked":"Hologram","floor":3.0},{"not_picked":["Double Energy","Redo","Steam"],"picked":"SKIP","floor":4.0},{"not_picked":["Hologram","Machine Learning"],"picked":"Genetic Algorithm","floor":5.0},{"not_picked":["Gash","Leap","Beam Cell"],"picked":"SKIP","floor":6.0},{"not_picked":["Gash","Leap","Beam Cell"],"picked":"SKIP","floor":6.0},{"not_picked":["Gash","Leap","Beam Cell"],"picked":"SKIP","floor":6.0},{"not_picked":["Gash","Leap","Beam Cell"],"picked":"SKIP","floor":6.0},{"not_picked":["Hologram","Redo","Sweeping Beam"],"picked":"SKIP","floor":7.0},{"not_picked":["Turbo","Sweeping Beam"],"picked":"Capacitor","floor":11.0},{"not_picked":["Tempest","Streamline","Go for the Eyes"],"picked":"SKIP","floor":12.0},{"not_picked":["Ball Lightning","Static Discharge"],"picked":"Seek","floor":13},{"not_picked":["BootSequence","Force Field"],"picked":"Capacitor","floor":14}],"player_experience":316223,"relics_obtained":[{"floor":6.0,"key":"Boot"},{"floor":9.0,"key":"Anchor"},{"floor":13,"key":"Lantern"}],"event_choices":[{"cards_removed":["Strike_B"],"damage_healed":0.0,"max_hp_gain":0.0,"max_hp_loss":0.0,"gold_gain":0.0,"event_name":"The Cleric","player_choice":"Card Removal","floor":8.0,"gold_loss":50.0,"damage_taken":0.0}],"is_beta":false,"boss_relics":[],"items_purged_floors":[],"is_endless":false,"potions_floor_spawned":[3,4,7,11,12,14],"killed_by":"Slime Boss","ascension_level":0}}