{"host":"5w3ov2q8o40mj89d","time":1611157179,"event":{"mods":["ATMod(阿瑾Mod)","Arknights The Spire","Bard","BaseMod","Downfall","FutureSeer","Good Game Mod","Hunter 猎人","KinomotoSakuraMod(木之本樱)","LagranYue(拉格朗・月)","Luminous","Marisa（F雨　魔理沙）","Minty Spire (QoL Compilation)","Nova Terra(诺娃・泰拉)","Reimu（博丽灵梦）","Remilia_Scarlet Moed（蕾米莉亚・斯卡雷特）3.3.5","Remilia（蕾米莉亚）","RumiaBox-露米娅的神秘盒子","StSLib","Td1madao Mod","The Alterego","The Blackbeard","The Construct","The Gatherer","The Hierophant","The Invoker Mod","The Runesmith","The Senshi","The Servant 0.9.4","Waifu the Spire","WarShipGirlsR/战舰少女R mod","Yakumo Yukari mod","Youmu（魂魄妖梦）","Yuri Mod","Yuyuko","vexMod"],"gold_per_floor":[112,2,2,2,21,49,64,64,64,12,25,25,53,66,66,164,164,182,198,213,213,213,213],"floor_reached":22,"language":"ZHS","playtime":1597,"items_purged":["Luminous:Defend_Luminous"],"score":221,"play_id":"25f8903d-631c-4dd1-83ad-3bc3a93d6eef","local_time":"20210120233939","is_ascension_mode":false,"campfire_choices":[{"data":"AT_FamilyPortrait","floor":8,"key":"SMITH"},{"floor":12,"key":"REST"},{"floor":15,"key":"REST"}],"circlet_count":0,"master_deck":["Luminous:Light_Flash_Shower","Luminous:Light_Flash_Shower","Luminous:Light_Flash_Shower","Luminous:Dark_Abyssal_Drop","Luminous:Dark_Abyssal_Drop+1","Luminous:Dark_Abyssal_Drop","Luminous:Defend_Luminous","Luminous:Defend_Luminous","Luminous:Defend_Luminous","Luminous:Switch_Luminous","AT_FamilyPortrait+1","Slimebound:MassFeed","Luminous:Light_Disperse+1","Luminous:Photic_Meditation_Luminous","Luminous:Dark_Pressure_Void","Luminous:Mana_Well_Luminous","Luminous:Light_Glare","Luminous:Dark_Raid","Luminous:Light_Reflection","Luminous:Dark_Raid","Luminous:Phantom_Treasure_Luminous","Luminous:Ethereal_Form_Luminous","Luminous:Dark_Dim_Erosion","Luminous:Dark_Raid","Luminous:Balance_Ender"],"relics":["Luminous:MirrorRelic","AT_ATBox","REME:ComplimentaryCards","LagranYue:RandomDrawCardRelic","NeowsBlessing","Gambling Chip","AT_Kusabimaru","Oddly Smooth Stone","SoulBox","SsserpentHead"],"acts_visited":["Exordium","TheCity"],"potions_floor_usage":[],"damage_taken":[{"damage":0,"enemies":"Jaw Worm","floor":1,"turns":1},{"damage":0,"enemies":"Small Slimes","floor":5,"turns":1},{"damage":0,"enemies":"Gremlin Nob","floor":6,"turns":1},{"damage":3,"enemies":"Cultist","floor":7,"turns":3},{"damage":17,"enemies":"Large Slime","floor":11,"turns":5},{"damage":21,"enemies":"Lagavulin","floor":13,"turns":4},{"damage":7,"enemies":"Exordium Thugs","floor":14,"turns":3},{"damage":29,"enemies":"Slime Boss","floor":16,"turns":9},{"damage":24,"enemies":"3 Byrds","floor":18,"turns":6},{"damage":4,"enemies":"Chosen","floor":19,"turns":8},{"damage":31,"enemies":"Centurion and Healer","floor":20,"turns":9},{"damage":35,"enemies":"Sentry and Sphere","floor":22,"turns":4}],"seed_played":"6561235435853608102","potions_obtained":[{"floor":7,"key":"Block Potion"},{"floor":14,"key":"GamblersBrew"},{"floor":19,"key":"Weak Potion"}],"is_trial":false,"path_per_floor":["M","$","?","$","M","E","M","R","T","$","M","R","E","M","R","B",null,"M","M","M","?","M"],"character_chosen":"LuminousClass","items_purchased":["Luminous:Photic_Meditation_Luminous","Luminous:Dark_Raid"],"campfire_rested":2,"item_purchase_floors":[2,10],"current_hp_per_floor":[75,75,60,60,60,60,65,65,65,65,53,76,58,51,74,51,81,57,59,28,28,0,0],"gold":213,"neow_bonus":"THREE_ENEMY_KILL","is_daily":false,"chose_seed":false,"campfire_upgraded":1,"win_rate":0.0,"timestamp":1611157179,"path_taken":["M","$","?","$","M","E","M","R","T","$","M","R","E","M","R","BOSS","M","M","M","?","M"],"items_purchased_type":["Card","Card"],"build_version":"2020-12-22","purchased_purges":1,"victory":false,"max_hp_per_floor":[75,75,75,75,75,75,78,78,78,78,78,78,78,78,78,81,81,81,81,81,81,81,81],"card_choices":[{"not_picked":["Luminous:Fast_Spell_Luminous","Luminous:Dark_Raid"],"picked":"Luminous:Light_Disperse","floor":1},{"not_picked":["Luminous:Reverse_Spell_Luminous","Luminous:Concentrate_Luminous"],"picked":"Luminous:Dark_Pressure_Void","floor":5},{"not_picked":["Luminous:Accumulation_Luminous","Luminous:Tune_Luminous"],"picked":"Luminous:Mana_Well_Luminous","floor":6},{"not_picked":["Luminous:Darkness_Mastery_Luminous","Luminous:Dark_Arcane_Pitch"],"picked":"Luminous:Light_Glare","floor":7},{"not_picked":["Luminous:Accumulation_Luminous","Luminous:Light_Wash_Luminous"],"picked":"Luminous:Light_Reflection","floor":11},{"not_picked":["Luminous:Darkness_Mastery_Luminous","Luminous:Light_Track"],"picked":"Luminous:Dark_Raid","floor":13},{"not_picked":["Luminous:Light_Gather","Luminous:Light_Disperse"],"picked":"Luminous:Phantom_Treasure_Luminous","floor":14},{"not_picked":["Luminous:Equalize_Luminous","Luminous:Dark_Crescendo_Luminous"],"picked":"Luminous:Ethereal_Form_Luminous","floor":16},{"not_picked":["Luminous:Dark_Pressure_Void","Luminous:Dusk_Guard_Luminous+1"],"picked":"Luminous:Dark_Dim_Erosion","floor":18},{"not_picked":["Luminous:Darkness_Mastery_Luminous","Luminous:Blinding_Pillar_Luminous"],"picked":"Luminous:Dark_Raid","floor":19},{"not_picked":["Luminous:Lunar_Tide_Luminous","Luminous:Mana_Overload_Luminous"],"picked":"Luminous:Balance_Ender","floor":20}],"player_experience":19706,"relics_obtained":[{"floor":6,"key":"Gambling Chip"},{"floor":9,"key":"AT_Kusabimaru"},{"floor":13,"key":"Oddly Smooth Stone"}],"event_choices":[{"damage_healed":0,"gold_gain":0,"player_choice":"Entered Light","damage_taken":15,"max_hp_gain":0,"max_hp_loss":0,"event_name":"Shining Light","floor":3,"gold_loss":0,"cards_upgraded":["Luminous:Light_Disperse","Luminous:Dark_Abyssal_Drop"]},{"damage_healed":0,"gold_gain":0,"player_choice":"Trade","damage_taken":0,"relics_obtained":["SsserpentHead"],"max_hp_gain":0,"max_hp_loss":0,"event_name":"FaceTrader","floor":21,"gold_loss":0}],"is_beta":false,"boss_relics":[{"not_picked":["construct:WeddingRing","vexMod:MegatonBomb"],"picked":"SoulBox"}],"items_purged_floors":[2],"is_endless":false,"potions_floor_spawned":[7,14,19],"killed_by":"Sentry and Sphere","ascension_level":0}}