{"host":"dbb4fkd1j4jczim2","time":1611182239,"event":{"mods":["BaseMod","Downfall","Marisa????????","Minty Spire (QoL Compilation)","Permanent Neow","StSLib"],"gold_per_floor":[99,110,127,44,494,513,513,541,556,656,14,47,63,80,94,190,190,90,102,113,113,113,113,136,236,73,108,8,34,171,199,219,322,322,322,334,35,46,46,66,145,45,58,58,74,74,74,87,107,107,107,107],"floor_reached":50,"language":"ENG","playtime":2602,"items_purged":["Regret","champ:SetATrap"],"score":794,"play_id":"feea4fe2-8eb0-4c4a-b461-267102d4ac5f","local_time":"20210120163719","is_ascension_mode":false,"campfire_choices":[{"data":"champ:Execute","floor":1,"key":"SMITH"},{"data":"champ:Taunt","floor":18,"key":"SMITH"},{"data":"champ:TripleStrike","floor":28,"key":"SMITH"},{"floor":35,"key":"RECALL"},{"data":"champ:PerfectedStrike","floor":42,"key":"SMITH"},{"data":"expansioncontent:DashGenerateEvil","floor":44,"key":"SMITH"},{"floor":47,"key":"REST"}],"circlet_count":0,"master_deck":["champ:Strike","champ:Strike","champ:Strike","champ:Defend","champ:Defend","champ:Defend","champ:Execute+1","champ:Taunt+1","champ:Haymaker","champ:VampiricStrike","champ:EndlessRage","downfall:Icky","downfall:Icky","downfall:Icky","champ:FanOfKnives","champ:TripleStrike+1","champ:Duel","downfall:Icky","Parasite","Injury","Clumsy","champ:VampiricStrike","champ:PerfectedStrike+1","champ:StanceDance","expansioncontent:DashGenerateEvil+1","Purity","champ:Endure","champ:PerfectedStrike","champ:AdrenalArmor","champ:VampiricStrike","champ:AdrenalArmor+1","champ:Endure","J.A.X.","champ:DancingMaster","champ:EnGarde","J.A.X.","champ:StrikeOfGenius","champ:AdrenalArmor","champ:AdrenalArmor","champ:FocusedBerserking","champ:EndlessRage+1","champ:PerfectedStrike+1","champ:HoldFirm","champ:BringItOn","champ:StanceDance","champ:FaceSlap","champ:Haymaker","champ:PerfectedStrike+1","Parasite"],"relics":["bronze:MakeshiftBattery","Darkstone Periapt","InkBottle","Du-Vu Doll","Meat on the Bone","Matryoshka","Sozu","downfall:HeartBlessingGreen","Nilry\u0027s Codex","Toy Ornithopter","MutagenicStrength","DollysMirror","Vajra","downfall:HeartBlessingBlue","Art of War","Akabeko","Orrery","Torii","Busted Crown","Bottled Flame","downfall:HeartBlessingRed"],"acts_visited":["Exordium","TheCity","TheBeyond"],"potions_floor_usage":[19],"damage_taken":[{"damage":14,"enemies":"Cultist","floor":2,"turns":4},{"damage":13,"enemies":"Small Slimes","floor":3,"turns":3},{"damage":30,"enemies":"downfall:FleeingMerchant","floor":4,"turns":4},{"damage":15,"enemies":"Jaw Worm","floor":6,"turns":5},{"damage":63,"enemies":"3 Sentries","floor":8,"turns":11},{"damage":25,"enemies":"Exordium Thugs","floor":9,"turns":4},{"damage":13,"enemies":"downfall:FleeingMerchant","floor":11,"turns":4},{"damage":10,"enemies":"Gremlin Nob","floor":12,"turns":2},{"damage":20,"enemies":"Large Slime","floor":13,"turns":4},{"damage":0,"enemies":"3 Louse","floor":14,"turns":2},{"damage":0,"enemies":"Large Slime","floor":15,"turns":1},{"damage":72,"enemies":"DF_ARCHETYPE_STREAMLINE","floor":16,"turns":8},{"damage":4,"enemies":"Chosen","floor":19,"turns":2},{"damage":4,"enemies":"Shell Parasite","floor":20,"turns":2},{"damage":31,"enemies":"downfall:Augmenter","floor":25,"turns":3},{"damage":48,"enemies":"downfall:FleeingMerchant","floor":26,"turns":4},{"damage":54,"enemies":"Slavers","floor":27,"turns":4},{"damage":6,"enemies":"downfall:FleeingMerchant","floor":30,"turns":1},{"damage":31,"enemies":"Book of Stabbing","floor":31,"turns":3},{"damage":5,"enemies":"Centurion and Healer","floor":32,"turns":3},{"damage":67,"enemies":"SI_MIRROR_ARCHETYPE","floor":33,"turns":7},{"damage":57,"enemies":"3 Darklings","floor":36,"turns":5},{"damage":25,"enemies":"Orb Walker","floor":38,"turns":2},{"damage":19,"enemies":"Jaw Worm Horde","floor":40,"turns":3},{"damage":28,"enemies":"Sphere and 2 Shapes","floor":43,"turns":3},{"damage":80,"enemies":"Transient","floor":45,"turns":5},{"damage":25,"enemies":"3 Darklings","floor":48,"turns":2},{"damage":13,"enemies":"Sphere and 2 Shapes","floor":49,"turns":3},{"damage":180,"enemies":"IC_BLOCK_ARCHETYPE","floor":50,"turns":4}],"seed_played":"-2314666202706414125","potions_obtained":[{"floor":3,"key":"champ:TechniquePotion"},{"floor":6,"key":"PowerPotion"},{"floor":13,"key":"sneckomod:MuddlingPotion"}],"is_trial":false,"path_per_floor":["R","M","M","$","?","M","T","E","M","?","$","E","M","M","M","B",null,"R","M","M","?","?","?","T","?","$","E","R","T","$","E","M","B",null,"R","M","?","M","?","M","T","R","M","R","M","?","R","M","M","B"],"character_chosen":"THE_CHAMP","items_purchased":["champ:EndlessRage","Meat on the Bone","champ:StanceDance","expansioncontent:DashGenerateEvil","Purity","DollysMirror","champ:AdrenalArmor","Orrery","champ:BringItOn","champ:StanceDance","champ:FaceSlap","champ:Haymaker"],"campfire_rested":1,"item_purchase_floors":[4,11,11,11,11,26,30,30,37,37,37,37],"current_hp_per_floor":[90,86,83,73,73,68,68,30,15,50,37,49,61,73,73,45,125,125,121,117,117,101,75,75,66,55,39,49,49,55,46,58,41,140,140,133,133,133,133,124,124,124,121,121,86,92,135,135,132,0,0,0],"gold":107,"neow_bonus":"BOSS_RELIC","is_daily":false,"chose_seed":false,"campfire_upgraded":5,"win_rate":0.0,"timestamp":1611182239,"path_taken":["R","M","M","$","?","M","T","E","M","?","?","E","?","M","M","BOSS","R","M","M","?","?","?","T","?","?","E","R","?","$","E","M","BOSS","R","M","?","M","?","M","T","R","M","R","M","?","R","M","M","BOSS"],"items_purchased_type":["Card","Relic","Card","Card","Card","Relic","Card","Relic","Card","Card","Card","Card"],"build_version":"2020-12-22","purchased_purges":2,"victory":false,"max_hp_per_floor":[90,90,90,90,90,90,90,90,90,125,125,125,125,125,125,125,125,125,125,125,125,125,130,130,130,130,130,140,140,140,140,140,140,140,140,140,140,140,140,140,140,140,140,140,140,146,146,146,146,146,146,146],"card_choices":[{"not_picked":["champ:Shatter","champ:DefensiveShout"],"picked":"champ:Haymaker","floor":2},{"not_picked":["champ:Circumvent","champ:SetATrap","champ:PreemptiveStrike"],"picked":"SKIP","floor":3},{"not_picked":["champ:Shatter","champ:EnGarde"],"picked":"champ:VampiricStrike","floor":4},{"not_picked":["champ:IronFortress","champ:DeathBlow"],"picked":"champ:FanOfKnives","floor":6},{"not_picked":["champ:Circumvent","champ:FlashCut"],"picked":"champ:TripleStrike","floor":8},{"not_picked":["champ:SetATrap","champ:ShieldWall"],"picked":"champ:Duel","floor":9},{"not_picked":["champ:StanceDance","champ:GutPunch"],"picked":"champ:PerfectedStrike","floor":11},{"not_picked":["champ:GutPunch","champ:DefensiveShout"],"picked":"champ:Endure","floor":12},{"not_picked":["champ:FancyFootwork","champ:Circumvent","champ:GutPunch"],"picked":"SKIP","floor":13},{"not_picked":["champ:LastStand","champ:IronFortress"],"picked":"champ:PerfectedStrike","floor":14},{"not_picked":["champ:Backstep","champ:BringItOn"],"picked":"champ:AdrenalArmor","floor":15},{"not_picked":["champ:DancingMaster","champ:Improvising"],"picked":"champ:VampiricStrike","floor":16},{"not_picked":["champ:DefensiveShout+1","champ:Shatter+1","champ:BladeFlurry+1"],"picked":"SKIP","floor":19},{"not_picked":["champ:CrownThrow+1","champ:Shatter+1"],"picked":"champ:AdrenalArmor+1","floor":20},{"not_picked":[],"picked":"J.A.X.","floor":25},{"not_picked":["champ:FalseCounter+1","champ:FancyFootwork"],"picked":"champ:DancingMaster","floor":25},{"not_picked":["champ:GutPunch","champ:TornadoPunch","champ:Circumvent"],"picked":"SKIP","floor":26},{"not_picked":["champ:GutPunch","champ:LastStand"],"picked":"champ:StrikeOfGenius","floor":27},{"not_picked":["champ:Haymaker","champ:GladiatorStyle","champ:EnragedBash"],"picked":"SKIP","floor":30},{"not_picked":["champ:FanOfKnives+1","champ:StanceDance"],"picked":"champ:AdrenalArmor","floor":30},{"not_picked":["champ:DefensiveShout","champ:TornadoPunch+1"],"picked":"champ:FocusedBerserking","floor":30},{"not_picked":["champ:DefensiveShout+1","champ:RecklessLeap"],"picked":"champ:EndlessRage","floor":30},{"not_picked":["champ:Circumvent","champ:DeathBlow"],"picked":"champ:PerfectedStrike","floor":31},{"not_picked":["champ:EnGarde","champ:ShieldWall","champ:BringItOn+1"],"picked":"SKIP","floor":32},{"not_picked":["champ:VampiricStrike","champ:Devastate"],"picked":"champ:HoldFirm","floor":33},{"not_picked":[],"picked":"champ:SetATrap","floor":36},{"not_picked":[],"picked":"champ:PerfectedStrike+1","floor":38},{"not_picked":["champ:GladiatorStyle+1"],"picked":"SKIP","floor":40},{"not_picked":["champ:Parry+1"],"picked":"SKIP","floor":43},{"not_picked":["champ:DefensiveShout"],"picked":"SKIP","floor":45},{"not_picked":["champ:EnGarde"],"picked":"SKIP","floor":48},{"not_picked":["champ:BladeFlurry+1"],"picked":"SKIP","floor":49}],"player_experience":299972,"relics_obtained":[{"floor":7,"key":"Darkstone Periapt"},{"floor":8,"key":"InkBottle"},{"floor":12,"key":"Matryoshka"},{"floor":22,"key":"Nilry\u0027s Codex"},{"floor":24,"key":"Toy Ornithopter"},{"floor":25,"key":"MutagenicStrength"},{"floor":27,"key":"Vajra"},{"floor":29,"key":"Art of War"},{"floor":29,"key":"Akabeko"},{"floor":31,"key":"Torii"},{"floor":41,"key":"Bottled Flame"}],"event_choices":[{"damage_healed":0,"gold_gain":0,"player_choice":"Ignored","damage_taken":0,"max_hp_gain":0,"max_hp_loss":0,"event_name":"Ghosts","floor":21,"gold_loss":0}],"is_beta":false,"boss_relics":[{"not_picked":["Astrolabe","Fusion Hammer"],"picked":"Sozu"},{"not_picked":["Snecko Eye","Black Star"],"picked":"Busted Crown"}],"items_purged_floors":[11,37],"is_endless":false,"potions_floor_spawned":[3,6,13,14,15,20,25,31,33,45,48,49],"killed_by":"IC_BLOCK_ARCHETYPE","ascension_level":0}}