{"host":"g2yp6paluzgljz05","time":1611135224,"event":{"mods":["BaseMod","Bestiary","Colored Powertips","DeckTracker","Highlight Path","Minty Spire (QoL Compilation)","Quick Restart"],"gold_per_floor":[115,129,129,149,99,99,174,174,222,240,65,100,112,16,16,16,16],"floor_reached":16,"language":"ENG","playtime":723,"items_purged":[],"score":115,"play_id":"5f719d34-9b4c-4e15-b21f-b748bee30351","local_time":"20210120203344","is_ascension_mode":true,"campfire_choices":[{"data":"Beam Cell","floor":6,"key":"SMITH"},{"data":"FTL","floor":8,"key":"SMITH"},{"data":"Buffer","floor":15,"key":"SMITH"}],"circlet_count":0,"master_deck":["Strike_B","Strike_B","Strike_B","Defend_B","Defend_B","Defend_B","Defend_B","Zap+1","Dualcast","Beam Cell+1","Go for the Eyes","FTL+1","Gash","Gash","Buffer+1","Sweeping Beam","Gash","Flash of Steel"],"relics":["Cracked Core","Art of War","Kunai"],"acts_visited":["Exordium"],"potions_floor_usage":[12,12,12],"damage_taken":[{"damage":1,"enemies":"Cultist","floor":1,"turns":3},{"damage":12,"enemies":"Small Slimes","floor":2,"turns":2},{"damage":0,"enemies":"2 Louse","floor":4,"turns":1},{"damage":1,"enemies":"Looter","floor":10,"turns":2},{"damage":20,"enemies":"3 Sentries","floor":12,"turns":5},{"damage":1,"enemies":"Exordium Wildlife","floor":13,"turns":4},{"damage":47,"enemies":"The Guardian","floor":16,"turns":7}],"seed_played":"899128961004943739","potions_obtained":[{"floor":1,"key":"Energy Potion"},{"floor":2,"key":"Regen Potion"},{"floor":10,"key":"AttackPotion"}],"is_trial":false,"path_per_floor":["M","M","?","M","?","R","?","R","T","M","$","E","M","$","R","B"],"character_chosen":"DEFECT","items_purchased":["Gash","Buffer","Flash of Steel"],"campfire_rested":0,"item_purchase_floors":[11,11,14],"current_hp_per_floor":[74,62,67,67,67,67,56,56,56,55,55,44,43,43,43,0,0],"gold":16,"neow_bonus":"UPGRADE_CARD","is_daily":false,"chose_seed":false,"campfire_upgraded":3,"win_rate":0.0,"timestamp":1611135224,"path_taken":["M","M","?","M","?","R","?","R","T","M","$","E","M","$","R","BOSS"],"items_purchased_type":["Card","Card","Card"],"build_version":"2020-12-22","purchased_purges":0,"victory":false,"max_hp_per_floor":[75,75,80,80,80,80,80,80,80,80,80,80,80,80,80,80,80],"card_choices":[{"not_picked":["Rip and Tear","Undo"],"picked":"Beam Cell","floor":1},{"not_picked":["Redo","Aggregate"],"picked":"Go for the Eyes","floor":2},{"not_picked":["Coolheaded","Auto Shields"],"picked":"FTL","floor":4},{"not_picked":["Genetic Algorithm","Go for the Eyes"],"picked":"Gash","floor":10},{"not_picked":["Conserve Battery","Aggregate"],"picked":"Sweeping Beam","floor":12},{"not_picked":["Ball Lightning","Glacier"],"picked":"Gash","floor":13}],"player_experience":232346,"relics_obtained":[{"floor":9,"key":"Art of War"},{"floor":12,"key":"Kunai"}],"event_choices":[{"damage_healed":0,"gold_gain":0,"player_choice":"Donut","damage_taken":0,"max_hp_gain":5,"max_hp_loss":0,"event_name":"Big Fish","floor":3,"gold_loss":0},{"cards_removed":["Strike_B"],"damage_healed":0,"gold_gain":0,"player_choice":"Card Removal","damage_taken":0,"max_hp_gain":0,"max_hp_loss":0,"event_name":"The Cleric","floor":5,"gold_loss":50},{"damage_healed":0,"gold_gain":75,"player_choice":"Gather Gold","damage_taken":11,"max_hp_gain":0,"max_hp_loss":0,"event_name":"World of Goop","floor":7,"gold_loss":0}],"is_beta":false,"boss_relics":[],"items_purged_floors":[],"is_endless":false,"potions_floor_spawned":[1,2,10],"killed_by":"The Guardian","ascension_level":3}}