{"host":"7qqg3hyzrz6apiso","time":1611113969,"event":{"mods":["AchievementEnabler","BaseMod","Better Debug","Colored Map","Colored Powertips","KOR Keyword Fix","Keyboard Shortcuts","Minty Spire (QoL Compilation)","Permanent Neow","Quick Restart","StSLib","SuperFastMode"],"gold_per_floor":[40,40,99,99,129,129,142,194,194,272,360,360,360,406,406,559,559,602,602,602,648,671,671,770,770,770],"floor_reached":25,"language":"KOR","playtime":1153,"items_purged":[],"score":339,"play_id":"46b9c15d-b41b-46c0-b3c1-ffb1f85f08c7","local_time":"20210120123929","is_ascension_mode":true,"campfire_choices":[{"data":"HandOfGreed","floor":6.0,"key":"SMITH"},{"data":"Genetic Algorithm","floor":13.0,"key":"SMITH"},{"floor":15.0,"key":"REST"},{"floor":23,"key":"REST"}],"circlet_count":0,"master_deck":["Strike_B+1","Strike_B+1","Defend_B","Defend_B","Defend_B","Defend_B","Zap","Dualcast","HandOfGreed+1","Genetic Algorithm+1","Glacier","Defragment","BootSequence","Go for the Eyes","Injury","Beam Cell","Hyperbeam","Conserve Battery","Leap","Tempest","Sweeping Beam+1","Gash","Coolheaded"],"relics":["FrozenCore","Whetstone","Dream Catcher","Bottled Lightning","Golden Idol","Nloth\u0027s Gift"],"acts_visited":["Exordium","TheCity"],"potions_floor_usage":[25],"damage_taken":[{"damage":0.0,"enemies":"Small Slimes","floor":1.0,"turns":3.0},{"damage":0.0,"enemies":"2 Louse","floor":3.0,"turns":4.0},{"damage":3.0,"enemies":"Cultist","floor":5.0,"turns":4.0},{"damage":1.0,"enemies":"Looter","floor":7.0,"turns":3.0},{"damage":4.0,"enemies":"Lagavulin","floor":8.0,"turns":6.0},{"damage":9.0,"enemies":"3 Sentries","floor":10.0,"turns":8.0},{"damage":27.0,"enemies":"Gremlin Nob","floor":11.0,"turns":4.0},{"damage":5.0,"enemies":"3 Louse","floor":14.0,"turns":3.0},{"damage":0.0,"enemies":"Slime Boss","floor":16.0,"turns":5.0},{"damage":27.0,"enemies":"3 Byrds","floor":18.0,"turns":6.0},{"damage":22,"enemies":"Spheric Guardian","floor":21,"turns":5},{"damage":19,"enemies":"Snake Plant","floor":22,"turns":4},{"damage":29,"enemies":"Book of Stabbing","floor":25,"turns":7}],"seed_played":"4755378614467394603","potions_obtained":[{"floor":3.0,"key":"Block Potion"},{"floor":7.0,"key":"ColorlessPotion"},{"floor":8.0,"key":"FearPotion"},{"floor":10.0,"key":"EssenceOfDarkness"},{"floor":14.0,"key":"DistilledChaos"},{"floor":21,"key":"SpeedPotion"}],"is_trial":false,"path_per_floor":["M","?","M","?","M","R","M","E","T","E","?","?","R","M","R","B",null,"M","?","?","M","M","R","?","E"],"character_chosen":"DEFECT","items_purchased":[],"campfire_rested":2,"item_purchase_floors":[],"current_hp_per_floor":[68,68,68,68,65,65,64,60,60,51,24,30,30,25,49,49,73,46,46,46,24,5,29,29,0,0],"gold":770,"neow_bonus":"RANDOM_COLORLESS_2","is_daily":false,"chose_seed":false,"campfire_upgraded":2,"win_rate":0.0,"timestamp":1611113969,"path_taken":["M","?","M","?","?","R","M","E","T","E","?","?","R","M","R","BOSS","M","?","?","?","M","R","?","E"],"items_purchased_type":[],"build_version":"2020-12-22","purchased_purges":0,"victory":false,"max_hp_per_floor":[75,75,75,75,75,75,75,75,75,75,75,81,81,81,81,81,81,81,81,81,81,81,81,81,81,81],"card_choices":[{"not_picked":["Violence","Panache"],"picked":"HandOfGreed","floor":0.0},{"not_picked":["Hologram","Beam Cell"],"picked":"Genetic Algorithm","floor":1.0},{"not_picked":["Streamline","Aggregate","Undo"],"picked":"SKIP","floor":3.0},{"not_picked":["Redo","White Noise"],"picked":"Glacier","floor":5.0},{"not_picked":["Streamline","Rebound","Turbo"],"picked":"SKIP","floor":7.0},{"not_picked":["Sunder","Aggregate"],"picked":"Defragment","floor":8.0},{"not_picked":["Gash","Sweeping Beam"],"picked":"BootSequence","floor":10.0},{"not_picked":["Ball Lightning","Rebound"],"picked":"Go for the Eyes","floor":11.0},{"not_picked":["Redo","Streamline","Heatsinks"],"picked":"SKIP","floor":14.0},{"not_picked":["Consume","Reprogram"],"picked":"Beam Cell","floor":15.0},{"not_picked":["Thunder Strike","Rainbow"],"picked":"Hyperbeam","floor":16.0},{"not_picked":["Barrage+1","Streamline"],"picked":"Conserve Battery","floor":18.0},{"not_picked":["Darkness+1","Scrape"],"picked":"Sweeping Beam+1","floor":21},{"not_picked":["Static Discharge","Rebound+1"],"picked":"Gash","floor":22},{"not_picked":["Leap","Go for the Eyes"],"picked":"Coolheaded","floor":23}],"player_experience":243957,"relics_obtained":[{"floor":8.0,"key":"Whetstone"},{"floor":9.0,"key":"Dream Catcher"},{"floor":10.0,"key":"Darkstone Periapt"},{"floor":11.0,"key":"Bottled Lightning"}],"event_choices":[{"damage_healed":0.0,"max_hp_gain":0.0,"max_hp_loss":0.0,"gold_gain":0.0,"event_name":"The Cleric","player_choice":"Leave","floor":2.0,"gold_loss":0.0,"damage_taken":0.0},{"damage_healed":0.0,"max_hp_gain":0.0,"max_hp_loss":0.0,"gold_gain":0.0,"event_name":"Match and Keep!","player_choice":"0 cards matched","floor":4.0,"gold_loss":0.0,"damage_taken":0.0,"cards_obtained":[]},{"damage_healed":0.0,"max_hp_gain":0.0,"max_hp_loss":0.0,"gold_gain":0.0,"event_name":"Dead Adventurer","player_choice":"Searched \u00272\u0027 times","floor":11.0,"gold_loss":0.0,"damage_taken":0.0},{"damage_healed":0.0,"max_hp_gain":0.0,"max_hp_loss":0.0,"gold_gain":0.0,"event_name":"Golden Idol","player_choice":"Take Wound","floor":12.0,"gold_loss":0.0,"damage_taken":0.0,"relics_obtained":["Golden Idol"],"cards_obtained":["Injury"]},{"damage_healed":0.0,"max_hp_gain":0.0,"max_hp_loss":0.0,"gold_gain":0.0,"cards_transformed":["Strike_B","Strike_B"],"event_name":"Drug Dealer","player_choice":"Became Test Subject","floor":19.0,"gold_loss":0.0,"damage_taken":0.0,"cards_obtained":["Leap","Tempest"]},{"damage_healed":0,"gold_gain":0,"player_choice":"Traded Relic","damage_taken":0,"relics_obtained":["Nloth\u0027s Gift"],"max_hp_gain":0,"max_hp_loss":0,"event_name":"N\u0027loth","floor":20,"relics_lost":["Darkstone Periapt"],"gold_loss":0},{"damage_healed":0,"gold_gain":99,"player_choice":"Stole From Cult","damage_taken":0,"max_hp_gain":0,"max_hp_loss":0,"event_name":"Nest","floor":24,"gold_loss":0}],"is_beta":false,"boss_relics":[{"not_picked":["SacredBark","Snecko Eye"],"picked":"FrozenCore"}],"items_purged_floors":[],"is_endless":false,"potions_floor_spawned":[3,7,8,10,14,21],"killed_by":"Book of Stabbing","ascension_level":6}}