{"host":"3a1ypf1irl30q4k8","time":1611183275,"event":{"mods":["AchievementEnabler","BaseMod","Bestiary","Colored Map","Minty Spire (QoL Compilation)","Relic Stats"],"gold_per_floor":[418,437,437,118,138,169,169,199,199,214,214,240,240,240,240,337,337,382,422,449,449,449,475,475,503,549,549,549,567,567,579,579,683,683,727,738,78,78,153,153,170,45,45,45,73,87,87,98,98,98,98,98,48,83,83,83],"floor_reached":55,"language":"ENG","playtime":4422,"items_purged":["Strike_P","Doubt","Strike_P+1"],"score":860,"play_id":"21f41890-fdb1-41b6-b3e5-9f837ceba456","local_time":"20210120225435","is_ascension_mode":true,"campfire_choices":[{"data":"Eruption","floor":7.0,"key":"SMITH"},{"data":"EmptyBody","floor":11.0,"key":"SMITH"},{"data":"ThirdEye","floor":15.0,"key":"SMITH"},{"data":"WheelKick","floor":24.0,"key":"SMITH"},{"data":"ClearTheMind","floor":27,"key":"SMITH"},{"floor":30,"key":"REST"},{"data":"Vigilance","floor":32,"key":"SMITH"},{"data":"EmptyBody","floor":40,"key":"SMITH"},{"floor":47,"key":"REST"},{"floor":49,"key":"RECALL"},{"data":"DeusExMachina","floor":52,"key":"SMITH"}],"circlet_count":0,"master_deck":["Strike_P+1","Strike_P+1","Defend_P+1","Defend_P+1","Defend_P+1","Defend_P+1","Eruption+1","Vigilance+1","Crescendo","EmptyFist+1","FlyingSleeves","EmptyBody+1","BattleHymn","Adaptation","ClearTheMind+1","ThirdEye+1","WheelKick+1","Wish+1","LikeWater","Halt+1","Vault","J.A.X.","Protect","EmptyBody+1","DeusExMachina+1","Wallop+1","CutThroughFate+1","Madness","Madness","TalkToTheHand+1","Writhe"],"relics":["PureWater","Old Coin","Sling","Pen Nib","Meat on the Bone","MealTicket","Anchor","Cursed Key","Red Mask","Art of War","InkBottle","Ancient Tea Set","Molten Egg 2","Snecko Eye","Dead Branch","Strawberry","Ginger","Bottled Lightning","Centennial Puzzle"],"acts_visited":["Exordium","TheCity","TheBeyond","TheEnding"],"potions_floor_usage":[31,33,45,45,50,55,55],"damage_taken":[{"damage":0.0,"enemies":"Small Slimes","floor":1.0,"turns":2.0},{"damage":7.0,"enemies":"Jaw Worm","floor":2.0,"turns":3.0},{"damage":0.0,"enemies":"Cultist","floor":5.0,"turns":2.0},{"damage":15.0,"enemies":"Lagavulin","floor":6.0,"turns":5.0},{"damage":5.0,"enemies":"3 Sentries","floor":8.0,"turns":3.0},{"damage":0.0,"enemies":"2 Fungi Beasts","floor":10.0,"turns":3.0},{"damage":10.0,"enemies":"Gremlin Nob","floor":12.0,"turns":3.0},{"damage":14.0,"enemies":"The Guardian","floor":16.0,"turns":8.0},{"damage":11.0,"enemies":"Spheric Guardian","floor":18.0,"turns":3.0},{"damage":3.0,"enemies":"2 Thieves","floor":19.0,"turns":4.0},{"damage":23.0,"enemies":"Masked Bandits","floor":20.0,"turns":6.0},{"damage":0.0,"enemies":"Gremlin Leader","floor":23.0,"turns":5.0},{"damage":16.0,"enemies":"Book of Stabbing","floor":25.0,"turns":5.0},{"damage":10,"enemies":"Shelled Parasite and Fungi","floor":29,"turns":3},{"damage":3,"enemies":"Chosen and Byrds","floor":31,"turns":7},{"damage":26,"enemies":"Automaton","floor":33,"turns":9},{"damage":0,"enemies":"Orb Walker","floor":35,"turns":3},{"damage":32,"enemies":"3 Darklings","floor":36,"turns":6},{"damage":2,"enemies":"Mind Bloom Boss Battle","floor":39,"turns":4},{"damage":0,"enemies":"Spire Growth","floor":41,"turns":2},{"damage":21,"enemies":"Nemesis","floor":45,"turns":8},{"damage":6,"enemies":"Jaw Worm Horde","floor":46,"turns":5},{"damage":0,"enemies":"3 Darklings","floor":48,"turns":4},{"damage":76,"enemies":"Awakened One","floor":50,"turns":10},{"damage":30,"enemies":"Shield and Spear","floor":54,"turns":10},{"damage":60,"enemies":"The Heart","floor":55,"turns":4}],"seed_played":"2953270494980570315","potions_obtained":[{"floor":5.0,"key":"Explosive Potion"},{"floor":6.0,"key":"AttackPotion"},{"floor":8.0,"key":"Swift Potion"},{"floor":14.0,"key":"Ambrosia"},{"floor":14.0,"key":"EssenceOfSteel"},{"floor":16.0,"key":"FairyPotion"},{"floor":20.0,"key":"Regen Potion"},{"floor":29,"key":"DistilledChaos"},{"floor":31,"key":"LiquidMemories"},{"floor":33,"key":"FearPotion"},{"floor":36,"key":"BlessingOfTheForge"},{"floor":39,"key":"Fruit Juice"},{"floor":46,"key":"Weak Potion"},{"floor":54,"key":"Energy Potion"}],"is_trial":false,"path_per_floor":["M","M","?","$","M","E","R","E","T","M","R","E","?","?","R","B",null,"M","M","?","?","?","E","R","E","T","R","?","M","R","M","R","B",null,"M","M","$","?","?","R","M","$","T","?","E","M","R","M","R","B",null,"R","$","E","B"],"character_chosen":"WATCHER","items_purchased":["Sling","FlyingSleeves","EmptyBody","Dead Branch","Strawberry","BottledMiracle","LiquidMemories","Dexterity Potion"],"campfire_rested":2,"item_purchase_floors":[4,4,4,37,37,37,37,53],"current_hp_per_floor":[65,58,58,58,58,43,43,38,38,38,38,40,40,40,40,38,65,54,51,40,40,40,54,54,38,38,38,38,40,59,56,56,42,65,65,33,55,46,44,44,44,59,59,59,43,49,72,72,72,35,77,77,77,47,0,0],"gold":83,"neow_bonus":"ONE_RARE_RELIC","is_daily":false,"chose_seed":false,"campfire_upgraded":8,"win_rate":0.0,"timestamp":1611183275,"path_taken":["M","M","?","$","M","E","R","E","T","M","R","E","?","?","R","BOSS","M","M","?","?","?","E","R","E","T","R","?","?","R","M","R","BOSS","M","M","$","?","?","R","M","?","T","?","E","?","R","M","R","BOSS","R","$","E","BOSS"],"items_purchased_type":["Relic","Card","Card","Relic","Relic","Potion","Potion","Potion"],"build_version":"2020-12-22","purchased_purges":3,"victory":false,"max_hp_per_floor":[65,65,65,65,65,65,65,65,65,65,65,65,65,65,65,65,65,65,65,65,65,65,65,65,65,65,65,65,65,65,65,65,65,65,65,65,72,72,72,72,72,72,72,72,77,77,77,77,77,77,77,77,77,77,77,77],"relic_stats":{"Centennial Puzzle":[2],"counters":[26,127],"Dead Branch":[114],"Snecko Eye":[91,111,100,117],"MealTicket":30,"Pen Nib":[22],"Art of War":[12],"Ginger":[2],"Cursed Key":2,"obtain_stats":[{"Dead Branch":37,"Pen Nib":6,"Ginger":39,"Sling":4,"Cursed Key":17,"Ancient Tea Set":26,"Old Coin":0,"Anchor":12,"Centennial Puzzle":54,"Strawberry":37,"Snecko Eye":34,"MealTicket":9,"Molten Egg 2":28,"Red Mask":20,"Art of War":23,"Bottled Lightning":45,"PureWater":0,"InkBottle":25,"Meat on the Bone":8},{"Dead Branch":18,"Pen Nib":4,"Ginger":19,"Sling":2,"Cursed Key":8,"Ancient Tea Set":13,"Old Coin":0,"Anchor":7,"Centennial Puzzle":25,"Strawberry":18,"Snecko Eye":16,"MealTicket":5,"Molten Egg 2":13,"Red Mask":11,"Art of War":12,"Bottled Lightning":21,"PureWater":0,"InkBottle":13,"Meat on the Bone":5},{"Dead Branch":80,"Pen Nib":12,"Ginger":84,"Sling":5,"Cursed Key":29,"Ancient Tea Set":52,"Old Coin":0,"Anchor":21,"Centennial Puzzle":123,"Strawberry":80,"Snecko Eye":71,"MealTicket":15,"Molten Egg 2":52,"Red Mask":42,"Art of War":47,"Bottled Lightning":94,"PureWater":0,"InkBottle":52,"Meat on the Bone":15}],"InkBottle":[38],"Meat on the Bone":84},"card_choices":[{"not_picked":["Vengeance","JustLucky"],"picked":"Crescendo","floor":1.0},{"not_picked":["JustLucky","FlurryOfBlows"],"picked":"EmptyFist","floor":2.0},{"not_picked":["Meditate","SashWhip"],"picked":"BattleHymn","floor":5.0},{"not_picked":["ThirdEye","PathToVictory"],"picked":"Adaptation","floor":6.0},{"not_picked":["FollowUp","JustLucky"],"picked":"ClearTheMind","floor":8.0},{"not_picked":["CutThroughFate","Collect"],"picked":"ThirdEye","floor":10.0},{"not_picked":["ClearTheMind","Nirvana"],"picked":"WheelKick","floor":12.0},{"not_picked":["Judgement","Devotion"],"picked":"Wish","floor":16.0},{"not_picked":["Protect","PathToVictory+1"],"picked":"LikeWater","floor":18.0},{"not_picked":["FearNoEvil","Crescendo"],"picked":"Halt+1","floor":19.0},{"not_picked":["Prostrate","SashWhip+1"],"picked":"Vault","floor":20.0},{"not_picked":["FlyingSleeves","FlurryOfBlows"],"picked":"Protect","floor":23.0},{"not_picked":["Perseverance","SpiritShield"],"picked":"EmptyBody","floor":25},{"not_picked":["ClearTheMind+1","Prostrate","Halt"],"picked":"SKIP","floor":29},{"not_picked":["Worship","WindmillStrike+1","FlyingSleeves+1"],"picked":"SKIP","floor":31},{"not_picked":["Judgement","Brilliance+1"],"picked":"DeusExMachina","floor":33},{"not_picked":["Evaluate","CrushJoints+1"],"picked":"Wallop+1","floor":35},{"not_picked":["FollowUp+1","SashWhip+1"],"picked":"CutThroughFate+1","floor":36},{"not_picked":["JustLucky+1","Prostrate"],"picked":"TalkToTheHand+1","floor":39},{"not_picked":["JustLucky+1","Evaluate","ClearTheMind+1"],"picked":"SKIP","floor":41},{"not_picked":["CrushJoints+1","Devotion","EmptyMind+1"],"picked":"SKIP","floor":45},{"not_picked":["Study+1","FlurryOfBlows+1","CrushJoints+1"],"picked":"SKIP","floor":46},{"not_picked":["Wireheading+1","Study","ThirdEye"],"picked":"SKIP","floor":48},{"not_picked":["FlurryOfBlows+1","Alpha","CrushJoints+1"],"picked":"SKIP","floor":54}],"player_experience":1140794,"relics_obtained":[{"floor":6.0,"key":"Pen Nib"},{"floor":8.0,"key":"Meat on the Bone"},{"floor":9.0,"key":"MealTicket"},{"floor":12.0,"key":"Anchor"},{"floor":20.0,"key":"Red Mask"},{"floor":23.0,"key":"Art of War"},{"floor":25,"key":"InkBottle"},{"floor":26,"key":"Ancient Tea Set"},{"floor":39,"key":"Ginger"},{"floor":45,"key":"Bottled Lightning"},{"floor":54,"key":"Centennial Puzzle"}],"event_choices":[{"damage_healed":0.0,"max_hp_gain":0.0,"max_hp_loss":0.0,"gold_gain":0.0,"event_name":"Living Wall","player_choice":"Grow","floor":3.0,"gold_loss":0.0,"damage_taken":0.0,"cards_upgraded":["EmptyFist"]},{"damage_healed":0.0,"max_hp_gain":0.0,"max_hp_loss":0.0,"gold_gain":0.0,"event_name":"Liars Game","player_choice":"Ignored","floor":13.0,"gold_loss":0.0,"damage_taken":0.0},{"damage_healed":0.0,"max_hp_gain":0.0,"max_hp_loss":0.0,"gold_gain":0.0,"event_name":"Lab","player_choice":"Got Potions","floor":14.0,"gold_loss":0.0,"damage_taken":0.0},{"damage_healed":0.0,"max_hp_gain":0.0,"max_hp_loss":0.0,"gold_gain":0.0,"event_name":"Masked Bandits","player_choice":"Fought Bandits","floor":20.0,"gold_loss":0.0,"damage_taken":0.0},{"damage_healed":0.0,"max_hp_gain":0.0,"max_hp_loss":0.0,"gold_gain":0.0,"event_name":"Drug Dealer","player_choice":"Obtain J.A.X.","floor":21.0,"gold_loss":0.0,"damage_taken":0.0,"cards_obtained":["J.A.X."]},{"damage_healed":0.0,"max_hp_gain":0.0,"max_hp_loss":0.0,"gold_gain":0.0,"event_name":"Back to Basics","player_choice":"Simplicity","floor":22.0,"gold_loss":0.0,"damage_taken":0.0,"cards_upgraded":["Strike_P","Strike_P","Strike_P","Defend_P","Defend_P","Defend_P","Defend_P"]},{"damage_healed":0,"gold_gain":0,"player_choice":"Opened","damage_taken":0,"relics_obtained":["Molten Egg 2"],"max_hp_gain":0,"max_hp_loss":0,"event_name":"The Mausoleum","floor":28,"gold_loss":0},{"damage_healed":0,"gold_gain":0,"player_choice":"Embrace Madness","damage_taken":9,"max_hp_gain":0,"max_hp_loss":0,"event_name":"Winding Halls","floor":38,"gold_loss":0,"cards_obtained":["Madness","Madness"]},{"damage_healed":0,"gold_gain":0,"player_choice":"Fight","damage_taken":0,"max_hp_gain":0,"max_hp_loss":0,"event_name":"MindBloom","floor":39,"gold_loss":0},{"damage_healed":0,"gold_gain":0,"player_choice":"Forge","damage_taken":0,"max_hp_gain":0,"max_hp_loss":0,"event_name":"Accursed Blacksmith","floor":44,"gold_loss":0,"cards_upgraded":["Wish"]}],"is_beta":false,"boss_relics":[{"not_picked":["Velvet Choker","Runic Dome"],"picked":"Cursed Key"},{"not_picked":["Black Star","Tiny House"],"picked":"Snecko Eye"}],"items_purged_floors":[4,37,42],"is_endless":false,"potions_floor_spawned":[5,6,8,16,20,29,31,33,36,39,46,54],"killed_by":"The Heart","ascension_level":3}}