{"host":"ss2ocoam53r2lno0","time":1611142124,"event":{"mods":["Act Like it!","BaseMod","ChefMod","Clockwork Mod","Colored Powertips","Curses Come First","Displayed Cursed Tome","Downfall","Evolution","Googly Eyes","Hallownest","Highlight Path","Minty Spire (QoL Compilation)","Poor People Problems","Rare Cards Sparkle","Robot Space Explorer","Shade Mod","Shop Mod","Spicy Shops","StSLib","The Marked"],"gold_per_floor":[13,29,42,61,61,61,136,136,136,169,169,169,184,200,200,298,298,321,321,342,361,32,32,32,55,81,81,81,81],"floor_reached":28,"language":"ENG","playtime":2014,"items_purged":["Clockwork:Strike"],"score":417,"play_id":"11237ef3-9e82-4756-b76d-eb6087b15cd0","local_time":"20210120122844","is_ascension_mode":true,"campfire_choices":[{"data":"Clockwork:UnlimitedCogworks","floor":6.0,"key":"SMITH"},{"floor":8.0,"key":"REST"},{"data":"Clockwork:LogisticRegression","floor":12.0,"key":"SMITH"},{"floor":15.0,"key":"REST"},{"data":"Clockwork:CogToss","floor":23.0,"key":"SMITH"},{"data":"Clockwork:UnlimitedCogworks","floor":27.0,"key":"SMITH"}],"circlet_count":0,"master_deck":["AscendersBane","Clockwork:CogToss+1","Clockwork:CogToss+1","Clockwork:Strike+1","Clockwork:Shield","Clockwork:Shield","Clockwork:Shield","Clockwork:Shield","Clockwork:Tinker","Clockwork:WarmUp","Clockwork:UnlimitedCogworks+1","Clockwork:LogisticRegression+1","Clockwork:UnlimitedCogworks+1","Clockwork:KaliMa","Clockwork:EnthusiasticStrike+1"],"relics":["Clockwork:MomentumEngine","EVO:Axolotl","Mercury Hourglass","CaptainsWheel","Golden Idol","SlaversCollar","Ornamental Fan","Membership Card","MerchantsRug","Orichalcum"],"acts_visited":["Exordium","TheCity"],"potions_floor_usage":[28,28],"damage_taken":[{"damage":4.0,"enemies":"2 Louse","floor":1.0,"turns":6.0},{"damage":5.0,"enemies":"Small Slimes","floor":2.0,"turns":5.0},{"damage":3.0,"enemies":"Jaw Worm","floor":3.0,"turns":6.0},{"damage":0.0,"enemies":"3 Louse","floor":4.0,"turns":4.0},{"damage":24.0,"enemies":"3 Sentries","floor":10.0,"turns":8.0},{"damage":10.0,"enemies":"Looter","floor":13.0,"turns":4.0},{"damage":13.0,"enemies":"Blue Slaver","floor":14.0,"turns":4.0},{"damage":35.0,"enemies":"The Guardian","floor":16.0,"turns":4.0},{"damage":15.0,"enemies":"Spheric Guardian","floor":18.0,"turns":5.0},{"damage":24.0,"enemies":"3 Byrds","floor":20.0,"turns":4.0},{"damage":18.0,"enemies":"Shelled Parasite and Fungi","floor":21.0,"turns":4.0},{"damage":0.0,"enemies":"Centurion and Healer","floor":25.0,"turns":4.0},{"damage":26,"enemies":"Snecko","floor":28,"turns":5}],"seed_played":"9049400409240362949","potions_obtained":[{"floor":2.0,"key":"BlessingOfTheForge"},{"floor":3.0,"key":"DuplicationPotion"},{"floor":14.0,"key":"DistilledChaos"},{"floor":18.0,"key":"FairyPotion"},{"floor":25.0,"key":"SkillPotion"}],"is_trial":false,"path_per_floor":["M","M","M","M","$","R","?","R","T","E","?","R","M","M","R","B",null,"M","?","M","M","$","R","?","M","T","R","M"],"character_chosen":"CLOCKWORK","items_purchased":["Membership Card","Whetstone","MerchantsRug"],"campfire_rested":2,"item_purchase_floors":[22,22,22],"current_hp_per_floor":[67,62,59,59,59,59,48,71,71,47,47,47,37,24,45,10,57,42,42,18,21,21,21,21,21,21,21,0,0],"gold":81,"neow_bonus":"THREE_RARE_CARDS","is_daily":false,"chose_seed":false,"campfire_upgraded":4,"win_rate":0.0,"timestamp":1611142124,"path_taken":["M","M","M","M","$","R","?","R","T","E","?","R","M","M","R","BOSS","M","?","M","M","$","R","?","M","T","R","M"],"items_purchased_type":["Relic","Relic","Relic"],"build_version":"2020-12-22","purchased_purges":1,"victory":false,"max_hp_per_floor":[79,79,79,79,79,79,79,79,79,79,73,73,73,73,73,73,73,73,73,73,73,73,73,73,73,73,73,73,73],"card_choices":[{"not_picked":["Clockwork:Randomization","Clockwork:ReactiveNanites"],"picked":"Clockwork:UnlimitedCogworks","floor":0.0},{"not_picked":["Clockwork:AdaptiveCannon","Clockwork:Enhance","Clockwork:SearingStrike"],"picked":"SKIP","floor":1.0},{"not_picked":["Clockwork:CogToss","Clockwork:Roundhouse","Clockwork:Efficiency"],"picked":"SKIP","floor":2.0},{"not_picked":["Clockwork:MechanicalBulk","Clockwork:ChargingBlade","Clockwork:TestingEnvironment"],"picked":"SKIP","floor":3.0},{"not_picked":["Clockwork:Enhance","Clockwork:MechanicalMass","Clockwork:TimeOut"],"picked":"SKIP","floor":4.0},{"not_picked":["Clockwork:TimeOut","Clockwork:CraftBloodPhial"],"picked":"Clockwork:LogisticRegression","floor":10.0},{"not_picked":["Clockwork:CogToss","Clockwork:ChargingShield"],"picked":"Clockwork:UnlimitedCogworks","floor":13.0},{"not_picked":["Clockwork:CogBarrier","Clockwork:LiteraryArmor","Clockwork:SystemHardening"],"picked":"SKIP","floor":14.0},{"not_picked":["Clockwork:ReactiveNanites","Clockwork:Inspiration"],"picked":"Clockwork:KaliMa","floor":16.0},{"not_picked":["Clockwork:CogBarrier","Clockwork:CogToss"],"picked":"Clockwork:EnthusiasticStrike+1","floor":18.0},{"not_picked":["Clockwork:HoardingStrike","Clockwork:PerfectedShield","Clockwork:Pluck"],"picked":"SKIP","floor":20.0},{"not_picked":["Clockwork:AdaptiveShield","Clockwork:Pluck","Clockwork:Roundhouse"],"picked":"SKIP","floor":21.0},{"not_picked":["Clockwork:ForgeStrike+1","Clockwork:CraftCopperScales+1","Clockwork:CogShield+1"],"picked":"SKIP","floor":25.0}],"player_experience":805537,"relics_obtained":[{"floor":9.0,"key":"Mercury Hourglass"},{"floor":10.0,"key":"CaptainsWheel"},{"floor":26.0,"key":"Orichalcum"}],"event_choices":[{"damage_healed":0.0,"max_hp_gain":0.0,"max_hp_loss":0.0,"gold_gain":75.0,"event_name":"World of Goop","player_choice":"Gather Gold","floor":7.0,"gold_loss":0.0,"damage_taken":11.0},{"damage_healed":0.0,"max_hp_gain":0.0,"max_hp_loss":6.0,"gold_gain":0.0,"event_name":"Golden Idol","player_choice":"Lose Max HP","floor":11.0,"gold_loss":0.0,"damage_taken":0.0,"relics_obtained":["Golden Idol"]},{"damage_healed":0.0,"max_hp_gain":0.0,"max_hp_loss":0.0,"gold_gain":0.0,"event_name":"The Mausoleum","player_choice":"Opened","floor":19.0,"gold_loss":0.0,"damage_taken":0.0,"relics_obtained":["Ornamental Fan"]},{"damage_healed":0.0,"max_hp_gain":0.0,"max_hp_loss":0.0,"gold_gain":0.0,"event_name":"Cursed Tome","player_choice":"Ignored","floor":24.0,"gold_loss":0.0,"damage_taken":0.0}],"is_beta":false,"boss_relics":[{"not_picked":["Velvet Choker","Astrolabe"],"picked":"SlaversCollar"}],"items_purged_floors":[22],"is_endless":false,"potions_floor_spawned":[2,3,14,18,25],"killed_by":"Snecko","ascension_level":14}}