{"host":"97e98znyvgp3tx0i","time":1611100980,"event":{"mods":["AchievementEnabler","BaseMod","Colored Powertips","Googly Eyes","Highlight Path","Minty Spire (QoL Compilation)","Quick Restart"],"gold_per_floor":[110,136,147,33,51,85,96,96,96,131,131,131,144,176,176,278,278,292,292,311,324,324,324,354,371,371,81,81,27,27,45,45,140,140,150,150,150,150,150],"floor_reached":38,"language":"ENG","playtime":3696,"items_purged":[],"score":437,"play_id":"ca49542d-e572-48b7-b614-9cc9a4cba493","local_time":"20210119180300","is_ascension_mode":false,"campfire_choices":[{"floor":8,"key":"REST"},{"floor":11,"key":"REST"},{"floor":15,"key":"REST"},{"data":"BattleHymn","floor":28,"key":"SMITH"},{"data":"DevaForm","floor":30,"key":"SMITH"},{"data":"Eruption","floor":32,"key":"SMITH"}],"circlet_count":0,"master_deck":["Strike_P+1","Strike_P+1","Strike_P+1","Defend_P+1","Defend_P+1","Defend_P+1","Defend_P+1","Eruption+1","Vigilance","SashWhip","JustLucky","CarveReality","Fasting2","Study","Adaptation","BattleHymn+1","Devotion","Prostrate","SashWhip","MasterReality","Evaluate","Prostrate","Indignation","Prostrate","Judgement","Vengeance+1","DevaForm+1","Prostrate","InnerPeace","DeusExMachina","Halt"],"relics":["HolyWater","Art of War","Boot","Pantograph","Meat on the Bone","InkBottle","Bronze Scales","HornCleat","Bag of Marbles","Nunchaku","Fusion Hammer","PreservedInsect"],"acts_visited":["Exordium","TheCity","TheBeyond"],"potions_floor_usage":[10,14,16,18,21,24,33],"damage_taken":[{"damage":0,"enemies":"Cultist","floor":1,"turns":5},{"damage":2,"enemies":"Small Slimes","floor":3,"turns":4},{"damage":0,"enemies":"2 Louse","floor":5,"turns":2},{"damage":21,"enemies":"3 Sentries","floor":6,"turns":6},{"damage":7,"enemies":"Blue Slaver","floor":7,"turns":4},{"damage":21,"enemies":"Lagavulin","floor":10,"turns":6},{"damage":17,"enemies":"Looter","floor":13,"turns":4},{"damage":28,"enemies":"Gremlin Nob","floor":14,"turns":4},{"damage":63,"enemies":"Hexaghost","floor":16,"turns":4},{"damage":4,"enemies":"Spheric Guardian","floor":18,"turns":5},{"damage":0,"enemies":"Chosen","floor":20,"turns":4},{"damage":12,"enemies":"Snecko","floor":21,"turns":4},{"damage":12,"enemies":"Gremlin Leader","floor":24,"turns":5},{"damage":0,"enemies":"Snake Plant","floor":25,"turns":3},{"damage":6,"enemies":"Shelled Parasite and Fungi","floor":31,"turns":3},{"damage":46,"enemies":"Champ","floor":33,"turns":4},{"damage":9,"enemies":"3 Shapes","floor":35,"turns":4},{"damage":69,"enemies":"2 Orb Walkers","floor":38,"turns":4}],"seed_played":"-3893203414017784223","potions_obtained":[{"floor":3,"key":"PowerPotion"},{"floor":5,"key":"Weak Potion"},{"floor":13,"key":"AttackPotion"},{"floor":16,"key":"Block Potion"},{"floor":18,"key":"StancePotion"},{"floor":21,"key":"Explosive Potion"},{"floor":24,"key":"Strength Potion"},{"floor":33,"key":"Energy Potion"}],"is_trial":false,"path_per_floor":["M","T","M","$","M","E","M","R","T","E","R","?","M","E","R","B",null,"M","?","M","M","?","?","E","M","T","$","R","$","R","M","R","B",null,"M","T","?","?"],"character_chosen":"WATCHER","items_purchased":["CarveReality","Fasting2","DevaForm","Nunchaku","Prostrate"],"campfire_rested":3,"item_purchase_floors":[4,4,27,27,29],"current_hp_per_floor":[72,72,70,70,70,49,42,63,63,42,63,63,46,30,51,21,72,68,68,68,56,56,56,44,44,44,44,44,44,44,38,38,29,72,63,63,63,0,0],"gold":150,"neow_bonus":"RANDOM_COMMON_RELIC","is_daily":false,"chose_seed":false,"campfire_upgraded":3,"win_rate":0.0,"timestamp":1611100980,"path_taken":["M","?","M","$","M","E","M","R","T","E","R","?","M","E","R","BOSS","M","?","M","M","?","?","E","M","T","$","R","?","R","M","R","BOSS","M","?","?","?"],"items_purchased_type":["Card","Card","Card","Relic","Card"],"build_version":"2020-12-22","purchased_purges":0,"victory":false,"max_hp_per_floor":[72,72,72,72,72,72,72,72,72,72,72,72,72,72,72,72,72,72,72,72,72,72,72,72,72,72,72,72,72,72,72,72,72,72,72,72,72,72,72],"card_choices":[{"not_picked":["FlyingSleeves","BowlingBash"],"picked":"SashWhip","floor":1},{"not_picked":["BowlingBash","CutThroughFate"],"picked":"JustLucky","floor":3},{"not_picked":["SashWhip","FlurryOfBlows"],"picked":"Study","floor":5},{"not_picked":["Evaluate","Halt"],"picked":"Adaptation","floor":6},{"not_picked":["FearNoEvil","FlyingSleeves"],"picked":"BattleHymn","floor":7},{"not_picked":["Indignation","Brilliance"],"picked":"Devotion","floor":10},{"not_picked":["Adaptation","FollowUp"],"picked":"Prostrate","floor":13},{"not_picked":["SandsOfTime","CutThroughFate"],"picked":"SashWhip","floor":14},{"not_picked":["Judgement","Brilliance"],"picked":"MasterReality","floor":16},{"not_picked":["PathToVictory","Protect"],"picked":"Evaluate","floor":18},{"not_picked":["SashWhip+1","ThirdEye"],"picked":"Prostrate","floor":20},{"not_picked":["FlyingSleeves","Swivel+1"],"picked":"Indignation","floor":21},{"not_picked":["Protect","Halt"],"picked":"Judgement","floor":24},{"not_picked":["PathToVictory","Halt"],"picked":"Vengeance+1","floor":25},{"not_picked":["JustLucky","Indignation"],"picked":"InnerPeace","floor":31},{"not_picked":["Judgement","DevaForm"],"picked":"DeusExMachina","floor":33},{"not_picked":["Meditate","InnerPeace"],"picked":"Halt","floor":35}],"player_experience":161682,"relics_obtained":[{"floor":2,"key":"Boot"},{"floor":6,"key":"Pantograph"},{"floor":9,"key":"Meat on the Bone"},{"floor":10,"key":"InkBottle"},{"floor":14,"key":"Bronze Scales"},{"floor":24,"key":"HornCleat"},{"floor":26,"key":"Bag of Marbles"},{"floor":36,"key":"PreservedInsect"}],"event_choices":[{"damage_healed":0,"gold_gain":0,"player_choice":"Ignored","damage_taken":0,"max_hp_gain":0,"max_hp_loss":0,"event_name":"Golden Idol","floor":12,"gold_loss":0},{"damage_healed":0,"gold_gain":0,"player_choice":"Simplicity","damage_taken":0,"max_hp_gain":0,"max_hp_loss":0,"event_name":"Back to Basics","floor":19,"gold_loss":0,"cards_upgraded":["Strike_P","Strike_P","Strike_P","Strike_P","Defend_P","Defend_P","Defend_P","Defend_P"]},{"damage_healed":0,"gold_gain":0,"player_choice":"Read","damage_taken":0,"max_hp_gain":0,"max_hp_loss":0,"event_name":"The Library","floor":22,"gold_loss":0,"cards_obtained":["Prostrate"]},{"damage_healed":0,"gold_gain":0,"player_choice":"Ignored","damage_taken":0,"max_hp_gain":0,"max_hp_loss":0,"event_name":"Ghosts","floor":23,"gold_loss":0},{"cards_removed":["Strike_P"],"damage_healed":0,"gold_gain":0,"player_choice":"Removed Attack","damage_taken":0,"max_hp_gain":0,"max_hp_loss":0,"event_name":"Falling","floor":37,"gold_loss":0},{"damage_healed":0,"gold_gain":0,"player_choice":"Fight","damage_taken":0,"max_hp_gain":0,"max_hp_loss":0,"event_name":"Mysterious Sphere","floor":38,"gold_loss":0}],"is_beta":false,"boss_relics":[{"not_picked":["Philosopher\u0027s Stone","Black Star"],"picked":"HolyWater"},{"not_picked":["Runic Dome","Busted Crown"],"picked":"Fusion Hammer"}],"items_purged_floors":[],"is_endless":false,"potions_floor_spawned":[3,5,13,16,18,21,24,33],"killed_by":"2 Orb Walkers","ascension_level":0}}