{"host":"0dsi8ju7ih3zb7n8","time":1611172965,"event":{"mods":["2.2 Compatiblity","Act Like it!","BaseMod","Downfall","Hermit","Minty Spire (QoL Compilation)","Robot Space Explorer","Spicy Shops","StSLib"],"gold_per_floor":[99,113,129,579,754,754,754,754,784,784,815,815,815,815],"floor_reached":12,"language":"ENG","playtime":443,"items_purged":[],"score":84,"play_id":"799c3274-da2b-4c36-afd6-2bd769f68d96","local_time":"20210120210245","daily_mods":["SealedDeck","Heirloom","Flight"],"is_ascension_mode":false,"campfire_choices":[{"data":"bronze:Flail","floor":1,"key":"SMITH"},{"data":"bronze:FineTuning","floor":6,"key":"SMITH"},{"floor":8,"key":"RECALL"},{"data":"bronze:GetLatest","floor":10,"key":"SMITH"}],"circlet_count":0,"master_deck":["bronze:Refactor","bronze:FineTuning+1","bronze:Constructor","bronze:Return","bronze:ClassDefault","bronze:InfiniteBeams","bronze:Turbo","bronze:Iterate","bronze:Flail+1","bronze:ChosenStrike","bronze:GetLatest+1","bronze:Optimize","downfall:Icky","downfall:Icky","downfall:Icky","Doubt","bronze:CloningBeam","bronze:Terminator"],"relics":["bronze:BronzeCore","Ginger","bronze:SilverBullet","Orichalcum"],"acts_visited":["Exordium"],"potions_floor_usage":[11,12],"damage_taken":[{"damage":1,"enemies":"Cultist","floor":2,"turns":3},{"damage":0,"enemies":"Small Slimes","floor":3,"turns":2},{"damage":30,"enemies":"Gremlin Nob","floor":9,"turns":5},{"damage":10,"enemies":"Lagavulin","floor":11,"turns":5},{"damage":32,"enemies":"Gremlin Nob","floor":12,"turns":4}],"seed_played":"-7567678697042813215","potions_obtained":[{"floor":3,"key":"Weak Potion"},{"floor":9,"key":"sneckomod:MuddlingPotion"},{"floor":11,"key":"Explosive Potion"}],"is_trial":true,"path_per_floor":["R","M","M","?","?","R","T","R","E","R","E","E"],"character_chosen":"THE_AUTOMATON","items_purchased":[],"campfire_rested":0,"item_purchase_floors":[],"current_hp_per_floor":[70,69,69,69,69,69,69,69,39,39,29,0,0,0],"gold":815,"neow_bonus":"","is_daily":false,"chose_seed":false,"campfire_upgraded":3,"win_rate":0.0,"timestamp":1611172965,"path_taken":["R","M","?","?","?","R","T","R","E","R","E","E"],"items_purchased_type":[],"build_version":"2020-12-22","purchased_purges":0,"victory":false,"max_hp_per_floor":[70,70,70,70,70,70,70,70,70,70,70,70,70,70],"card_choices":[{"not_picked":["bronze:WildBeam","bronze:Shield"],"picked":"bronze:GetLatest","floor":2},{"not_picked":["bronze:BugBarrage","bronze:Shield"],"picked":"bronze:Optimize","floor":3},{"not_picked":["bronze:DelayedSlice","bronze:WildBeam"],"picked":"bronze:CloningBeam","floor":9},{"not_picked":["bronze:Flail","bronze:Turbo"],"picked":"bronze:Terminator","floor":11}],"player_experience":830421,"relics_obtained":[{"floor":9,"key":"bronze:SilverBullet"},{"floor":11,"key":"Orichalcum"}],"event_choices":[],"is_beta":false,"boss_relics":[],"items_purged_floors":[],"is_endless":false,"potions_floor_spawned":[3,9,11],"killed_by":"Gremlin Nob","ascension_level":0}}