{"host":"foq4mrde4mssg7vt","time":1611140353,"event":{"mods":["AchievementEnabler","BaseMod","Colored Map","Colored Powertips","Highlight Path","Minty Spire (QoL Compilation)","Relic Stats","everything is the same but u backflip on backflip"],"gold_per_floor":[119,130,28,40,40,40,54,79,79,79,79,110,133,168,168,257,257,278,293,314,65,90,90,128,128,181,194,217,217,217],"floor_reached":29,"language":"ENG","playtime":1172,"items_purged":[],"score":505,"play_id":"c4a6472c-a6ed-46e3-8e14-9c27c909d61f","local_time":"20210120185913","is_ascension_mode":true,"campfire_choices":[{"data":"Bash","floor":6.0,"key":"SMITH"},{"data":"Spot Weakness","floor":10.0,"key":"SMITH"},{"data":"Limit Break","floor":15.0,"key":"SMITH"},{"floor":23.0,"key":"REST"},{"floor":25.0,"key":"REST"}],"circlet_count":0,"master_deck":["AscendersBane","Strike_R","Strike_R","Strike_R","Strike_R","Strike_R","Defend_R","Defend_R","Defend_R","Defend_R","Bash+1","Limit Break+1","Anger","Feel No Pain","Iron Wave","Pommel Strike","Spot Weakness+1","Hemokinesis","Second Wind","Feed","Exhume","Headbutt","Shrug It Off","Reaper","Flame Barrier+1","Feel No Pain","Shrug It Off","Shrug It Off"],"relics":["Burning Blood","Golden Idol","Ancient Tea Set","Red Skull","HornCleat","Fusion Hammer","Orrery","Mummified Hand","Oddly Smooth Stone"],"acts_visited":["Exordium","TheCity"],"potions_floor_usage":[],"damage_taken":[{"damage":14.0,"enemies":"Jaw Worm","floor":1.0,"turns":4.0},{"damage":18.0,"enemies":"Cultist","floor":2.0,"turns":5.0},{"damage":4.0,"enemies":"Small Slimes","floor":4.0,"turns":4.0},{"damage":12.0,"enemies":"Looter","floor":7.0,"turns":4.0},{"damage":22.0,"enemies":"Lots of Slimes","floor":8.0,"turns":4.0},{"damage":10.0,"enemies":"Gremlin Nob","floor":12.0,"turns":3.0},{"damage":10.0,"enemies":"3 Louse","floor":13.0,"turns":2.0},{"damage":14.0,"enemies":"3 Sentries","floor":14.0,"turns":7.0},{"damage":31.0,"enemies":"Hexaghost","floor":16.0,"turns":9.0},{"damage":14.0,"enemies":"2 Thieves","floor":18.0,"turns":4.0},{"damage":17.0,"enemies":"Chosen","floor":19.0,"turns":4.0},{"damage":20.0,"enemies":"3 Cultists","floor":20.0,"turns":5.0},{"damage":24.0,"enemies":"Snecko","floor":22.0,"turns":6.0},{"damage":49.0,"enemies":"Slavers","floor":24.0,"turns":7.0},{"damage":44.0,"enemies":"Sentry and Sphere","floor":27.0,"turns":10.0},{"damage":39,"enemies":"Cultist and Chosen","floor":28,"turns":6},{"damage":25,"enemies":"Book of Stabbing","floor":29,"turns":4}],"seed_played":"-1553249145123658268","potions_obtained":[{"floor":2.0,"key":"DistilledChaos"},{"floor":4.0,"key":"BloodPotion"},{"floor":8.0,"key":"Regen Potion"},{"floor":16.0,"key":"GamblersBrew"},{"floor":20.0,"key":"DuplicationPotion"},{"floor":22.0,"key":"FearPotion"}],"is_trial":false,"path_per_floor":["M","M","$","M","?","R","M","M","T","R","?","E","M","E","R","B",null,"M","M","M","$","M","R","E","R","T","M","M","E"],"character_chosen":"IRONCLAD","items_purchased":["Feel No Pain","Iron Wave","Reaper","Orrery"],"campfire_rested":2,"item_purchase_floors":[3,3,21,21],"current_hp_per_floor":[60,48,48,50,50,50,44,41,41,41,41,37,33,40,40,15,55,53,45,37,37,22,47,29,54,54,32,25,0,0],"gold":217,"neow_bonus":"ONE_RANDOM_RARE_CARD","is_daily":false,"chose_seed":false,"campfire_upgraded":3,"win_rate":0.0,"timestamp":1611140353,"path_taken":["M","M","$","M","?","R","M","M","T","R","?","E","?","E","R","BOSS","M","M","M","$","M","R","E","R","T","?","M","E"],"items_purchased_type":["Card","Card","Card","Relic"],"build_version":"2020-12-22","purchased_purges":0,"victory":false,"max_hp_per_floor":[75,75,75,75,68,68,68,68,68,68,68,68,68,68,68,68,68,74,77,83,83,86,86,86,86,86,89,92,92,92],"relic_stats":{"counters":[17,88],"Golden Idol":79,"Mummified Hand":[6],"obtain_stats":[{"HornCleat":14,"Golden Idol":5,"Mummified Hand":24,"Orrery":21,"Oddly Smooth Stone":26,"Fusion Hammer":17,"Ancient Tea Set":9,"Burning Blood":0,"Red Skull":12},{"HornCleat":8,"Golden Idol":3,"Mummified Hand":14,"Orrery":12,"Oddly Smooth Stone":14,"Fusion Hammer":9,"Ancient Tea Set":5,"Burning Blood":0,"Red Skull":6},{"HornCleat":33,"Golden Idol":13,"Mummified Hand":68,"Orrery":55,"Oddly Smooth Stone":68,"Fusion Hammer":42,"Ancient Tea Set":21,"Burning Blood":0,"Red Skull":24}],"Burning Blood":96},"card_choices":[{"not_picked":["Warcry","Clash","Entrench"],"picked":"SKIP","floor":1.0},{"not_picked":["Warcry","Thunderclap"],"picked":"Anger","floor":2.0},{"not_picked":["Sentinel","Clothesline"],"picked":"Pommel Strike","floor":4.0},{"not_picked":["Headbutt","Infernal Blade"],"picked":"Spot Weakness","floor":7.0},{"not_picked":["Perfected Strike","Iron Wave","Ghostly Armor"],"picked":"SKIP","floor":8.0},{"not_picked":["Sentinel","Juggernaut","Anger"],"picked":"SKIP","floor":12.0},{"not_picked":["Flex","Pommel Strike"],"picked":"Second Wind","floor":13.0},{"not_picked":["Body Slam","Sword Boomerang"],"picked":"Feed","floor":14.0},{"not_picked":["Barricade","Berserk"],"picked":"Exhume","floor":16.0},{"not_picked":["Heavy Blade","Flex+1"],"picked":"Headbutt","floor":18.0},{"not_picked":["Havoc","Anger"],"picked":"Shrug It Off","floor":19.0},{"not_picked":["Thunderclap","Second Wind","Sword Boomerang"],"picked":"SKIP","floor":20.0},{"not_picked":["Flex","Shrug It Off"],"picked":"Flame Barrier+1","floor":21.0},{"not_picked":["Pommel Strike","Cleave"],"picked":"Feel No Pain","floor":21.0},{"not_picked":["Flame Barrier","Evolve+1","Sever Soul"],"picked":"SKIP","floor":22.0},{"not_picked":["Infernal Blade","Pummel"],"picked":"Shrug It Off","floor":24.0},{"not_picked":["True Grit","Perfected Strike"],"picked":"Shrug It Off","floor":27},{"not_picked":["Sentinel","Hemokinesis","Wild Strike"],"picked":"SKIP","floor":28}],"player_experience":505689,"relics_obtained":[{"floor":9.0,"key":"Ancient Tea Set"},{"floor":12.0,"key":"Red Skull"},{"floor":14.0,"key":"HornCleat"},{"floor":24.0,"key":"Mummified Hand"},{"floor":26.0,"key":"Oddly Smooth Stone"}],"event_choices":[{"damage_healed":0.0,"max_hp_gain":0.0,"max_hp_loss":7.0,"gold_gain":0.0,"event_name":"Golden Idol","player_choice":"Lose Max HP","floor":5.0,"gold_loss":0.0,"damage_taken":0.0,"relics_obtained":["Golden Idol"]},{"damage_healed":0.0,"max_hp_gain":0.0,"max_hp_loss":0.0,"gold_gain":0.0,"event_name":"Match and Keep!","player_choice":"1 cards matched","floor":11.0,"gold_loss":0.0,"damage_taken":0.0,"cards_obtained":["Hemokinesis"]}],"is_beta":false,"boss_relics":[{"not_picked":["Black Star","Runic Cube"],"picked":"Fusion Hammer"}],"items_purged_floors":[],"is_endless":false,"potions_floor_spawned":[2,4,8,16,20,22],"killed_by":"Book of Stabbing","ascension_level":19}}