{"host":"oz0i1fpezyhy8r2h","time":1611153074,"event":{"mods":["ATMod(∞¢Ë™Mod)","Arknights The Spire","BaseMod","CapriCore","GifTheSpireLib","Luminous","Minty Spire (QoL Compilation)","Reimu£®≤©¿ˆ¡È√Œ£©","Remilia£®¿Ÿ√◊¿Ú—«£©","Replay The Spire","StSLib","The Construct","The Cursed","The Gatherer","The Immortal","The Marked","°æ“≈ŒÔø®≈∆°øREMEMod"],"gold_per_floor":[114,131,131,141,141,170,170,180,233,243,253,284,284,39,39,39,39,39],"floor_reached":16,"language":"ZHS","playtime":898,"items_purged":[],"score":112,"play_id":"955246f0-94df-4f8b-b1b7-2f333700a3f7","local_time":"20210120223114","is_ascension_mode":false,"metric_token":1109,"campfire_choices":[{"data":"Gatherer:FlowerBeam","floor":7.0,"key":"SMITH"},{"data":"Gatherer:Liquidism","floor":15,"key":"SMITH"}],"circlet_count":0,"master_deck":["Gatherer:Strike_Gatherer","Gatherer:Strike_Gatherer","Gatherer:Strike_Gatherer","Gatherer:Strike_Gatherer","Gatherer:Strike_Gatherer","Gatherer:Defend_Gatherer","Gatherer:Defend_Gatherer","Gatherer:Defend_Gatherer","Gatherer:Defend_Gatherer","Gatherer:Centralize","Gatherer:FlowerWhip","Gatherer:RecoveryHerb","Gatherer:FlowerBeam+1","Gatherer:Solidify","Gatherer:ScherryThrow+1","Gatherer:Liquidism+1"],"relics":["Gatherer:AlchemyBag","AT_ATBox","REME_ComplimentaryCards","Gatherer:FlyingFruit","Blue Doll","Juzu Bracelet","ReplayTheSpireMod:Ring of Exchange","Ring of Fangs","ReplayTheSpireMod:Ninjato"],"acts_visited":["Exordium"],"potions_floor_usage":[12,16],"damage_taken":[{"damage":1.0,"enemies":"Cultist","floor":1.0,"turns":3.0},{"damage":3.0,"enemies":"Small Slimes","floor":2.0,"turns":3.0},{"damage":0.0,"enemies":"2 Louse","floor":4.0,"turns":3.0},{"damage":8.0,"enemies":"Gremlin Nob","floor":6.0,"turns":3.0},{"damage":1.0,"enemies":"Looter","floor":8.0,"turns":2.0},{"damage":6,"enemies":"Exordium Thugs","floor":10,"turns":4},{"damage":0,"enemies":"2 Fungi Beasts","floor":11,"turns":1},{"damage":10,"enemies":"Lagavulin","floor":12,"turns":5},{"damage":65,"enemies":"Slime Boss","floor":16,"turns":8}],"seed_played":"5892333585281653550","potions_obtained":[{"floor":4.0,"key":"construct:ShiftPotion"},{"floor":6.0,"key":"LiquidBronze"},{"floor":10,"key":"PowerPotion"}],"is_trial":false,"path_per_floor":["M","M","?","M","?","E","R","M","T","M","M","E","?","$","R","B"],"character_chosen":"THE_GATHERER","items_purchased":["ReplayTheSpireMod:Ninjato"],"campfire_rested":0,"item_purchase_floors":[14],"current_hp_per_floor":[78,76,58,65,65,57,57,56,56,53,56,49,49,49,49,0,0,0],"gold":39,"neow_bonus":"TEN_PERCENT_HP_BONUS","is_daily":false,"chose_seed":false,"campfire_upgraded":2,"win_rate":0.0,"timestamp":1611153074,"path_taken":["M","M","?","M","?","E","R","M","T","M","M","E","?","?","R","BOSS"],"items_purchased_type":["Relic"],"build_version":"2020-12-22","purchased_purges":0,"victory":false,"max_hp_per_floor":[79,79,79,83,83,83,83,83,83,83,83,83,83,83,83,83,83,83],"card_choices":[{"not_picked":["Gatherer:TreeGrowth","Gatherer:DrugPower"],"picked":"Gatherer:RecoveryHerb","floor":1.0},{"not_picked":["Gatherer:BambuSword","Gatherer:OddSpoils"],"picked":"Gatherer:FlowerBeam","floor":2.0},{"not_picked":["Gatherer:QuickSynthesis","Gatherer:AcidicSpray"],"picked":"Gatherer:Solidify","floor":4.0},{"not_picked":["Gatherer:FlowerShield","Gatherer:Frenzy","Gatherer:TreeGrowth"],"picked":"SKIP","floor":6.0},{"not_picked":["Gatherer:FragileHammer","Gatherer:AromaProtection","Gatherer:FlowerFalling"],"picked":"SKIP","floor":8.0},{"not_picked":["Gatherer:ScherryThrow","Gatherer:FlowerFalling","Gatherer:PotentialSlash"],"picked":"SKIP","floor":10},{"not_picked":["Gatherer:EnergyBasket","Gatherer:WitheringStrike","Gatherer:ScherryThrow"],"picked":"SKIP","floor":11},{"not_picked":["Gatherer:SaveValuables","Gatherer:QuickSynthesis"],"picked":"Gatherer:Liquidism","floor":12}],"player_experience":164099,"relics_obtained":[{"floor":6.0,"key":"Blue Doll"},{"floor":12,"key":"Juzu Bracelet"},{"floor":13,"key":"ReplayTheSpireMod:Ring of Exchange"},{"floor":13,"key":"Ring of Fangs"}],"event_choices":[{"damage_healed":0.0,"max_hp_gain":0.0,"max_hp_loss":0.0,"gold_gain":0.0,"event_name":"Scrap Ooze","player_choice":"Success","floor":3.0,"gold_loss":0.0,"damage_taken":18.0,"relics_obtained":["Gatherer:FlyingFruit"]}],"is_beta":false,"boss_relics":[],"items_purged_floors":[],"is_endless":false,"potions_floor_spawned":[4,6,10,11],"killed_by":"Slime Boss","ascension_level":0}}