{"host":"h9c2ptiayi21rmia","time":1611116025,"event":{"mods":["AchievementEnabler","Aspiration","BaseMod","Better Altar","Better Match","Better Note","Better Sensory Stone","Better Skull","Better Third Choice","Better Vampires","Block Reminder","ChefMod","Dio Mod","Evolution","Hermit","Hubris","JesterMod","Jorbs\u0027s Wanderer Trilogy","Kratos Character Expansion","Minty Spire (QoL Compilation)","Permanent Neow","Relic Stats","Replay The Spire","Shade Mod","Small Relic Pack","Spicy Shops","StS++","StSLib","The Dragon Tamer","The Marked","TheSwordswoman"],"gold_per_floor":[113,125,125,138,39,71,90,125,125,155,182,182,182,199,199,299,299,224,224,224,242,25,53,53,64,64,92,92,92,106,134,134,229,229,247,247,247,247,260,260,293,293,318,356,356,391,391,409,409,413,413],"floor_reached":50,"language":"ENG","playtime":15543,"items_purged":["hubris:Disease"],"score":863,"play_id":"b3b2a921-79fd-4c3f-b39d-d0e8320715fe","local_time":"20210119231345","is_ascension_mode":true,"campfire_choices":[{"data":"Shade:AnimateDead","floor":15.0,"key":"SMITH"},{"data":"Shade:FleshToFlesh","floor":24.0,"key":"SMITH"},{"data":"Shade:GoDigging","floor":28.0,"key":"SMITH"},{"data":"Shade:DarkOfNight","floor":40,"key":"SMITH"},{"data":"Shade:Brains","floor":42,"key":"SMITH"},{"floor":45,"key":"REST"},{"data":"Shade:Consume","floor":49,"key":"SMITH"}],"circlet_count":0,"master_deck":["Shade:Strike_Shade","Shade:Strike_Shade","Shade:Strike_Shade","Shade:Strike_Shade","Shade:Defend_Shade","Shade:Defend_Shade","Shade:Defend_Shade","Shade:Defend_Shade","Shade:AnimateDead+1","Shade:CarefulCut","Shade:WallOfFlesh","Shade:WallOfFlesh","Shade:GoDigging+1","Shade:FleshToFlesh+1","Shade:FingerOfDeath","Shade:SoulToxin","Shade:SensePrey+1","Doubt","Shade:FeralStrike","Shade:OfferingToTheBeyond+1","Shade:FleshOffering+1","Shade:Brains+1","Shade:Putrefaction+1","Shade:CommandSoldier","Shade:StitchTogether+1","Pot Of Greed","Pot Of Greed+1","Pot Of Greed","Shade:CoffinDance","Shade:Bite_Shade","Shade:AuraOfUnlife+1","Shade:DarkOfNight+1","Shade:AncientSpear+1","hubris:DuctTapeCard","Shade:CommandSoldier+1","Shade:RitualOffering+1","Shade:Frenzy","Shade:CallWraith+1","Shade:Consume+1","Pot Of Greed"],"relics":["Shade:YorickPolishedSkull","EVO:Axolotl","hubris:CuriousFeather","Matryoshka","aspiration:HiddenCompartment","Frozen Egg 2","Toy Ornithopter","ReplayFunnel","hubris:DuctTape","ReplayTheSpireMod:Ring of Collecting","Ring of Hypnosis","Runic Pyramid","Gremlin Horn","Tiny Chest","ReplayTheSpireMod:Ring of Exchange","Pondfish Scales","Grinning Jar","betterThird:NestCultRelic","Snack Pack","relicPack:DSword","Shuriken","Replay:Bandana","Bag of Marbles","Ring of Fangs","hubris:GlazedTorus","Meat on the Bone","hubris:Towel"],"acts_visited":["Exordium","TheCity","TheBeyond"],"potions_floor_usage":[39,44,50,50,50],"damage_taken":[{"damage":5.0,"enemies":"Cultist","floor":1.0,"turns":4.0},{"damage":0.0,"enemies":"Small Slimes","floor":2.0,"turns":6.0},{"damage":0.0,"enemies":"Jaw Worm","floor":4.0,"turns":5.0},{"damage":9.0,"enemies":"Gremlin Nob","floor":6.0,"turns":6.0},{"damage":4.0,"enemies":"Looter","floor":7.0,"turns":4.0},{"damage":1.0,"enemies":"3 Sentries","floor":8.0,"turns":5.0},{"damage":0.0,"enemies":"Gremlin Nob","floor":10.0,"turns":4.0},{"damage":5.0,"enemies":"Gremlin Gang","floor":14.0,"turns":5.0},{"damage":0.0,"enemies":"Hexaghost","floor":16.0,"turns":10.0},{"damage":9.0,"enemies":"2 Thieves","floor":18.0,"turns":5.0},{"damage":1.0,"enemies":"Shell Parasite","floor":21.0,"turns":6.0},{"damage":0.0,"enemies":"Replay:Snechameleon","floor":23.0,"turns":6.0},{"damage":4.0,"enemies":"Centurion and Healer","floor":25.0,"turns":5.0},{"damage":17.0,"enemies":"Slavers","floor":27.0,"turns":5.0},{"damage":9.0,"enemies":"Snake Plant","floor":30.0,"turns":7.0},{"damage":0.0,"enemies":"Gremlin Leader","floor":31.0,"turns":5.0},{"damage":16.0,"enemies":"StardustCrusaders","floor":33.0,"turns":8.0},{"damage":15.0,"enemies":"3 Shapes","floor":35.0,"turns":3.0},{"damage":0,"enemies":"Orb Walker","floor":39,"turns":3},{"damage":28,"enemies":"Giant Head","floor":41,"turns":7},{"damage":13,"enemies":"Nemesis","floor":44,"turns":5},{"damage":8,"enemies":"Reptomancer","floor":46,"turns":5},{"damage":10,"enemies":"4 Shapes","floor":48,"turns":3},{"damage":69,"enemies":"Time Eater","floor":50,"turns":6}],"seed_played":"-4586755428326156015","potions_obtained":[{"floor":1.0,"key":"Ancient Potion"},{"floor":6.0,"key":"PowerPotion"},{"floor":8.0,"key":"StSpp:ScatteredWeakPotion"},{"floor":14.0,"key":"BlessingOfTheForge"},{"floor":23.0,"key":"StSpp:SecondWindPotion"},{"floor":25.0,"key":"Swift Potion"},{"floor":27.0,"key":"FearPotion"},{"floor":33.0,"key":"Reflective Coating"},{"floor":35.0,"key":"Elixir"},{"floor":41,"key":"LifebloodPotion"},{"floor":46,"key":"Regen Potion"}],"is_trial":false,"path_per_floor":["M","M","?","M","$","E","M","E","T","E","T","?","?","M","R","B",null,"M","T","?","M","$","E","R","M","T","E","R","?","M","E","R","B",null,"M","?","?","T","M","R","E","R","T","E","R","E","?","M","R","B"],"character_chosen":"SHADE","items_purchased":["Shade:Carnophage","Shade:Putrefaction+1"],"campfire_rested":1,"item_purchase_floors":[5,22],"current_hp_per_floor":[60,60,60,60,60,51,47,46,46,46,46,46,46,41,41,46,65,56,56,56,55,55,60,60,56,56,48,48,48,39,46,65,59,65,50,15,57,57,57,57,43,43,43,37,54,48,48,40,40,0,0],"gold":413,"neow_bonus":"THREE_RARE_CARDS","is_daily":false,"chose_seed":false,"campfire_upgraded":6,"win_rate":0.0,"timestamp":1611116025,"path_taken":["M","?","?","M","?","E","?","E","T","E","?","?","?","M","R","BOSS","M","?","?","M","$","E","R","M","T","E","R","?","M","E","R","BOSS","M","?","?","?","M","R","E","R","T","E","R","E","?","M","R","BOSS"],"items_purchased_type":["Card","Card"],"build_version":"2020-12-22","purchased_purges":1,"victory":false,"max_hp_per_floor":[65,65,65,65,65,65,65,65,65,65,65,65,65,65,65,65,65,65,65,65,65,65,65,65,65,65,65,65,65,65,65,65,65,65,65,65,57,57,57,57,57,57,57,57,57,57,57,57,57,57,57],"relic_stats":{"Gremlin Horn":[10,13],"counters":[24,128],"Shuriken":[3],"Tiny Chest":1,"obtain_stats":[{"ReplayFunnel":11,"ReplayTheSpireMod:Ring of Exchange":26,"relicPack:DSword":36,"Gremlin Horn":19,"Shade:YorickSkull":0,"EVO:Axolotl":0,"Replay:Bandana":41,"Matryoshka":8,"Ring of Fangs":43,"Tiny Chest":23,"hubris:CuriousFeather":6,"Runic Pyramid":17,"hubris:GlazedTorus":44,"hubris:DuctTape":11,"Ring of Hypnosis":12,"Shade:YorickPolishedSkull":34,"betterThird:NestCultRelic":29,"Frozen Egg 2":9,"hubris:Towel":47,"aspiration:HiddenCompartment":9,"Pondfish Scales":26,"Shuriken":38,"ReplayTheSpireMod:Ring of Collecting":12,"Snack Pack":31,"Bag of Marbles":43,"Grinning Jar":27,"Toy Ornithopter":10,"Meat on the Bone":46},{"ReplayFunnel":7,"ReplayTheSpireMod:Ring of Exchange":13,"relicPack:DSword":18,"Gremlin Horn":10,"Shade:YorickSkull":0,"EVO:Axolotl":0,"Replay:Bandana":20,"Matryoshka":6,"Ring of Fangs":20,"Tiny Chest":12,"hubris:CuriousFeather":4,"Runic Pyramid":9,"hubris:GlazedTorus":21,"hubris:DuctTape":7,"Ring of Hypnosis":7,"Shade:YorickPolishedSkull":17,"betterThird:NestCultRelic":14,"Frozen Egg 2":6,"hubris:Towel":22,"aspiration:HiddenCompartment":6,"Pondfish Scales":13,"Shuriken":18,"ReplayTheSpireMod:Ring of Collecting":7,"Snack Pack":16,"Bag of Marbles":20,"Grinning Jar":14,"Toy Ornithopter":7,"Meat on the Bone":22},{"ReplayFunnel":34,"ReplayTheSpireMod:Ring of Exchange":71,"relicPack:DSword":99,"Gremlin Horn":54,"Shade:YorickSkull":0,"EVO:Axolotl":0,"Replay:Bandana":109,"Matryoshka":30,"Ring of Fangs":109,"Tiny Chest":66,"hubris:CuriousFeather":21,"Runic Pyramid":49,"hubris:GlazedTorus":114,"hubris:DuctTape":34,"Ring of Hypnosis":34,"Shade:YorickPolishedSkull":96,"betterThird:NestCultRelic":76,"Frozen Egg 2":30,"hubris:Towel":119,"aspiration:HiddenCompartment":30,"Pondfish Scales":71,"Shuriken":99,"ReplayTheSpireMod:Ring of Collecting":34,"Snack Pack":88,"Bag of Marbles":109,"Grinning Jar":76,"Toy Ornithopter":34,"Meat on the Bone":119}],"Toy Ornithopter":44,"Meat on the Bone":0},"card_choices":[{"not_picked":["Shade:MadHubris","Shade:OminousRitual"],"picked":"Shade:Putrefaction","floor":0.0},{"not_picked":["Shade:BoneShards","Shade:Awaken"],"picked":"Shade:WallOfFlesh","floor":1.0},{"not_picked":["Shade:ClawBack","Shade:GraveStillness"],"picked":"Shade:WallOfFlesh","floor":2.0},{"not_picked":["Shade:Bonestorm","Shade:AncientSpear"],"picked":"Shade:GoDigging","floor":4.0},{"not_picked":["Shade:WallOfFlesh","Shade:TouchOfTheGrave"],"picked":"Shade:FleshToFlesh","floor":6.0},{"not_picked":["Shade:AncientSpear","Shade:FleshLikeOak"],"picked":"Shade:FingerOfDeath","floor":7.0},{"not_picked":["Shade:SpontaneousRitual","Shade:FuneraryArmor"],"picked":"Shade:SoulToxin","floor":8.0},{"not_picked":["Shade:TouchOfTheGrave+1","Shade:CommandSoldier"],"picked":"Shade:SensePrey","floor":10.0},{"not_picked":["Shade:ClawBack","Shade:Haruspicy"],"picked":"Shade:FeralStrike","floor":14.0},{"not_picked":["Shade:Coordination+1","Shade:MadHubris"],"picked":"Shade:OfferingToTheBeyond+1","floor":16.0},{"not_picked":["Shade:Excise","Shade:PressTheAttack"],"picked":"Shade:FleshOffering+1","floor":18.0},{"not_picked":["Shade:GraveStillness","Shade:FreshBones"],"picked":"Shade:Brains","floor":21.0},{"not_picked":["Shade:OminousRitual","Shade:FingerOfDeath+1"],"picked":"Shade:CommandSoldier","floor":23.0},{"not_picked":["Shade:WallOfFlesh+1","Shade:AncientSpear"],"picked":"Shade:StitchTogether+1","floor":25.0},{"not_picked":["Shade:Bite_Shade+1","Shade:FuneraryJewels"],"picked":"Shade:CoffinDance","floor":27.0},{"not_picked":["Shade:PressTheAttack","Shade:GraveStillness+1"],"picked":"Shade:Bite_Shade","floor":30.0},{"not_picked":["Shade:FreshBones+1","Shade:CallOfTheGrave+1"],"picked":"Shade:AuraOfUnlife+1","floor":31.0},{"not_picked":["Shade:Coordination+1","Shade:SoulPierce+1"],"picked":"Shade:DarkOfNight","floor":33.0},{"not_picked":["Shade:RitualOffering","Shade:ExtraLimbs+1"],"picked":"Shade:AncientSpear+1","floor":35.0},{"not_picked":["Shade:FingerOfDeath+1","Shade:AncientSpear"],"picked":"Shade:CommandSoldier+1","floor":39},{"not_picked":["Shade:ClawBack","Shade:FuneraryArmor"],"picked":"Shade:RitualOffering+1","floor":41},{"not_picked":["Shade:LyeBath+1","Shade:SoulToxin"],"picked":"Shade:Frenzy","floor":44},{"not_picked":["Shade:Bonestorm","Shade:Brains"],"picked":"Shade:CallWraith+1","floor":46},{"not_picked":["Shade:BoneShards+1","Shade:Doomsay+1"],"picked":"Shade:Consume","floor":48}],"player_experience":218053,"relics_obtained":[{"floor":6.0,"key":"hubris:CuriousFeather"},{"floor":8.0,"key":"Matryoshka"},{"floor":9.0,"key":"aspiration:HiddenCompartment"},{"floor":9.0,"key":"Frozen Egg 2"},{"floor":10.0,"key":"Toy Ornithopter"},{"floor":11.0,"key":"ReplayFunnel"},{"floor":11.0,"key":"hubris:DuctTape"},{"floor":12.0,"key":"ReplayTheSpireMod:Ring of Collecting"},{"floor":12.0,"key":"Ring of Hypnosis"},{"floor":19.0,"key":"Gremlin Horn"},{"floor":23.0,"key":"Tiny Chest"},{"floor":26.0,"key":"ReplayTheSpireMod:Ring of Exchange"},{"floor":26.0,"key":"Pondfish Scales"},{"floor":27.0,"key":"Grinning Jar"},{"floor":31.0,"key":"Snack Pack"},{"floor":38.0,"key":"Shuriken"},{"floor":41,"key":"Replay:Bandana"},{"floor":43,"key":"Bag of Marbles"},{"floor":43,"key":"Ring of Fangs"},{"floor":44,"key":"hubris:GlazedTorus"},{"floor":46,"key":"Meat on the Bone"}],"event_choices":[{"damage_healed":0.0,"max_hp_gain":0.0,"max_hp_loss":0.0,"gold_gain":0.0,"event_name":"Upgrade Shrine","player_choice":"Upgraded","floor":13.0,"gold_loss":0.0,"damage_taken":0.0,"cards_upgraded":["Shade:SensePrey"]},{"damage_healed":0.0,"max_hp_gain":0.0,"max_hp_loss":0.0,"gold_gain":0.0,"event_name":"Ghosts","player_choice":"Ignored","floor":20.0,"gold_loss":0.0,"damage_taken":0.0},{"damage_healed":0.0,"max_hp_gain":0.0,"max_hp_loss":0.0,"gold_gain":0.0,"event_name":"betterThird:BetterNest","player_choice":"Madness","floor":29.0,"gold_loss":0.0,"damage_taken":0.0,"relics_obtained":["betterThird:NestCultRelic"]},{"damage_healed":57.0,"max_hp_gain":0.0,"max_hp_loss":8.0,"gold_gain":0.0,"event_name":"The Moai Head","player_choice":"Heal","floor":37.0,"gold_loss":0.0,"damage_taken":0.0}],"is_beta":false,"boss_relics":[{"not_picked":["aspiration:IroncladSkillbook","relicPack:ShieldShield"],"picked":"Runic Pyramid"},{"not_picked":["Painkiller Herb","StSpp:Magatama"],"picked":"Shade:YorickPolishedSkull"}],"items_purged_floors":[22],"is_endless":false,"potions_floor_spawned":[1,6,8,14,23,25,27,33,35,41,46],"killed_by":"Time Eater","ascension_level":1}}