{"host":"zxd2l8an9de7z7b9","time":1611144570,"event":{"mods":["100% Spire Juice","2.2 Compatiblity","Arknights The Spire","BaseMod","CapriCore","Colored Map","Colored Powertips","GungeonMod","Minty Spire (QoL Compilation)","Rare Cards Sparkle","Replay The Spire","StSLib","SuperFastMode"],"gold_per_floor":[119,176,33,44,44,44,64,64,64,81,96,107,118,6,6,110,110,128,43,43,43,57,57,85,18,66,76,13,33,49,195,195,300,300,317,317,352,277,287,326,238,238,312,312,330,358,156,169,169,169],"floor_reached":51,"language":"KOR","playtime":3095,"items_purged":["DemoMod:Strike_Huntress","DemoMod:Defend_Huntress","DemoMod:Strike_Huntress","DemoMod:Defend_Huntress","DemoMod:Strike_Huntress","DemoMod:Defend_Huntress"],"score":864,"play_id":"5b863510-16d4-4594-abc7-87c269ec9627","local_time":"20210120210930","is_ascension_mode":false,"campfire_choices":[{"data":"DemoMod:ChanceBullets","floor":6,"key":"SMITH"},{"data":"DemoMod:TableSutra","floor":8,"key":"SMITH"},{"floor":15,"key":"REST"},{"data":"DemoMod:GunslingerForm","floor":23,"key":"SMITH"},{"data":"DemoMod:PotionOfGunFriendShip","floor":32,"key":"SMITH"},{"data":"DemoMod:ConditionalReflex","floor":44,"key":"SMITH"},{"data":"DemoMod:Slinger","floor":49,"key":"SMITH"}],"circlet_count":0,"master_deck":["DemoMod:Defend_Huntress","DemoMod:Roll","DemoMod:ManualReload+1","DemoMod:RustySidearm","DemoMod:CrossBow","DemoMod:Evolver+","DemoMod:Unmoved","DemoMod:TableSutra+1","DemoMod:ChanceBullets+1","CommonCold","DemoMod:RadGun","DemoMod:Unity","DemoMod:Gungine","DemoMod:MegaHand","DemoMod:GunslingerForm+1","DemoMod:HardPowerCard","DemoMod:SkilledReload+1","DemoMod:SAA","DemoMod:Gungine","DemoMod:BattleInHaste","DemoMod:AC15","DemoMod:BoxingGlove+1","DemoMod:HardPowerCard+1","DemoMod:PotionOfGunFriendShip+1","DemoMod:MachoBrace","DemoMod:FastSwitch","DemoMod:FinishedGun","DemoMod:DoubleSwitch+1","Decay","DemoMod:HardPowerCard+1","DemoMod:ConditionalReflex+1","DemoMod:BattleInHaste","DemoMod:EasyReloadBullets+1","DemoMod:Slinger+1","DemoMod:BattleInHaste"],"relics":["DemoMod:Dog","Garlic","Membership Card","Ring of Misfortune","Centennial Puzzle","Busted Crown","DemoMod:HoleyGrail","DemoMod:Ammonomicon","DemoMod:DecoyRelic","Chameleon Ring","DemoMod:WhiteGuonStone","TungstenRod","Sozu","Du-Vu Doll","Lantern","Quantum Egg","Lee\u0027s Waffle"],"acts_visited":["Exordium","TheCity","TheBeyond"],"potions_floor_usage":[16,27,33,48],"damage_taken":[{"damage":1,"enemies":"Jaw Worm","floor":1,"turns":5},{"damage":0,"enemies":"2 Louse","floor":4,"turns":3},{"damage":0,"enemies":"Small Slimes","floor":7,"turns":3},{"damage":6,"enemies":"Looter","floor":10,"turns":4},{"damage":7,"enemies":"Blue Slaver","floor":11,"turns":4},{"damage":14,"enemies":"Lots of Slimes","floor":12,"turns":4},{"damage":0,"enemies":"3 Louse","floor":13,"turns":2},{"damage":0,"enemies":"Slime Boss","floor":16,"turns":6},{"damage":7,"enemies":"Spheric Guardian","floor":18,"turns":4},{"damage":0,"enemies":"Chosen","floor":22,"turns":3},{"damage":9,"enemies":"Replay:Snechameleon","floor":24,"turns":5},{"damage":12,"enemies":"3 Cultists","floor":27,"turns":4},{"damage":0,"enemies":"Snecko","floor":29,"turns":3},{"damage":12,"enemies":"Snake Plant","floor":30,"turns":3},{"damage":0,"enemies":"Collector","floor":33,"turns":5},{"damage":17,"enemies":"3 Shapes","floor":35,"turns":5},{"damage":7,"enemies":"3 Darklings","floor":37,"turns":6},{"damage":0,"enemies":"3 Darklings","floor":39,"turns":4},{"damage":0,"enemies":"Giant Head","floor":40,"turns":3},{"damage":0,"enemies":"Maw","floor":45,"turns":4},{"damage":10,"enemies":"Sphere and 2 Shapes","floor":46,"turns":5},{"damage":2,"enemies":"Writhing Mass","floor":48,"turns":3},{"damage":15,"enemies":"Time Eater","floor":50,"turns":3}],"seed_played":"-7034287175292334543","potions_obtained":[{"floor":11,"key":"Adrenaline Potion"},{"floor":13,"key":"ColorlessPotion"},{"floor":18,"key":"SkillPotion"},{"floor":24,"key":"DemoMod:LeadSkinPotion"},{"floor":30,"key":"Block Potion"},{"floor":33,"key":"ColorlessPotion"}],"is_trial":false,"path_per_floor":["M","?","$","M","?","R","M","R","T","M","M","M","M","$","R","B",null,"M","?","?","T","M","R","E","$","T","M","$","M","M","?","R","B",null,"M","?","?","$","M","E","$","?","T","R","M","M","$","M","R","B",null],"character_chosen":"HUNTRESS","items_purchased":["Membership Card","DemoMod:HardPowerCard","DemoMod:SkilledReload+1","DemoMod:SAA","DemoMod:HardPowerCard+1","Lee\u0027s Waffle","DemoMod:BattleInHaste"],"campfire_rested":1,"item_purchase_floors":[3,14,14,14,25,47,47],"current_hp_per_floor":[69,52,52,52,52,52,52,52,52,46,39,25,25,25,46,46,70,63,63,63,63,63,63,54,54,54,42,42,42,30,30,30,30,70,53,53,46,46,46,46,46,46,46,46,46,36,77,75,75,60],"gold":169,"neow_bonus":"UPGRADE_CARD","is_daily":false,"chose_seed":false,"campfire_upgraded":6,"win_rate":0.0,"timestamp":1611144570,"path_taken":["M","?","$","M","?","R","M","R","T","M","M","M","M","$","R","BOSS","M","?","?","?","M","R","E","$","T","M","$","?","M","?","R","BOSS","M","?","?","$","M","E","$","?","T","R","M","M","$","?","R","BOSS"],"items_purchased_type":["Relic","Card","Card","Card","Card","Relic","Card"],"build_version":"2020-12-22","purchased_purges":6,"victory":true,"max_hp_per_floor":[70,70,70,70,70,70,70,70,70,70,70,70,70,70,70,70,70,70,70,70,70,70,70,70,70,70,70,70,70,70,70,70,70,70,70,70,70,70,70,70,70,70,70,70,70,70,77,77,77,77],"card_choices":[{"not_picked":["DemoMod:Unmoved","DemoMod:PracticeMakesPerfect"],"picked":"DemoMod:Evolver","floor":1},{"not_picked":["DemoMod:Ejector","DemoMod:SAA"],"picked":"DemoMod:Unmoved","floor":2},{"not_picked":["DemoMod:SpreadAmmo","DemoMod:HuntsMan"],"picked":"DemoMod:TableSutra","floor":2},{"not_picked":["DemoMod:LifeOrb","DemoMod:BattleInHaste"],"picked":"DemoMod:ChanceBullets","floor":4},{"not_picked":["DemoMod:Unmoved","DemoMod:TeaPot"],"picked":"DemoMod:RadGun","floor":7},{"not_picked":["DemoMod:LifeOrb","DemoMod:StickyCrossBow"],"picked":"DemoMod:Unity","floor":10},{"not_picked":["DemoMod:JK47","DemoMod:EasyReloadBullets"],"picked":"DemoMod:Gungine","floor":11},{"not_picked":["DemoMod:JK47","DemoMod:ConditionalReflex"],"picked":"DemoMod:MegaHand","floor":12},{"not_picked":["DemoMod:DoubleSwitch","DemoMod:AbyssalTentacle"],"picked":"DemoMod:GunslingerForm","floor":13},{"not_picked":["DemoMod:FightSabre","DemoMod:DarkMarker"],"picked":"DemoMod:Gungine","floor":16},{"not_picked":[],"picked":"DemoMod:BattleInHaste","floor":18},{"not_picked":[],"picked":"DemoMod:AC15","floor":22},{"not_picked":[],"picked":"DemoMod:BoxingGlove+1","floor":24},{"not_picked":[],"picked":"DemoMod:PotionOfGunFriendShip","floor":27},{"not_picked":[],"picked":"DemoMod:MachoBrace","floor":29},{"not_picked":[],"picked":"DemoMod:FastSwitch","floor":30},{"not_picked":[],"picked":"DemoMod:FinishedGun","floor":33},{"not_picked":[],"picked":"DemoMod:DoubleSwitch+1","floor":35},{"not_picked":[],"picked":"DemoMod:HardPowerCard+1","floor":37},{"not_picked":[],"picked":"DemoMod:ConditionalReflex","floor":39},{"not_picked":[],"picked":"DemoMod:BattleInHaste","floor":40},{"not_picked":[],"picked":"DemoMod:EasyReloadBullets+1","floor":45},{"not_picked":[],"picked":"DemoMod:Slinger","floor":46},{"not_picked":["DemoMod:StickyCrossBow+1"],"picked":"SKIP","floor":48}],"player_experience":349039,"relics_obtained":[{"floor":2,"key":"Garlic"},{"floor":5,"key":"Ring of Misfortune"},{"floor":9,"key":"Centennial Puzzle"},{"floor":21,"key":"DemoMod:DecoyRelic"},{"floor":24,"key":"Chameleon Ring"},{"floor":26,"key":"DemoMod:WhiteGuonStone"},{"floor":33,"key":"TungstenRod"},{"floor":37,"key":"Du-Vu Doll"},{"floor":40,"key":"Lantern"},{"floor":43,"key":"Quantum Egg"}],"event_choices":[{"damage_healed":0,"gold_gain":0,"player_choice":"Obtained Relic","damage_taken":0,"relics_obtained":["DemoMod:HoleyGrail"],"max_hp_gain":0,"max_hp_loss":0,"event_name":"Addict","floor":19,"gold_loss":85},{"damage_healed":0,"gold_gain":0,"player_choice":"Cursed","damage_taken":0,"max_hp_gain":0,"max_hp_loss":0,"event_name":"Wheel of Change","floor":36,"gold_loss":0,"cards_obtained":["Decay"]},{"damage_healed":0,"gold_gain":0,"player_choice":"Ignored","damage_taken":0,"max_hp_gain":0,"max_hp_loss":0,"event_name":"Fountain of Cleansing","floor":42,"gold_loss":0}],"is_beta":false,"boss_relics":[{"not_picked":["DemoMod:ElasticCartridgeClip","Tiny House"],"picked":"Busted Crown"},{"not_picked":["Replay:Drink Me","SacredBark"],"picked":"Sozu"}],"items_purged_floors":[14,25,28,38,41,47],"is_endless":false,"potions_floor_spawned":[11,13,18,24,30,33,40,45,46],"ascension_level":0}}