{"host":"etdvqcaukayomjhd","time":1611130438,"event":{"mods":["AchievementEnabler","Act Like it!","BaseMod","BetterRewards","Colored Powertips","Hermit","Infinite Spire","Minty Spire (QoL Compilation)","Quick Restart","Replay The Spire","Spicy Shops","StSLib","The Animator","Waifu the Spire"],"gold_per_floor":[112,112,112,122,135,169,169,501,501,534,550,568,30,47,47,151,151,170,181,181,238,25,60,75,85,132,162,162,177,177,452,452,551,601,619,344,344,344,362,397,397,428,428,453,453,471,482,492,492,492,492,492,5,39,39],"floor_reached":56,"language":"ENG","playtime":2832,"items_purged":["Pain"],"score":2183,"play_id":"5586a710-d5b7-498d-8eb0-39e8b49f8fc3","local_time":"20210120091358","is_ascension_mode":true,"campfire_choices":[{"data":"Rainbow","floor":7.0,"key":"SMITH"},{"data":"White Noise","floor":7.0,"key":"SMITH"},{"data":"Static Discharge","floor":15.0,"key":"SMITH"},{"data":"White Noise","floor":15.0,"key":"SMITH"},{"data":"Amplify","floor":32.0,"key":"SMITH"},{"data":"Buffer","floor":32.0,"key":"SMITH"},{"floor":41.0,"key":"RECALL"},{"data":"Defragment","floor":45.0,"key":"SMITH"},{"data":"Amplify","floor":45.0,"key":"SMITH"},{"data":"ReplayRNGCard","floor":49.0,"key":"SMITH"},{"data":"Reboot","floor":49.0,"key":"SMITH"},{"data":"Barrage","floor":52,"key":"SMITH"},{"data":"Heatsinks","floor":52,"key":"SMITH"}],"circlet_count":0,"master_deck":["Strike_B","Strike_B+1","Strike_B","Strike_B","Defend_B","Defend_B","Defend_B","Defend_B+1","Zap","Dualcast","Loop+1","FIFO Queue+1","Leap+1","White Noise+1","FTL","Static Discharge+1","Ball Lightning","Rainbow+1","Chill","Thunder Strike+1","Ball Lightning","BootSequence","White Noise+1","Hello World","Amplify+1","Self Repair","Heatsinks+1","Buffer+1","Loop+1","ReplayTheSpireMod:Calculation Training+1","Amplify+1","ReplayTheSpireMod:Splinters","Barrage+1","ReplayRNGCard+1","Defragment+1","Storm+1","Defragment+1","Reboot+1","Leap+1","Parasite","Barrage+1","Thunder Strike"],"relics":["Cracked Core","PreservedInsect","Oddly Smooth Stone","Replay:Towering Pillar of Hats","Membership Card","infinitespire:BottledMercury","HandDrill","Quantum Egg","Pocketwatch","infinitespire:FocusingShard","Durian","Mummified Hand","Runic Capacitor","StoneCalendar","infinitespire:Golems Mask","Replay:Arrowhead","Lee\u0027s Waffle","Strange Spoon","infinitespire:Lychee Nut","Replay:Wax Seal","Guide Book","Replay:Multitool","Incense Burner","Lantern","Calipers","Counterbalance","Unceasing Top","Bird Faced Urn","Old Coin","infinitespire:Joker Card","Happy Flower","Divine Protection","Replay:Mystery Machine","ClockworkSouvenir","Frozen Eye","Onion Ring","Runic Pyramid","infinitespire:SolderingIron","ReplayTheSpireMod:CursedCoin","DollysMirror","Iron Hammer","HornCleat","Boot","Ginger","Gremlin Food","MutagenicStrength","Tiny House","Thread and Needle","Solar Panel","ReplayTheSpireMod:Ring of Collecting","Toy Ornithopter","Juzu Bracelet","Ring of Panic","Shuriken","Garlic","DataDisk","Replay:Frozen Program","Chemical X","FossilizedHelix","infinitespire:Midas Blood","Blood Vial"],"acts_visited":["Exordium","TheCity","TheBeyond","TheEnding"],"potions_floor_usage":[],"damage_taken":[{"damage":2.0,"enemies":"2 Louse","floor":1.0,"turns":2.0},{"damage":0.0,"enemies":"Jaw Worm","floor":4.0,"turns":2.0},{"damage":0.0,"enemies":"Cultist","floor":5.0,"turns":3.0},{"damage":1.0,"enemies":"3 Sentries","floor":6.0,"turns":4.0},{"damage":1.0,"enemies":"Replay:BlueRogue","floor":8.0,"turns":3.0},{"damage":7.0,"enemies":"3 Sentries","floor":10.0,"turns":3.0},{"damage":1.0,"enemies":"Exordium Wildlife","floor":11.0,"turns":3.0},{"damage":0.0,"enemies":"Blue Slaver","floor":12.0,"turns":2.0},{"damage":0.0,"enemies":"3 Louse","floor":14.0,"turns":2.0},{"damage":0.0,"enemies":"Slime Boss","floor":16.0,"turns":3.0},{"damage":0.0,"enemies":"2 Thieves","floor":18.0,"turns":2.0},{"damage":0.0,"enemies":"Chosen","floor":19.0,"turns":3.0},{"damage":0.0,"enemies":"Slavers","floor":23.0,"turns":2.0},{"damage":0.0,"enemies":"Shelled Parasite and Fungi","floor":24.0,"turns":3.0},{"damage":0.0,"enemies":"Snake Plant","floor":25.0,"turns":2.0},{"damage":0.0,"enemies":"Gremlin Leader","floor":27.0,"turns":1.0},{"damage":0.0,"enemies":"Cultist and Chosen","floor":29.0,"turns":3.0},{"damage":0.0,"enemies":"Collector","floor":33.0,"turns":4.0},{"damage":0.0,"enemies":"3 Shapes","floor":35.0,"turns":3.0},{"damage":0.0,"enemies":"3 Darklings","floor":39.0,"turns":4.0},{"damage":0.0,"enemies":"Nemesis","floor":40.0,"turns":4.0},{"damage":0.0,"enemies":"Reptomancer","floor":42.0,"turns":3.0},{"damage":0.0,"enemies":"Nemesis","floor":44.0,"turns":3.0},{"damage":0.0,"enemies":"Transient","floor":46.0,"turns":5.0},{"damage":0.0,"enemies":"Maw","floor":47.0,"turns":3.0},{"damage":0.0,"enemies":"Writhing Mass","floor":48.0,"turns":3.0},{"damage":0,"enemies":"Donu and Deca","floor":50,"turns":4},{"damage":0,"enemies":"Shield and Spear","floor":54,"turns":2},{"damage":0,"enemies":"The Heart","floor":55,"turns":6}],"seed_played":"590275663854859742","potions_obtained":[{"floor":1.0,"key":"Swift Potion"},{"floor":3.0,"key":"Regen Potion"},{"floor":3.0,"key":"Ancient Potion"},{"floor":29.0,"key":"FairyPotion"},{"floor":33.0,"key":"AttackPotion"},{"floor":34.0,"key":"infinitespire:BlackPotion"}],"is_trial":false,"path_per_floor":["M","?","?","M","M","E","R","E","T","E","M","M","$","M","R","B",null,"M","M","?","?","$","E","M","M","T","E","?","M","?","?","R","B",null,"M","$","?","?","M","E","R","E","T","E","R","M","M","M","R","B",null,"R","$","E","B",null],"character_chosen":"DEFECT","items_purchased":["PreservedInsect","Oddly Smooth Stone","Membership Card","Loop","infinitespire:BottledMercury","HandDrill","Quantum Egg","infinitespire:FocusingShard","Mummified Hand","Runic Capacitor","infinitespire:Golems Mask","Replay:Arrowhead","Lee\u0027s Waffle","Strange Spoon","Replay:Wax Seal","FIFO Queue","Guide Book","Incense Burner","Lantern","Leap+1","White Noise","FTL","Divine Protection","Replay:Mystery Machine","ClockworkSouvenir","Frozen Eye","Onion Ring","White Noise","ReplayTheSpireMod:CursedCoin","DollysMirror","Iron Hammer","HornCleat","Thread and Needle","Solar Panel","DataDisk","Replay:Frozen Program","Chemical X","Thunder Strike","FossilizedHelix","infinitespire:Midas Blood"],"campfire_rested":0,"item_purchase_floors":[0,0,0,0,0,0,0,0,0,0,0,0,0,0,0,0,0,0,0,0,0,0,13,13,13,13,13,13,22,22,22,22,36,36,53,53,53,53,53,53],"current_hp_per_floor":[63,50,50,53,58,63,63,65,65,58,65,65,65,65,65,65,65,65,65,65,65,65,65,65,65,65,65,65,65,65,65,65,65,70,70,70,70,70,70,70,70,70,70,70,70,70,70,70,70,70,70,70,70,70,70],"gold":39,"neow_bonus":"","is_daily":false,"chose_seed":false,"campfire_upgraded":12,"win_rate":0.0,"timestamp":1611130438,"path_taken":["M","?","?","M","M","E","R","E","T","E","?","M","$","M","R","BOSS","M","M","?","?","$","E","M","M","T","E","?","?","?","?","R","BOSS","M","?","?","?","?","E","R","E","T","E","R","M","M","M","R","BOSS","R","$","E","BOSS"],"items_purchased_type":["Relic","Relic","Relic","Card","Relic","Relic","Relic","Relic","Relic","Relic","Relic","Relic","Relic","Relic","Relic","Card","Relic","Relic","Relic","Card","Card","Card","Relic","Relic","Relic","Relic","Relic","Card","Relic","Relic","Relic","Relic","Relic","Relic","Relic","Relic","Relic","Card","Relic","Relic"],"build_version":"2020-12-22","purchased_purges":1,"victory":true,"max_hp_per_floor":[65,65,65,65,65,65,65,65,65,65,65,65,65,65,65,65,65,65,65,65,65,65,65,65,65,65,65,65,65,65,65,65,65,70,70,70,70,70,70,70,70,70,70,70,70,70,70,70,70,70,70,70,70,70,70],"card_choices":[{"not_picked":["FIFO Queue","Chaos","Hologram"],"picked":"SKIP","floor":1.0},{"not_picked":["Rebound","FTL"],"picked":"Static Discharge","floor":4.0},{"not_picked":["Compile Driver","Redo"],"picked":"Ball Lightning","floor":5.0},{"not_picked":["Cold Snap","Conserve Battery"],"picked":"Rainbow","floor":6.0},{"not_picked":["Blizzard","Go for the Eyes"],"picked":"Chill","floor":8.0},{"not_picked":["Sweeping Beam","Steam"],"picked":"Thunder Strike","floor":10.0},{"not_picked":["Panic Button","ReplaySort"],"picked":"Ball Lightning","floor":11.0},{"not_picked":["ReplayTheSpireMod:System Scan","Leap"],"picked":"BootSequence","floor":12.0},{"not_picked":["Leap","Undo"],"picked":"Hello World","floor":14.0},{"not_picked":["Thunder Strike","Mirror Shield"],"picked":"Amplify","floor":16.0},{"not_picked":["Stack","Go for the Eyes"],"picked":"Self Repair","floor":18.0},{"not_picked":["Gash","FTL"],"picked":"Heatsinks","floor":19.0},{"not_picked":["Turbo+1","Go for the Eyes"],"picked":"ReplayTheSpireMod:Calculation Training+1","floor":23.0},{"not_picked":["Streamline+1","Beam Cell+1","Time Bomb"],"picked":"SKIP","floor":24.0},{"not_picked":["Rebound","Beam Cell+1","Chaos"],"picked":"SKIP","floor":25.0},{"not_picked":["Undo+1","Barrage"],"picked":"Amplify","floor":27.0},{"not_picked":["Go for the Eyes","Coolheaded"],"picked":"Barrage+1","floor":29.0},{"not_picked":["Mirror Shield","Core Surge"],"picked":"ReplayRNGCard","floor":33.0},{"not_picked":["Go for the Eyes+1","Streamline"],"picked":"Defragment","floor":35.0},{"not_picked":["Beam Cell+1","BasicCrystalCard+1","Ball Lightning"],"picked":"SKIP","floor":39.0},{"not_picked":["Melter","Lockon"],"picked":"Storm+1","floor":40.0},{"not_picked":["Leap+1","Turbo+1"],"picked":"Defragment+1","floor":42.0},{"not_picked":["Reprogram","Ball Lightning+1"],"picked":"Reboot","floor":44.0},{"not_picked":["Go for the Eyes","Steam"],"picked":"Leap+1","floor":46.0},{"not_picked":["Stack+1","Auto Shields+1","Redo"],"picked":"SKIP","floor":47.0},{"not_picked":["Crystallizer+1","Melter"],"picked":"Barrage","floor":48.0},{"not_picked":["Cold Snap+1","Time Bomb+1","Turbo+1"],"picked":"SKIP","floor":54}],"player_experience":372542,"relics_obtained":[{"floor":6.0,"key":"Bird Faced Urn"},{"floor":8.0,"key":"Old Coin"},{"floor":9.0,"key":"infinitespire:Joker Card"},{"floor":10.0,"key":"Happy Flower"},{"floor":21.0,"key":"infinitespire:SolderingIron"},{"floor":23.0,"key":"Boot"},{"floor":27.0,"key":"Ginger"},{"floor":37.0,"key":"ReplayTheSpireMod:Ring of Collecting"},{"floor":40.0,"key":"Toy Ornithopter"},{"floor":42.0,"key":"Juzu Bracelet"},{"floor":43.0,"key":"Ring of Panic"},{"floor":43.0,"key":"Shuriken"},{"floor":44.0,"key":"Garlic"},{"floor":54,"key":"Blood Vial"}],"event_choices":[{"damage_healed":0.0,"max_hp_gain":0.0,"max_hp_loss":0.0,"gold_gain":0.0,"event_name":"Shining Light","player_choice":"Entered Light","floor":2.0,"gold_loss":0.0,"damage_taken":13.0,"cards_upgraded":["Strike_B","Defend_B"]},{"damage_healed":0.0,"max_hp_gain":0.0,"max_hp_loss":0.0,"gold_gain":0.0,"event_name":"Lab","player_choice":"Got Potions","floor":3.0,"gold_loss":0.0,"damage_taken":0.0},{"damage_healed":0.0,"max_hp_gain":0.0,"max_hp_loss":0.0,"gold_gain":0.0,"event_name":"The Library","player_choice":"Read","floor":20.0,"gold_loss":0.0,"damage_taken":0.0,"cards_obtained":["Buffer"]},{"damage_healed":0.0,"max_hp_gain":0.0,"max_hp_loss":0.0,"gold_gain":0.0,"event_name":"Drug Dealer","player_choice":"Inject Mutagens","floor":30.0,"gold_loss":0.0,"damage_taken":0.0,"relics_obtained":["MutagenicStrength"]},{"damage_healed":0.0,"max_hp_gain":0.0,"max_hp_loss":0.0,"gold_gain":275.0,"event_name":"Golden Shrine","player_choice":"Desecrate","floor":31.0,"gold_loss":0.0,"damage_taken":0.0,"cards_obtained":["Regret"]},{"cards_removed":["Regret"],"damage_healed":0.0,"max_hp_gain":0.0,"max_hp_loss":0.0,"gold_gain":0.0,"event_name":"Purifier","player_choice":"Purged","floor":38.0,"gold_loss":0.0,"damage_taken":0.0}],"is_beta":false,"boss_relics":[{"not_picked":["Painkiller Herb","Honey Jar"],"picked":"Runic Pyramid"},{"not_picked":["Snecko Eye","Empty Cage"],"picked":"Tiny House"}],"items_purged_floors":[22],"is_endless":false,"potions_floor_spawned":[1,5,6,12,14,19,29,33,35,40,44,47,48],"ascension_level":3}}