{"host":"lfu2t0vuvc32et65","time":1611147298,"event":{"mods":["BaseMod","Beaked The Cultist","HololiveMod","Infinite Spire","Lobotomy","LobotomyExtend","Minty Spire (QoL Compilation)","StSLib","Td1madao Mod","The Cursed"],"gold_per_floor":[82,82,108,125,125,154,191,191,191,230,230,269,304,320,320,429,429,448,448,409,709,721,645,662,674,774,813,847,847,847,847,847,847],"floor_reached":11,"language":"JPN","playtime":2094,"items_purged":[],"score":414,"play_id":"4a93b0f0-c4c4-42dc-8c65-f7eff87d9992","local_time":"20210120215458","daily_mods":["Draft","Heirloom","Time Dilation","Flight"],"is_ascension_mode":false,"campfire_choices":[{"data":"Hololive_CallSpadeEcho","floor":8,"key":"SMITH"},{"data":"Hololive_CallUsadaPekora","floor":15,"key":"SMITH"},{"data":"Hololive_DDD","floor":8,"key":"SMITH"},{"data":"Hololive_CallYozoraMel","floor":10,"key":"SMITH"}],"circlet_count":0,"master_deck":["Hololive_FlyingPonyTail+1","Hololive_StrengthChampion","Hololive_CallAkiRosenthal","Hololive_CallRosalyn+1","Hololive_CallHimemoriLuna","Hololive_CallHoshimachiSuisei","Hololive_CallHoshimachiSuisei","Hololive_CallYozoraMel+1","Hololive_CocoNews","Hololive_Rebound+1","Hololive_CallYogiri","Hololive_CallAkiRosenthal+1","Hololive_CallNakiriAyame","Hololive_CallSpadeEcho+1","Hololive_CallShirakamiFubuki","Hololive_CallYogiri","Hololive_CallMomosuzuNene+7","Hololive_CallRoboco","Hololive_CallAyundaRisu","Hololive_CallUsadaPekora+1","Hololive_FlyingPonyTail","Hololive_DDD+1","Hololive_CallRoboco+1","Hololive_HuntDinosaur","Hololive_SummonFox","CurseOfTheBell","Hololive_CallShiroganeNoel","Hololive_CallFriendA","Hololive_CallHoushouMarine","Hololive_CallMoonaHoshinova","Hololive_CallYukihanaLamy","Hololive_CallCivia"],"relics":["Hololive_TheStar","Calipers","Happy Flower","Lizard Tail","Girya","War Paint","Anchor","Darkstone Periapt","Vajra","Black Star","Calling Bell","Pen Nib","Ornamental Fan","Old Coin","LetterFromLob","Nunchaku","infinitespire:Lychee Nut","Letter Opener","Bottled Flame","Meat on the Bone"],"acts_visited":["Exordium","TheCity"],"potions_floor_usage":[11,11,11],"damage_taken":[{"damage":0,"enemies":"2 Louse","floor":1,"turns":2},{"damage":0,"enemies":"Jaw Worm","floor":4,"turns":2},{"damage":0,"enemies":"Lagavulin","floor":6,"turns":5},{"damage":0,"enemies":"Gremlin Nob","floor":7,"turns":2},{"damage":0,"enemies":"3 Sentries","floor":10,"turns":5},{"damage":0,"enemies":"Lagavulin","floor":12,"turns":3},{"damage":0,"enemies":"Gremlin Nob","floor":13,"turns":3},{"damage":0,"enemies":"Cultist","floor":14,"turns":3},{"damage":0,"enemies":"The Guardian","floor":16,"turns":6},{"damage":0,"enemies":"3 Byrds","floor":18,"turns":4},{"damage":0,"enemies":"Cultist","floor":1,"turns":2},{"damage":0,"enemies":"2 Louse","floor":3,"turns":2},{"damage":0,"enemies":"Small Slimes","floor":4,"turns":3},{"damage":0,"enemies":"Nightmare","floor":6,"turns":5},{"damage":0,"enemies":"3 Sentries","floor":7,"turns":4},{"damage":67,"enemies":"Red Slaver","floor":11,"turns":3}],"seed_played":"7344671257949919812","potions_obtained":[{"floor":4,"key":"Weak Potion"},{"floor":6,"key":"Regen Potion"},{"floor":7,"key":"ColorlessPotion"}],"is_trial":true,"path_per_floor":["M","?","T","M","?","E","E","R","T","E","?","E","E","M","R","B",null,"M","?","$","AVR","M","M","$","M","M","?","NM","E","R","T","R","M"],"character_chosen":"Hololive_HololiveCharacter","items_purchased":["Hololive_SummonFox","Hololive_CallFriendA"],"campfire_rested":0,"item_purchase_floors":[20,2],"current_hp_per_floor":[35,35,35,35,28,28,28,28,28,28,28,28,28,28,28,28,35,35,35,35,41,41,41,41,41,41,30,30,30,30,30,0,0],"gold":847,"neow_bonus":"","is_daily":false,"chose_seed":false,"campfire_upgraded":4,"win_rate":0.0,"timestamp":1611147298,"path_taken":["M","?","?","M","?","E","E","R","T","E","?","E","E","?","R","BOSS","M","?","$","AVR","M","M","?","M","?","?","NM","E","R","T","R","?"],"items_purchased_type":["Card","Card"],"build_version":"2020-12-22","purchased_purges":0,"victory":false,"max_hp_per_floor":[35,35,35,35,35,35,35,35,35,35,35,35,35,35,35,35,35,35,35,35,41,41,41,41,41,41,30,30,30,30,30,30,30],"card_choices":[{"not_picked":["Hololive_Trident","Hololive_Breathe"],"picked":"Hololive_FlyingPonyTail","floor":0},{"not_picked":["Hololive_Psychosis","Hololive_Sequa"],"picked":"Hololive_StrengthChampion","floor":0},{"not_picked":["Hololive_OvertimeWork","Hololive_RevenueBasedLive"],"picked":"Hololive_CallAkiRosenthal","floor":0},{"not_picked":["Hololive_LuckPotion","Hololive_StrengthChampion"],"picked":"Hololive_CallRosalyn","floor":0},{"not_picked":["Hololive_LuckPotion","Hololive_Drill"],"picked":"Hololive_RevenueBasedLive","floor":0},{"not_picked":["Hololive_CallNekomataOkayu","Hololive_CallTokinoSora"],"picked":"Hololive_CallHimemoriLuna","floor":0},{"not_picked":["Hololive_Drill","Hololive_CallUsadaPekora"],"picked":"Hololive_CallHoshimachiSuisei","floor":0},{"not_picked":["Hololive_HuntDinosaur","Hololive_Sequa"],"picked":"Hololive_CallHoshimachiSuisei","floor":0},{"not_picked":["Hololive_StrengthChampion","Hololive_RevenueBasedLive"],"picked":"Hololive_CallAkiRosenthal","floor":0},{"not_picked":["Hololive_CallDoris","Hololive_Rebound"],"picked":"Hololive_CallYozoraMel","floor":0},{"not_picked":["Hololive_Rebound","Hololive_OvertimeWork"],"picked":"Hololive_CocoNews","floor":0},{"not_picked":["Hololive_HuntDinosaur","Hololive_Breathe"],"picked":"Hololive_Rebound","floor":0},{"not_picked":["Hololive_Breathe","Hololive_FlyingPonyTail"],"picked":"Hololive_CallYogiri","floor":0},{"not_picked":["Hololive_Drill","Hololive_Sequa"],"picked":"Hololive_CallAkiRosenthal","floor":0},{"not_picked":["Hololive_FlyingPonyTail","Hololive_Breathe"],"picked":"Hololive_CallNakiriAyame","floor":0},{"not_picked":["Hololive_CallMoonaHoshinova","Hololive_Sequa","Hololive_CallTokoyamiTowa"],"picked":"Hololive_CallSpadeEcho","floor":1},{"not_picked":["Hololive_FlyingPonyTail","Hololive_SoulCatcher","Hololive_HuntDinosaur"],"picked":"Hololive_CallShirakamiFubuki","floor":4},{"not_picked":["Hololive_Psychosis","Hololive_Rebound","Hololive_BeCareful"],"picked":"Hololive_CallYogiri","floor":6},{"not_picked":["Hololive_CandyCastle","Hololive_CallKiryuuCoco","Hololive_CallAyundaRisu"],"picked":"Hololive_CallMomosuzuNene","floor":7},{"not_picked":["Hololive_RevenueBasedLive","Hololive_Drill","Hololive_CallKiryuuCoco"],"picked":"Hololive_CallRoboco","floor":10},{"not_picked":["Hololive_HuntDinosaur","Hololive_Yoholoon","Hololive_Psychosis"],"picked":"Hololive_CallAyundaRisu","floor":12},{"not_picked":["Hololive_StrengthChampion","Hololive_CallMomosuzuNene","Hololive_Sequa"],"picked":"Hololive_CallUsadaPekora","floor":13},{"not_picked":["Hololive_CocoNews","Hololive_Drill","Hololive_HuntDinosaur"],"picked":"Hololive_FlyingPonyTail","floor":14},{"not_picked":["Hololive_IdolExercise","Hololive_WolfAndLamb","Hololive_DurableLive"],"picked":"Hololive_DDD","floor":16},{"not_picked":["Hololive_OvertimeWork","Hololive_LuckPotion","Hololive_CallHoshimachiSuisei"],"picked":"Hololive_CallRoboco+1","floor":18},{"not_picked":["Hololive_LuckPotion","Hololive_Drill","Hololive_CallSpadeEcho"],"picked":"Hololive_CallShiroganeNoel","floor":1},{"not_picked":["Hololive_LuckPotion","Hololive_CallAkiRosenthal","Hololive_StrengthChampion"],"picked":"Hololive_CallHoushouMarine","floor":3},{"not_picked":["Hololive_Breathe","Hololive_CallHoshimachiSuisei","Hololive_MaximGun"],"picked":"Hololive_CallMoonaHoshinova","floor":4},{"not_picked":["Hololive_Drill","Hololive_FlareMind","Hololive_Breathe"],"picked":"Hololive_CallYukihanaLamy","floor":6},{"not_picked":["Hololive_SummonFox","Hololive_CandyCastle","Hololive_Psychosis"],"picked":"Hololive_CallCivia","floor":7}],"player_experience":271459,"relics_obtained":[{"floor":1,"key":"LetterFromLob"},{"floor":3,"key":"Happy Flower"},{"floor":6,"key":"Lizard Tail"},{"floor":7,"key":"Girya"},{"floor":9,"key":"War Paint"},{"floor":10,"key":"Anchor"},{"floor":12,"key":"Darkstone Periapt"},{"floor":13,"key":"Vajra"},{"floor":21,"key":"Pen Nib"},{"floor":21,"key":"Ornamental Fan"},{"floor":21,"key":"Old Coin"},{"floor":1,"key":"LetterFromLob"},{"floor":6,"key":"Nunchaku"},{"floor":6,"key":"infinitespire:Lychee Nut"},{"floor":7,"key":"Letter Opener"},{"floor":7,"key":"Bottled Flame"},{"floor":9,"key":"Meat on the Bone"}],"event_choices":[{"damage_healed":0,"gold_gain":0,"player_choice":"Entered Light","damage_taken":7,"max_hp_gain":0,"max_hp_loss":0,"event_name":"Shining Light","floor":5,"gold_loss":0,"cards_upgraded":["Hololive_CallRosalyn","Hololive_CallAkiRosenthal"]},{"cards_removed":["Hololive_RevenueBasedLive"],"damage_healed":0,"gold_gain":0,"player_choice":"Card Removal","damage_taken":0,"max_hp_gain":0,"max_hp_loss":0,"event_name":"Wheel of Change","floor":11,"gold_loss":0},{"damage_healed":0,"gold_gain":0,"cards_transformed":["Hololive_CallAkiRosenthal"],"player_choice":"Transformed","damage_taken":0,"max_hp_gain":0,"max_hp_loss":0,"event_name":"Transmorgrifier","floor":19,"gold_loss":0,"cards_obtained":["Hololive_HuntDinosaur"]},{"damage_healed":0,"gold_gain":100,"player_choice":"Pray","damage_taken":0,"max_hp_gain":0,"max_hp_loss":0,"event_name":"Golden Shrine","floor":5,"gold_loss":0}],"is_beta":false,"boss_relics":[{"not_picked":["Philosopher\u0027s Stone","Velvet Choker"],"picked":"Black Star"}],"items_purged_floors":[],"is_endless":true,"potions_floor_spawned":[4,6,7,18,3,7],"killed_by":"Red Slaver","ascension_level":0}}