{"host":"jik2t8ix0jx4gxjb","time":1611184565,"event":{"mods":["AchievementEnabler","BaseMod","Colored Map","Colored Powertips","Hermit","Highlight Path","Minty Spire (QoL Compilation)","Shop Mod","StSLib","SuperFastMode"],"gold_per_floor":[100000,100000,100000,100000,100000,100000,100000,100000,100000,100000,100000,100000,100000,100000,100000,100000,100000,100018,99933,99933,99843,99860,99886,99905,99905,99905],"floor_reached":25,"language":"KOR","playtime":835,"items_purged":["Strike_P","Strike_P"],"score":362,"play_id":"43a3584a-eaa8-4199-8252-b52264bcd041","local_time":"20210121081605","is_ascension_mode":true,"campfire_choices":[{"data":"Devotion","floor":15,"key":"SMITH"}],"circlet_count":0,"master_deck":["Defend_P","Eruption","Vigilance","Indignation","LikeWater","FlurryOfBlows","Study","Ragnarok","TalkToTheHand","InnerPeace","Finesse","FearNoEvil","Devotion+1","Study","BowlingBash","Establishment","Crescendo","Prostrate+1","SandsOfTime","TalkToTheHand","Master of Strategy","Alpha","InnerPeace+1","InnerPeace+1","Consecrate+1","SandsOfTime+1","Tantrum","Study+1","Study+1","Adaptation+1"],"relics":["PureWater","Strange Spoon","Pen Nib","Bronze Scales","Oddly Smooth Stone","Ginger","Blue Candle","Darkstone Periapt","MealTicket","Orichalcum","Chemical X","Astrolabe","Regal Pillow","The Courier"],"acts_visited":["Exordium","TheCity"],"potions_floor_usage":[6,25],"damage_taken":[{"damage":0,"enemies":"Small Slimes","floor":1,"turns":2},{"damage":19,"enemies":"Jaw Worm","floor":2,"turns":2},{"damage":0,"enemies":"Cultist","floor":4,"turns":2},{"damage":4,"enemies":"Lagavulin","floor":6,"turns":3},{"damage":0,"enemies":"Blue Slaver","floor":10,"turns":2},{"damage":9,"enemies":"3 Sentries","floor":11,"turns":3},{"damage":0,"enemies":"2 Fungi Beasts","floor":13,"turns":1},{"damage":0,"enemies":"Slime Boss","floor":16,"turns":4},{"damage":4,"enemies":"Shell Parasite","floor":18,"turns":2},{"damage":19,"enemies":"Chosen","floor":22,"turns":2},{"damage":31,"enemies":"Book of Stabbing","floor":23,"turns":3},{"damage":0,"enemies":"3 Cultists","floor":24,"turns":4},{"damage":27,"enemies":"Gremlin Leader","floor":25,"turns":2}],"seed_played":"-4612426000037306944","potions_obtained":[{"floor":1,"key":"StancePotion"},{"floor":4,"key":"Fire Potion"},{"floor":13,"key":"Weak Potion"}],"is_trial":false,"path_per_floor":["M","M","?","M","$","E","?","?","T","M","E","?","M","$","R","B",null,"M","?","?","?","M","E","M","E"],"character_chosen":"WATCHER","items_purchased":["Strange Spoon","Pen Nib","Bronze Scales","Study","Ragnarok","TalkToTheHand","InnerPeace","Finesse","Establishment","Crescendo","Prostrate","SandsOfTime","TalkToTheHand","Master of Strategy","MealTicket","Orichalcum","Chemical X","FearPotion","BlessingOfTheForge"],"campfire_rested":0,"item_purchase_floors":[5,5,5,5,5,5,5,5,14,14,14,14,14,14,14,14,14,14,14],"current_hp_per_floor":[65,46,35,35,35,65,65,65,65,65,65,75,75,75,75,75,75,75,75,75,75,56,25,25,0,0],"gold":99905,"neow_bonus":"TWO_FIFTY_GOLD","is_daily":false,"chose_seed":false,"campfire_upgraded":1,"win_rate":0.0,"timestamp":1611184565,"path_taken":["M","M","?","M","$","E","?","?","T","?","E","?","M","$","R","BOSS","M","?","?","?","?","E","M","E"],"items_purchased_type":["Relic","Relic","Relic","Card","Card","Card","Card","Card","Card","Card","Card","Card","Card","Card","Relic","Relic","Relic","Potion","Potion"],"build_version":"2020-12-22","purchased_purges":2,"victory":false,"max_hp_per_floor":[65,65,65,65,65,65,65,65,65,65,65,75,75,75,75,75,75,75,75,75,75,75,75,75,75,75],"card_choices":[{"not_picked":["Perseverance","Protect"],"picked":"Indignation","floor":1},{"not_picked":["Consecrate","Evaluate"],"picked":"LikeWater","floor":2},{"not_picked":["Protect","Evaluate"],"picked":"FlurryOfBlows","floor":4},{"not_picked":["Protect","PathToVictory"],"picked":"FearNoEvil","floor":6},{"not_picked":["FlurryOfBlows","Indignation"],"picked":"Study","floor":10},{"not_picked":["Collect","BowlingBash"],"picked":"Judgement","floor":11},{"not_picked":["PathToVictory","Meditate"],"picked":"BowlingBash","floor":13},{"not_picked":["Ragnarok","ConjureBlade"],"picked":"Alpha","floor":16},{"not_picked":["WheelKick","LikeWater+1"],"picked":"SandsOfTime+1","floor":18},{"not_picked":["EmptyBody","ClearTheMind"],"picked":"Study+1","floor":22},{"not_picked":["JustLucky+1","BowlingBash+1"],"picked":"Study+1","floor":23},{"not_picked":["Halt","CutThroughFate"],"picked":"Adaptation+1","floor":24}],"player_experience":113509,"relics_obtained":[{"floor":6,"key":"Oddly Smooth Stone"},{"floor":9,"key":"Blue Candle"},{"floor":11,"key":"Darkstone Periapt"},{"floor":23,"key":"The Courier"}],"event_choices":[{"damage_healed":0,"gold_gain":75,"player_choice":"Gather Gold","damage_taken":11,"max_hp_gain":0,"max_hp_loss":0,"event_name":"World of Goop","floor":3,"gold_loss":0},{"damage_healed":0,"gold_gain":0,"player_choice":"Success","damage_taken":7,"relics_obtained":["Ginger"],"max_hp_gain":0,"max_hp_loss":0,"event_name":"Scrap Ooze","floor":7,"gold_loss":0},{"damage_healed":0,"gold_gain":0,"cards_transformed":["Strike_P"],"player_choice":"Change","damage_taken":0,"max_hp_gain":0,"max_hp_loss":0,"event_name":"Living Wall","floor":8,"gold_loss":0,"cards_obtained":["Devotion"]},{"cards_removed":["Judgement"],"damage_healed":0,"gold_gain":0,"player_choice":"Offered Rare","damage_taken":0,"max_hp_gain":10,"max_hp_loss":0,"event_name":"Bonfire Elementals","floor":12,"gold_loss":0},{"damage_healed":0,"gold_gain":0,"player_choice":"Obtained Relic","damage_taken":0,"relics_obtained":["Regal Pillow"],"max_hp_gain":0,"max_hp_loss":0,"event_name":"Addict","floor":19,"gold_loss":85},{"damage_healed":0,"gold_gain":0,"player_choice":"Read","damage_taken":0,"max_hp_gain":0,"max_hp_loss":0,"event_name":"The Library","floor":20,"gold_loss":0,"cards_obtained":["Tantrum"]},{"cards_removed":["Defend_P"],"damage_healed":0,"gold_gain":0,"player_choice":"Upgrade and Remove","damage_taken":0,"max_hp_gain":0,"max_hp_loss":0,"event_name":"Designer","floor":21,"gold_loss":90,"cards_upgraded":["Prostrate"]}],"is_beta":false,"boss_relics":[{"not_picked":["Snecko Eye","SlaversCollar"],"picked":"Astrolabe"}],"items_purged_floors":[5,14],"is_endless":false,"potions_floor_spawned":[1,4,10,13,23],"killed_by":"Gremlin Leader","ascension_level":4}}