{"host":"2r1v2z034wsinqnl","time":1611118584,"event":{"mods":["AchievementEnabler","BaseMod","Colored Map","Colored Powertips","Downfall","Minty Spire (QoL Compilation)","Random Character Button","StSLib"],"gold_per_floor":[99,115,115,129,141,167,167,184,184,196,213,213,244,261,275,376,376,376,396,406,406,417,436,436,436,436,436,64,64,81,16,29,128,128,128,141,1140,1155,1155,1155,1155,657,657,657,657],"floor_reached":43,"language":"ENG","playtime":3191,"items_purged":["Pain","downfall:Bewildered","Normality"],"score":614,"play_id":"332e3fa4-543c-4717-8ef5-b8d25a24a398","local_time":"20210119235624","is_ascension_mode":true,"campfire_choices":[{"data":"hexamod:Toasty","floor":1,"key":"SMITH"},{"floor":12,"key":"REST"},{"data":"hexamod:UnleashSpirits","floor":18,"key":"SMITH"},{"floor":25,"key":"REST"},{"data":"hexamod:ParanormalForm","floor":27,"key":"SMITH"},{"data":"expansioncontent:DashGenerateEvil","floor":35,"key":"SMITH"},{"floor":40,"key":"REST"}],"circlet_count":0,"master_deck":["hexamod:Strike","hexamod:Strike","hexamod:Strike","hexamod:Defend","hexamod:Defend","hexamod:Defend","hexamod:Defend","hexamod:Sear","hexamod:Float","hexamod:Toasty+1","hexamod:HeatShield","hexamod:SuperheatedStrike","hexamod:AdvancingGuard","hexamod:PowerFromBeyond","hexamod:GhostShield","downfall:Icky","downfall:Haunted","downfall:Haunted","hexamod:UnleashSpirits+1","hexamod:Hexaguard","hexamod:PowerFromBeyond","hexamod:FlamesFromBeyond","hexamod:ParanormalForm+1","hexamod:SuperheatedStrike+1","hexamod:RainOfEmbers","Parasite","hexamod:SpectersWail","hexamod:PowerFromBeyond","downfall:Haunted","expansioncontent:DashGenerateEvil+1","hexamod:PhantomCloak","hexamod:WildfireWeapon","hexamod:EtherealExpedition+1","Normality","hexamod:GhostLash","hexamod:FlamesFromBeyond+1","hexamod:HeatShield","hexamod:RecurringNightmare","hexamod:ApocalypseNow","hexamod:ForkedFlame"],"relics":["hexamod:SpiritBrand","WarpedTongs","Ornamental Fan","Strawberry","Cursed Key","Centennial Puzzle","hexamod:IceCube","Gremlin Horn","Membership Card","SlaversCollar","Orrery","Bag of Marbles","Omamori"],"acts_visited":["Exordium","TheCity","TheBeyond"],"potions_floor_usage":[13,16,16,23,23,30,33,33,43],"damage_taken":[{"damage":1,"enemies":"Jaw Worm","floor":2,"turns":4},{"damage":3,"enemies":"Cultist","floor":4,"turns":3},{"damage":3,"enemies":"2 Louse","floor":5,"turns":2},{"damage":3,"enemies":"Gremlin Nob","floor":6,"turns":3},{"damage":3,"enemies":"Blue Slaver","floor":8,"turns":3},{"damage":13,"enemies":"3 Louse","floor":10,"turns":3},{"damage":3,"enemies":"Exordium Wildlife","floor":11,"turns":3},{"damage":8,"enemies":"3 Sentries","floor":13,"turns":6},{"damage":11,"enemies":"Exordium Thugs","floor":14,"turns":3},{"damage":4,"enemies":"3 Louse","floor":15,"turns":5},{"damage":40,"enemies":"IC_STATUS_ARCHETYPE","floor":16,"turns":9},{"damage":31,"enemies":"3 Byrds","floor":19,"turns":6},{"damage":6,"enemies":"Cultist and Chosen","floor":20,"turns":5},{"damage":6,"enemies":"Centurion and Healer","floor":22,"turns":5},{"damage":14,"enemies":"Snake Plant","floor":23,"turns":3},{"damage":2,"enemies":"downfall:FleeingMerchant","floor":28,"turns":4},{"damage":22,"enemies":"Snecko","floor":30,"turns":5},{"damage":0,"enemies":"downfall:FleeingMerchant","floor":31,"turns":4},{"damage":1,"enemies":"Cultist and Chosen","floor":32,"turns":4},{"damage":5,"enemies":"SI_MIRROR_ARCHETYPE","floor":33,"turns":8},{"damage":16,"enemies":"Orb Walker","floor":36,"turns":4},{"damage":32,"enemies":"3 Darklings","floor":38,"turns":4},{"damage":20,"enemies":"downfall:FleeingMerchant","floor":42,"turns":4},{"damage":38,"enemies":"4 Shapes","floor":43,"turns":3}],"seed_played":"-4162384969850406352","potions_obtained":[{"floor":2,"key":"Slimebound:ThreeZeroPotion"},{"floor":4,"key":"hexamod:DoubleChargePotion"},{"floor":10,"key":"DuplicationPotion"},{"floor":13,"key":"Guardian:BlockOnCardUsePotion"},{"floor":16,"key":"Regen Potion"},{"floor":19,"key":"SkillPotion"},{"floor":30,"key":"Swift Potion"},{"floor":36,"key":"hexamod:InfernoChargePotion"},{"floor":38,"key":"hexamod:SoulburnPotion"}],"is_trial":false,"path_per_floor":["R","M","?","M","M","E","T","M","?","M","M","R","E","M","M","B",null,"R","M","M","?","M","M","T","R","?","R","$","T","M","$","M","B",null,"R","M","?","M","?","R","T","$","M"],"character_chosen":"THE_SPIRIT","items_purchased":["Membership Card","expansioncontent:DashGenerateEvil","hexamod:DoubleChargePotion","Regen Potion","Orrery","Bag of Marbles","Omamori","hexamod:RecurringNightmare","hexamod:ApocalypseNow","hexamod:ForkedFlame","hexamod:InfernoChargePotion"],"campfire_rested":3,"item_purchase_floors":[28,28,28,28,42,42,42,42,42,42,42],"current_hp_per_floor":[70,69,69,66,63,60,67,64,64,51,48,71,63,52,48,8,77,77,46,40,40,34,29,29,52,52,52,50,50,28,28,27,22,77,77,61,61,29,29,52,52,32,0,0,0],"gold":657,"neow_bonus":"TRANSFORM_CARD","is_daily":false,"chose_seed":false,"campfire_upgraded":4,"win_rate":0.0,"timestamp":1611118584,"path_taken":["R","M","?","M","M","E","T","?","?","M","M","R","E","M","M","BOSS","R","M","M","?","M","M","T","R","?","R","$","?","M","$","M","BOSS","R","M","?","M","?","R","T","$","M"],"items_purchased_type":["Relic","Card","Potion","Potion","Relic","Relic","Relic","Card","Card","Card","Potion"],"build_version":"2020-12-22","purchased_purges":3,"victory":false,"max_hp_per_floor":[70,70,70,70,70,70,77,77,77,77,77,77,77,77,77,77,77,77,77,77,77,77,77,77,77,77,77,77,77,77,77,77,77,77,77,77,77,77,77,77,77,77,77,77,77],"card_choices":[{"not_picked":["hexamod:Again","hexamod:ChargedBarrage"],"picked":"hexamod:HeatShield","floor":2},{"not_picked":["hexamod:SwordOfDarkness","hexamod:FastForward"],"picked":"hexamod:SuperheatedStrike","floor":4},{"not_picked":["hexamod:Haunt","hexamod:SoulSteal"],"picked":"hexamod:AdvancingGuard","floor":5},{"not_picked":["hexamod:AdvancingGuard","hexamod:SoulSteal"],"picked":"hexamod:PowerFromBeyond","floor":6},{"not_picked":["hexamod:AdvancingGuard","hexamod:Haunt"],"picked":"hexamod:GhostShield","floor":8},{"not_picked":["hexamod:ShieldOfDarkness","hexamod:GhostShield"],"picked":"hexamod:Hexaguard","floor":10},{"not_picked":["hexamod:SpectersWail","hexamod:ParanormalForm"],"picked":"hexamod:PowerFromBeyond","floor":11},{"not_picked":["hexamod:NecessarySacrifice","hexamod:HeatShield"],"picked":"hexamod:FlamesFromBeyond","floor":13},{"not_picked":["hexamod:GhostOfSpireFuture","hexamod:Firestarter","hexamod:DynamicBlow"],"picked":"SKIP","floor":14},{"not_picked":["hexamod:InspiringFlames","hexamod:SpectralSpark","hexamod:NightmareGuise"],"picked":"SKIP","floor":15},{"not_picked":["hexamod:SixthSeal","hexamod:HexaLevel"],"picked":"hexamod:ParanormalForm","floor":16},{"not_picked":["hexamod:GhostOfSpireFuture","hexamod:HeatMetal"],"picked":"hexamod:SuperheatedStrike+1","floor":19},{"not_picked":["hexamod:RadiantFlame","hexamod:Again"],"picked":"hexamod:RainOfEmbers","floor":20},{"not_picked":["hexamod:RadiantFlame","hexamod:GhostLash+1"],"picked":"hexamod:SpectersWail","floor":22},{"not_picked":["hexamod:NightmareStrike+1","hexamod:RadiantFlame"],"picked":"hexamod:PowerFromBeyond","floor":23},{"not_picked":["hexamod:SpectralAdrenaline","hexamod:Incineration","hexamod:SkipABeat+1"],"picked":"SKIP","floor":28},{"not_picked":["hexamod:HeatMetal","hexamod:ThermalTransfer","hexamod:SoulSteal"],"picked":"SKIP","floor":30},{"not_picked":["hexamod:SecondSeal","hexamod:Again","hexamod:SoulSteal"],"picked":"SKIP","floor":31},{"not_picked":["hexamod:HeatMetal+1","hexamod:NightmareGuise"],"picked":"hexamod:PhantomCloak","floor":32},{"not_picked":["hexamod:GhostflameInferno","hexamod:GhostOfSpirePresent"],"picked":"hexamod:WildfireWeapon","floor":33},{"not_picked":["hexamod:GhostShield+1","hexamod:PhantomCloak"],"picked":"hexamod:EtherealExpedition+1","floor":36},{"not_picked":["hexamod:RainOfEmbers","hexamod:SwordOfDarkness+1"],"picked":"hexamod:GhostLash","floor":38},{"not_picked":["hexamod:SuperheatedStrike+1","hexamod:NightmareGuise+1"],"picked":"hexamod:FlamesFromBeyond+1","floor":42},{"not_picked":["hexamod:StepThrough","hexamod:FourthSeal"],"picked":"hexamod:HeatShield","floor":42}],"player_experience":166522,"relics_obtained":[{"floor":6,"key":"Ornamental Fan"},{"floor":7,"key":"Strawberry"},{"floor":13,"key":"Centennial Puzzle"},{"floor":24,"key":"Gremlin Horn"}],"event_choices":[{"damage_healed":0,"gold_gain":0,"player_choice":"Rummage","damage_taken":0,"relics_obtained":["WarpedTongs"],"max_hp_gain":0,"max_hp_loss":0,"event_name":"Accursed Blacksmith","floor":3,"gold_loss":0,"cards_obtained":["Pain"]},{"damage_healed":0,"gold_gain":0,"cards_transformed":["downfall:Malfunctioning","downfall:Bewildered"],"player_choice":"Became Test Subject","damage_taken":0,"max_hp_gain":0,"max_hp_loss":0,"event_name":"Drug Dealer","floor":21,"gold_loss":0,"cards_obtained":["downfall:Bewildered","Parasite"]},{"damage_healed":0,"gold_gain":0,"player_choice":"Ignored","damage_taken":0,"max_hp_gain":0,"max_hp_loss":0,"event_name":"Mysterious Sphere","floor":39,"gold_loss":0}],"is_beta":false,"boss_relics":[{"not_picked":["Fusion Hammer","Calling Bell"],"picked":"hexamod:IceCube"},{"not_picked":["Runic Pyramid","Runic Dome"],"picked":"SlaversCollar"}],"items_purged_floors":[28,31,42],"is_endless":false,"potions_floor_spawned":[2,4,10,13,15,16,19,20,30,36,38],"killed_by":"4 Shapes","ascension_level":1}}