{"host":"skr63qsdfgeey3it","time":1611121709,"event":{"mods":["BaseMod","Colored Map","Hubris","Minty Spire (QoL Compilation)","Replay The Spire","Spicy Shops","StSLib"],"gold_per_floor":[368,416,416,11,30,30,61,61,88,88,88,88],"floor_reached":11,"language":"ENG","playtime":261,"items_purged":["Regret"],"score":114,"play_id":"242021cf-ab4e-48a1-bab2-e69faa53290e","local_time":"20210119234829","is_ascension_mode":true,"campfire_choices":[{"floor":6,"key":"DIG"},{"floor":8,"key":"REST"}],"circlet_count":0,"master_deck":["AscendersBane","Strike_R","Strike_R","Strike_R","Strike_R","Strike_R","Defend_R+1","Defend_R","Defend_R","Defend_R+1","Bash","Fire Breathing","Armaments","Juggernaut","Swift Strike","Iron Wave"],"relics":["Burning Blood","Kunai","Singing Bowl","BargainBundle","Shovel","Replay:Baseball","Onion Ring","Potion Belt"],"acts_visited":["Exordium"],"potions_floor_usage":[4,5],"damage_taken":[{"damage":21,"enemies":"Small Slimes","floor":1,"turns":4},{"damage":2,"enemies":"2 Louse","floor":5,"turns":2},{"damage":30,"enemies":"3 Sentries","floor":7,"turns":5},{"damage":27,"enemies":"Lagavulin","floor":11,"turns":6}],"seed_played":"-2370216802804621936","potions_obtained":[{"floor":1,"key":"Energy Potion"},{"floor":2,"key":"Toxic Potion"}],"is_trial":false,"path_per_floor":["M","?","?","$","M","R","E","R","T","?","E"],"character_chosen":"IRONCLAD","items_purchased":["BargainBundle","Shovel","Fruit Juice","Adrenaline Potion","Armaments","Juggernaut","Swift Strike"],"campfire_rested":1,"item_purchase_floors":[4,4,4,4,4,4,4],"current_hp_per_floor":[57,29,29,34,40,40,16,39,39,23,0,0],"gold":88,"neow_bonus":"TWO_FIFTY_GOLD","is_daily":false,"chose_seed":false,"campfire_upgraded":0,"win_rate":0.0,"timestamp":1611121709,"path_taken":["M","?","?","$","?","R","E","R","T","?","E"],"items_purchased_type":["Relic","Relic","Potion","Potion","Card","Card","Card"],"build_version":"2020-12-22","purchased_purges":1,"victory":false,"max_hp_per_floor":[72,72,72,77,79,79,79,79,79,79,79,79],"card_choices":[{"not_picked":["Seeing Red","Twin Strike"],"picked":"Fire Breathing","floor":1},{"not_picked":["Clothesline","Thunderclap","Massacre"],"picked":"Singing Bowl","floor":5},{"not_picked":["Exhume","Entrench"],"picked":"Iron Wave","floor":7}],"player_experience":764505,"relics_obtained":[{"floor":2,"key":"Kunai"},{"floor":6,"key":"Replay:Baseball"},{"floor":7,"key":"Onion Ring"},{"floor":9,"key":"Potion Belt"}],"event_choices":[{"damage_healed":0,"gold_gain":0,"player_choice":"Box","damage_taken":0,"relics_obtained":["Singing Bowl"],"max_hp_gain":0,"max_hp_loss":0,"event_name":"Big Fish","floor":3,"gold_loss":0,"cards_obtained":["Regret"]},{"damage_healed":0,"gold_gain":0,"player_choice":"Entered Light","damage_taken":16,"max_hp_gain":0,"max_hp_loss":0,"event_name":"Shining Light","floor":10,"gold_loss":0,"cards_upgraded":["Defend_R","Defend_R"]}],"is_beta":false,"boss_relics":[],"items_purged_floors":[4],"is_endless":false,"potions_floor_spawned":[1],"killed_by":"Lagavulin","ascension_level":13}}