{"host":"qhd5m7ak4qaao2fj","time":1611134281,"event":{"mods":["AchievementEnabler","BaseMod","Bestiary","Block Reminder","Colored Map","Colored Powertips","DeckTracker","Highlight Path","Minty Spire (QoL Compilation)","Quick Restart","Relic Stats"],"gold_per_floor":[109,120,133,24,40,40,60,60,60,77,103,52,52,66,66,66,66],"floor_reached":16,"language":"ENG","playtime":1472,"items_purged":["Defend_R"],"score":114,"play_id":"dfc119d4-4675-4704-b40e-e2e01e04564e","local_time":"20210120101801","is_ascension_mode":true,"campfire_choices":[{"floor":15,"key":"REST"}],"circlet_count":0,"master_deck":["Strike_R","Strike_R","Strike_R","Strike_R","Strike_R","Defend_R","Defend_R","Defend_R","Bash","Blind","Fire Breathing","Fire Breathing","Feel No Pain","Reckless Charge","Shockwave"],"relics":["Burning Blood","Eternal Feather","Du-Vu Doll","Champion Belt"],"acts_visited":["Exordium"],"potions_floor_usage":[3,12,16],"damage_taken":[{"damage":0,"enemies":"Cultist","floor":1,"turns":3},{"damage":4,"enemies":"Jaw Worm","floor":2,"turns":3},{"damage":7,"enemies":"2 Louse","floor":3,"turns":3},{"damage":40,"enemies":"Lots of Slimes","floor":5,"turns":6},{"damage":25,"enemies":"3 Louse","floor":7,"turns":6},{"damage":11,"enemies":"2 Fungi Beasts","floor":10,"turns":3},{"damage":19,"enemies":"3 Sentries","floor":11,"turns":5},{"damage":21,"enemies":"Lots of Slimes","floor":14,"turns":6},{"damage":56,"enemies":"The Guardian","floor":16,"turns":8}],"seed_played":"3689169273743592236","potions_obtained":[{"floor":1,"key":"DistilledChaos"},{"floor":2,"key":"BlessingOfTheForge"},{"floor":7,"key":"Strength Potion"},{"floor":11,"key":"Regen Potion"}],"is_trial":false,"path_per_floor":["M","M","M","$","M","?","M","$","T","M","E","$","?","M","R","B"],"character_chosen":"IRONCLAD","items_purchased":["Reckless Charge","BloodPotion"],"campfire_rested":1,"item_purchase_floors":[4,12],"current_hp_per_floor":[80,80,79,79,45,45,26,26,26,21,8,24,24,9,42,0,0],"gold":66,"neow_bonus":"RANDOM_COLORLESS","is_daily":false,"chose_seed":false,"campfire_upgraded":0,"win_rate":0.0,"timestamp":1611134281,"path_taken":["M","M","M","?","?","?","M","$","T","?","E","$","?","M","R","BOSS"],"items_purchased_type":["Card","Potion"],"build_version":"2020-12-22","purchased_purges":1,"victory":false,"max_hp_per_floor":[80,80,80,80,80,80,80,80,80,80,80,80,80,80,80,80,80],"relic_stats":{"counters":[9,43],"Eternal Feather":9,"Champion Belt":[11],"obtain_stats":[{"Du-Vu Doll":9,"Eternal Feather":6,"Champion Belt":11,"Burning Blood":0},{"Du-Vu Doll":5,"Eternal Feather":4,"Champion Belt":7,"Burning Blood":0},{"Du-Vu Doll":21,"Eternal Feather":15,"Champion Belt":29,"Burning Blood":0}],"Burning Blood":40},"card_choices":[{"not_picked":["Madness","Bandage Up"],"picked":"Blind","floor":0},{"not_picked":["Armaments","Dark Embrace"],"picked":"Fire Breathing","floor":1},{"not_picked":["Ghostly Armor","Bloodletting"],"picked":"Fire Breathing","floor":2},{"not_picked":["Infernal Blade","Clothesline"],"picked":"Feel No Pain","floor":3},{"not_picked":["Cleave","Clash"],"picked":"Shockwave","floor":5},{"not_picked":["Pommel Strike","Iron Wave","Perfected Strike"],"picked":"SKIP","floor":7},{"not_picked":["Shockwave","Heavy Blade","Dual Wield"],"picked":"SKIP","floor":10},{"not_picked":["Searing Blow","Entrench","Twin Strike"],"picked":"SKIP","floor":11},{"not_picked":["Heavy Blade","Twin Strike","Iron Wave"],"picked":"SKIP","floor":14}],"player_experience":255230,"relics_obtained":[{"floor":9,"key":"Du-Vu Doll"},{"floor":11,"key":"Champion Belt"}],"event_choices":[{"damage_healed":0,"gold_gain":0,"player_choice":"Gave Potion","damage_taken":0,"relics_obtained":["Eternal Feather"],"max_hp_gain":0,"max_hp_loss":0,"event_name":"WeMeetAgain","floor":6,"gold_loss":0},{"damage_healed":0,"gold_gain":0,"player_choice":"Ignored","damage_taken":0,"max_hp_gain":0,"max_hp_loss":0,"event_name":"Golden Idol","floor":13,"gold_loss":0}],"is_beta":false,"boss_relics":[],"items_purged_floors":[4],"is_endless":false,"potions_floor_spawned":[1,2,7,11],"killed_by":"The Guardian","ascension_level":2}}