{"host":"1zjc08c6hob33401","time":1611170893,"event":{"mods":["AchievementEnabler","Act Like it!","Aspiration","BaseMod","Downfall","Energized Spire","Evolution","Friendly Minions","Gensokyo","GifTheSpireLib","Hubris","Infinite Spire","Jedi Mod","Minty Spire (QoL Compilation)","Pale of the Ancients","Quick Restart","Replay The Spire","Retaliation","Shop Mod","Spire Arcade","StS++","StSLib","Stuff the Spire","The Blue Laboratory","Wandering Minibosses","vexMod","??????REMEMod"],"gold_per_floor":[119,119,136,151,168,168,187,187,269,296,309,47,47,59,59,161,161,161,161],"floor_reached":18,"language":"RUS","playtime":1197,"items_purged":[],"score":279,"play_id":"1aa3176d-818b-42ce-9f50-a8b1dd491072","local_time":"20210120212813","is_ascension_mode":true,"campfire_choices":[{"data":"Mind Blast","floor":6.0,"key":"SMITH"},{"data":"White Noise","floor":8.0,"key":"SMITH"},{"floor":15.0,"key":"DIG"}],"circlet_count":0,"master_deck":["AscendersBane","Ball Lightning","Ball Lightning","Strike_B","Strike_B","Defend_B","Defend_B","Defend_B","Defend_B","Zap","Dualcast","Guardian:ConstructionForm","Mind Blast+1","jedi:blockon","White Noise+1","Conserve Battery","Conserve Battery","Leap","hubris:DoWhile","StSpp:Igniter","aspiration:Polymerization","jedi:meditation"],"relics":["Cracked Core","StuffTheSpire:OccultApparatus","REME_ComplimentaryCards","StSpp:SailorCap","infinitespire:FocusingShard","Bottled Tornado","Iron Hammer","energizedSpire:NeverEndingSparkler"],"acts_visited":["Gensokyo:Gensokyo","Gensokyo:Gensokyoer"],"potions_floor_usage":[],"damage_taken":[{"damage":0.0,"enemies":"Gensokyo:Python","floor":1.0,"turns":4.0},{"damage":0.0,"enemies":"Gensokyo:2_Kodama","floor":3.0,"turns":3.0},{"damage":11.0,"enemies":"Gensokyo:Gryphon","floor":4.0,"turns":3.0},{"damage":3.0,"enemies":"Gensokyo:Python_and_Kodama","floor":5.0,"turns":4.0},{"damage":8.0,"enemies":"Gensokyo:CorruptedTreant","floor":7.0,"turns":2.0},{"damage":0.0,"enemies":"Gensokyo:Aya","floor":10.0,"turns":5.0},{"damage":7.0,"enemies":"Gensokyo:Kitsune","floor":11.0,"turns":2.0},{"damage":3.0,"enemies":"Gensokyo:Python_and_Kodama","floor":14.0,"turns":4.0},{"damage":8.0,"enemies":"Gensokyo:Yukari","floor":16.0,"turns":6.0},{"damage":63,"enemies":"Gensokyo:3_Dogs","floor":18,"turns":8}],"seed_played":"-6604843611385900596","potions_obtained":[{"floor":1.0,"key":"blueLaboratory:BubblePotion"},{"floor":3.0,"key":"Reflective Coating"},{"floor":4.0,"key":"Block Potion"},{"floor":7.0,"key":"DuplicationPotion"},{"floor":16.0,"key":"Venom Potion"}],"is_trial":false,"path_per_floor":["M","?","M","M","M","R","M","R","T","E","M","$","?","M","R","B",null,"M"],"character_chosen":"DEFECT","items_purchased":["Bottled Tornado"],"campfire_rested":0,"item_purchase_floors":[12],"current_hp_per_floor":[68,68,68,57,54,54,46,46,46,46,39,39,39,36,36,28,63,0,0],"gold":161,"neow_bonus":"RANDOM_COLORLESS","is_daily":false,"chose_seed":false,"campfire_upgraded":2,"win_rate":0.0,"timestamp":1611170893,"path_taken":["M","?","M","M","M","R","M","R","T","E","M","?","?","?","R","BOSS","M"],"items_purchased_type":["Relic"],"build_version":"2020-12-22","purchased_purges":0,"victory":false,"max_hp_per_floor":[75,75,75,75,75,75,75,75,75,75,75,75,75,75,75,75,75,75,75],"card_choices":[{"not_picked":["Replay:Parry","vexMod:EmailVexCard"],"picked":"Mind Blast","floor":0.0},{"not_picked":["Hologram","Beam Cell"],"picked":"jedi:blockon","floor":1.0},{"not_picked":["Time Bomb","jedi:blockon"],"picked":"White Noise","floor":3.0},{"not_picked":["Go for the Eyes","StuffTheSpire:Plugnplay"],"picked":"Conserve Battery","floor":4.0},{"not_picked":["REME_SelfUpgrade","Turbo"],"picked":"Conserve Battery","floor":5.0},{"not_picked":["Heatsinks","Gash"],"picked":"Leap","floor":7.0},{"not_picked":["StSpp:Channeliser","Steam"],"picked":"hubris:DoWhile","floor":10.0},{"not_picked":["Chaos","Coolheaded"],"picked":"StSpp:Igniter","floor":11.0},{"not_picked":["Beam Cell","Aggregate"],"picked":"aspiration:Polymerization","floor":14.0},{"not_picked":["All For One","Hyperbeam"],"picked":"jedi:meditation","floor":16.0}],"player_experience":641531,"relics_obtained":[{"floor":9.0,"key":"StSpp:SailorCap"},{"floor":10.0,"key":"infinitespire:FocusingShard"},{"floor":15.0,"key":"Iron Hammer"}],"event_choices":[],"is_beta":false,"boss_relics":[{"not_picked":["vexMod:MegatonBomb","aspiration:RitualDagger"],"picked":"energizedSpire:NeverEndingSparkler"}],"items_purged_floors":[],"is_endless":false,"potions_floor_spawned":[1,3,4,7,16],"killed_by":"Gensokyo:3_Dogs","ascension_level":10}}