{"host":"soyfmymeou4emntr","time":1611185543,"event":{"mods":["BaseMod","BetterRewards","Minty Spire (QoL Compilation)","Relic Sorter","Relic Stats","StSLib"],"gold_per_floor":[116,136,136,136,151,183,183,218,241,241,267,287,300,325,325,403,403,421,440,22,22,33,68,95,95,120,462,474,492,529,89,89,172,199,218,236,263,233,261,305,305,340,340,340,380,2,11,36,36,36,36,36,36,36,71,71],"floor_reached":57,"language":"ENG","playtime":9749,"items_purged":["Strike_G","Strike_G"],"score":3706,"play_id":"9d3d1408-c49a-4351-a4bb-a95e75b95370","local_time":"20210120163223","is_ascension_mode":true,"campfire_choices":[{"floor":7.0,"key":"REST"},{"data":"Malaise","floor":10.0,"key":"SMITH"},{"floor":15.0,"key":"REST"},{"data":"Ghostly","floor":25.0,"key":"SMITH"},{"data":"Ghostly","floor":32.0,"key":"SMITH"},{"floor":41.0,"key":"RECALL"},{"floor":47.0,"key":"REST"},{"floor":49.0,"key":"REST"},{"data":"Burst","floor":53,"key":"SMITH"}],"circlet_count":0,"master_deck":["AscendersBane","Defend_G","Defend_G","Defend_G","Defend_G","Defend_G","Survivor","Neutralize","Terror","Deadly Poison","Dagger Throw","Clumsy","Backstab","Blade Dance","Noxious Fumes","Malaise+1","Footwork","Quick Slash","Blade Dance","Crippling Poison","Adrenaline","Concentrate","Leg Sweep","Unload","Ghostly+1","Ghostly+1","Ghostly","Footwork+1","Adrenaline","A Thousand Cuts","Predator+1","Endless Agony+1","Wraith Form v2+1","PiercingWail","After Image","Night Terror","Burst+1","Concentrate+1","Acrobatics","Backflip"],"relics":["Ring of the Snake","Akabeko","Orichalcum","Tiny Chest","Paper Crane","Pen Nib","Omamori","Singing Bowl","Runic Pyramid","TwistedFunnel","Vajra","MutagenicStrength","CeramicFish","Snake Skull","Old Coin","Lantern","Kunai","Chemical X","Astrolabe","Dream Catcher","Art of War","Potion Belt","The Specimen","Shuriken","Strawberry"],"acts_visited":["Exordium","TheCity","TheBeyond","TheEnding"],"potions_floor_usage":[],"damage_taken":[{"damage":0.0,"enemies":"2 Louse","floor":1.0,"turns":4.0},{"damage":0.0,"enemies":"Small Slimes","floor":2.0,"turns":3.0},{"damage":0.0,"enemies":"Cultist","floor":5.0,"turns":2.0},{"damage":10.0,"enemies":"3 Sentries","floor":6.0,"turns":7.0},{"damage":0.0,"enemies":"Gremlin Nob","floor":8.0,"turns":4.0},{"damage":18.0,"enemies":"3 Sentries","floor":11.0,"turns":7.0},{"damage":0.0,"enemies":"Exordium Thugs","floor":12.0,"turns":3.0},{"damage":0.0,"enemies":"3 Louse","floor":13.0,"turns":3.0},{"damage":2.0,"enemies":"Gremlin Nob","floor":14.0,"turns":3.0},{"damage":8.0,"enemies":"The Guardian","floor":16.0,"turns":9.0},{"damage":6.0,"enemies":"2 Thieves","floor":18.0,"turns":3.0},{"damage":9.0,"enemies":"Shell Parasite","floor":19.0,"turns":4.0},{"damage":0.0,"enemies":"Snecko","floor":22.0,"turns":3.0},{"damage":20.0,"enemies":"Gremlin Leader","floor":23.0,"turns":6.0},{"damage":0.0,"enemies":"Slavers","floor":27.0,"turns":6.0},{"damage":0.0,"enemies":"Shelled Parasite and Fungi","floor":28.0,"turns":4.0},{"damage":0.0,"enemies":"3 Cultists","floor":29.0,"turns":4.0},{"damage":3.0,"enemies":"Gremlin Leader","floor":30.0,"turns":6.0},{"damage":2.0,"enemies":"Automaton","floor":33.0,"turns":10.0},{"damage":0.0,"enemies":"Orb Walker","floor":35.0,"turns":1.0},{"damage":5.0,"enemies":"3 Darklings","floor":36.0,"turns":4.0},{"damage":16.0,"enemies":"Spire Growth","floor":39.0,"turns":7.0},{"damage":0.0,"enemies":"Nemesis","floor":40.0,"turns":8.0},{"damage":15.0,"enemies":"Giant Head","floor":42.0,"turns":11.0},{"damage":0.0,"enemies":"Nemesis","floor":45.0,"turns":9.0},{"damage":0.0,"enemies":"Transient","floor":48.0,"turns":6.0},{"damage":22.0,"enemies":"Donu and Deca","floor":50.0,"turns":14.0},{"damage":6.0,"enemies":"Awakened One","floor":51.0,"turns":21.0},{"damage":0,"enemies":"Shield and Spear","floor":55,"turns":9},{"damage":30,"enemies":"The Heart","floor":56,"turns":18}],"seed_played":"-262073646877732772","potions_obtained":[{"floor":2.0,"key":"GhostInAJar"},{"floor":5.0,"key":"Ancient Potion"},{"floor":8.0,"key":"Weak Potion"},{"floor":11.0,"key":"Poison Potion"},{"floor":16.0,"key":"GamblersBrew"},{"floor":38.0,"key":"Regen Potion"},{"floor":39.0,"key":"Strength Potion"},{"floor":40.0,"key":"PowerPotion"},{"floor":48.0,"key":"BlessingOfTheForge"}],"is_trial":false,"path_per_floor":["M","M","?","?","M","E","R","E","T","R","E","M","M","E","R","B",null,"M","M","$","?","M","E","?","R","T","E","M","M","E","$","R","B",null,"M","M","T","?","M","E","R","E","T","?","E","$","R","M","R","B","B",null,"R","$","E","B",null],"character_chosen":"THE_SILENT","items_purchased":["Akabeko","Terror","TwistedFunnel","Vajra","Kunai","Chemical X","Shuriken"],"campfire_rested":4,"item_purchase_floors":[0,0,20,20,31,31,46],"current_hp_per_floor":[59,59,41,41,41,31,50,50,50,50,32,32,32,30,49,41,60,54,45,45,45,47,27,27,27,27,27,29,31,28,28,28,26,35,37,34,34,34,33,33,33,18,18,20,20,20,33,33,46,24,18,39,39,39,46,16],"gold":71,"neow_bonus":"","is_daily":false,"chose_seed":false,"campfire_upgraded":4,"win_rate":0.0,"timestamp":1611185543,"path_taken":["M","M","?","?","M","E","R","E","T","R","E","?","M","E","R","BOSS","M","M","$","?","M","E","?","R","T","E","M","M","E","$","R","BOSS","M","M","?","?","?","E","R","E","T","?","E","$","R","M","R","BOSS","BOSS","R","$","E","BOSS"],"items_purchased_type":["Relic","Card","Relic","Relic","Relic","Relic","Relic"],"build_version":"2020-12-22","purchased_purges":2,"victory":true,"max_hp_per_floor":[66,66,66,66,66,66,66,66,66,66,66,66,66,66,66,66,66,66,66,66,66,68,68,34,34,34,34,36,38,38,38,38,38,38,40,42,42,42,42,42,42,42,42,44,44,44,44,44,46,46,46,46,46,46,53,53],"relic_stats":{"Singing Bowl":14,"counters":[38,246],"CeramicFish":153,"Astrolabe":["Predator","Endless Agony","Wraith Form v2"],"Pen Nib":[40],"Snake Skull":[164],"Orichalcum":[780],"Dream Catcher":2,"Shuriken":[27],"Tiny Chest":1,"Art of War":[24],"Kunai":[64],"Chemical X":[14],"obtain_stats":[{"TwistedFunnel":20,"Lantern":30,"Singing Bowl":14,"CeramicFish":23,"Vajra":20,"Snake Skull":26,"Old Coin":27,"Dream Catcher":37,"HornCleat":9,"Strawberry":55,"Tiny Chest":6,"Kunai":7,"Chemical X":31,"Ring of the Snake":0,"Runic Pyramid":17,"Potion Belt":42,"The Specimen":45,"Astrolabe":34,"PreservedInsect":0,"Pen Nib":9,"Omamori":11,"Orichalcum":2,"War Paint":10,"Paper Crane":8,"Akabeko":0,"Shuriken":46,"MutagenicStrength":21,"Art of War":40,"Bottled Lightning":13},{"TwistedFunnel":20,"Lantern":26,"Singing Bowl":17,"CeramicFish":22,"Vajra":20,"Snake Skull":22,"Old Coin":23,"Dream Catcher":29,"HornCleat":3,"Strawberry":37,"Tiny Chest":12,"Kunai":3,"Chemical X":26,"Ring of the Snake":0,"Runic Pyramid":18,"Potion Belt":32,"The Specimen":33,"Astrolabe":27,"PreservedInsect":0,"Pen Nib":13,"Omamori":14,"Orichalcum":1,"War Paint":4,"Paper Crane":13,"Akabeko":8,"Shuriken":33,"MutagenicStrength":20,"Art of War":31,"Bottled Lightning":7},{"TwistedFunnel":99,"Lantern":128,"Singing Bowl":83,"CeramicFish":108,"Vajra":99,"Snake Skull":108,"Old Coin":114,"Dream Catcher":143,"HornCleat":12,"Strawberry":228,"Tiny Chest":63,"Kunai":12,"Chemical X":128,"Ring of the Snake":0,"Runic Pyramid":92,"Potion Belt":169,"The Specimen":178,"Astrolabe":138,"PreservedInsect":0,"Pen Nib":67,"Omamori":74,"Orichalcum":3,"War Paint":20,"Paper Crane":67,"Akabeko":47,"Shuriken":178,"MutagenicStrength":99,"Art of War":158,"Bottled Lightning":36}],"Ring of the Snake":[77]},"card_choices":[{"not_picked":["Endless Agony","Slice"],"picked":"Deadly Poison","floor":1.0},{"not_picked":["Backflip","Outmaneuver"],"picked":"Dagger Throw","floor":2.0},{"not_picked":["Flechettes","Expertise"],"picked":"Blade Dance","floor":5.0},{"not_picked":["Deadly Poison","Tactician"],"picked":"Noxious Fumes","floor":6.0},{"not_picked":["Escape Plan","Calculated Gamble"],"picked":"Malaise","floor":8.0},{"not_picked":["Escape Plan","Riddle With Holes"],"picked":"Footwork","floor":11.0},{"not_picked":["Expertise","Outmaneuver"],"picked":"Quick Slash","floor":12.0},{"not_picked":["Deadly Poison","A Thousand Cuts"],"picked":"Blade Dance","floor":13.0},{"not_picked":["PiercingWail","Outmaneuver"],"picked":"Crippling Poison","floor":14.0},{"not_picked":["Envenom","Doppelganger"],"picked":"Adrenaline","floor":16.0},{"not_picked":["Bane+1","Quick Slash"],"picked":"Concentrate","floor":18.0},{"not_picked":["Prepared","Dodge and Roll"],"picked":"Leg Sweep","floor":19.0},{"not_picked":["Dagger Spray","Slice","Poisoned Stab"],"picked":"Singing Bowl","floor":22.0},{"not_picked":["Poisoned Stab+1","Flying Knee"],"picked":"Unload","floor":23.0},{"not_picked":["Acrobatics","Sucker Punch"],"picked":"Footwork+1","floor":27.0},{"not_picked":["Slice+1","Dagger Throw","Setup+1"],"picked":"Singing Bowl","floor":28.0},{"not_picked":["All Out Attack","Cloak And Dagger","Caltrops"],"picked":"Singing Bowl","floor":29.0},{"not_picked":["Prepared","Sucker Punch"],"picked":"Adrenaline","floor":30.0},{"not_picked":["Envenom","Unload"],"picked":"A Thousand Cuts","floor":33.0},{"not_picked":["Infinite Blades","Underhanded Strike","Quick Slash"],"picked":"Singing Bowl","floor":35.0},{"not_picked":["Well Laid Plans","Heel Hook","Quick Slash"],"picked":"Singing Bowl","floor":36.0},{"not_picked":["Crippling Poison","Dodge and Roll"],"picked":"PiercingWail","floor":39.0},{"not_picked":["PiercingWail","Dagger Throw+1"],"picked":"After Image","floor":40.0},{"not_picked":["Accuracy","Concentrate"],"picked":"Night Terror","floor":42.0},{"not_picked":["Blind","Enlightenment","Good Instincts"],"picked":"Singing Bowl","floor":44.0},{"not_picked":["Poisoned Stab+1","Quick Slash"],"picked":"Burst","floor":45.0},{"not_picked":["Deadly Poison","Deflect"],"picked":"Concentrate+1","floor":47.0},{"not_picked":["Dash","Poisoned Stab"],"picked":"Acrobatics","floor":48.0},{"not_picked":["Choke","Heel Hook","Flying Knee+1"],"picked":"Singing Bowl","floor":49.0},{"not_picked":["Adrenaline","Deflect"],"picked":"Backflip","floor":55}],"player_experience":2874320,"relics_obtained":[{"floor":6.0,"key":"Tiny Chest"},{"floor":8.0,"key":"Paper Crane"},{"floor":9.0,"key":"Pen Nib"},{"floor":11.0,"key":"Omamori"},{"floor":14.0,"key":"Singing Bowl"},{"floor":23.0,"key":"CeramicFish"},{"floor":26.0,"key":"Snake Skull"},{"floor":27.0,"key":"Old Coin"},{"floor":30.0,"key":"Lantern"},{"floor":37.0,"key":"Dream Catcher"},{"floor":40.0,"key":"Art of War"},{"floor":42.0,"key":"Potion Belt"},{"floor":45.0,"key":"The Specimen"},{"floor":55,"key":"Strawberry"}],"event_choices":[{"damage_healed":0.0,"max_hp_gain":0.0,"max_hp_loss":0.0,"gold_gain":0.0,"event_name":"Scrap Ooze","player_choice":"Success","floor":3.0,"gold_loss":0.0,"damage_taken":18.0,"relics_obtained":["Orichalcum"]},{"damage_healed":0.0,"max_hp_gain":0.0,"max_hp_loss":0.0,"gold_gain":0.0,"event_name":"Match and Keep!","player_choice":"2 cards matched","floor":4.0,"gold_loss":0.0,"damage_taken":0.0,"cards_obtained":["Clumsy","Backstab"]},{"damage_healed":0.0,"max_hp_gain":0.0,"max_hp_loss":0.0,"gold_gain":0.0,"event_name":"Drug Dealer","player_choice":"Inject Mutagens","floor":21.0,"gold_loss":0.0,"damage_taken":0.0,"relics_obtained":["MutagenicStrength"]},{"damage_healed":0.0,"max_hp_gain":0.0,"max_hp_loss":34.0,"gold_gain":0.0,"event_name":"Ghosts","player_choice":"Became a Ghost","floor":24.0,"gold_loss":0.0,"damage_taken":0.0,"cards_obtained":["Ghostly","Ghostly","Ghostly"]},{"damage_healed":0.0,"max_hp_gain":0.0,"max_hp_loss":0.0,"gold_gain":0.0,"event_name":"The Woman in Blue","player_choice":"Bought 2 Potions","floor":38.0,"gold_loss":0.0,"damage_taken":0.0},{"damage_healed":0.0,"max_hp_gain":0.0,"max_hp_loss":0.0,"gold_gain":0.0,"event_name":"SensoryStone","player_choice":"Memory 1","floor":44.0,"gold_loss":0.0,"damage_taken":0.0}],"is_beta":false,"boss_relics":[{"not_picked":["Snecko Eye","Empty Cage"],"picked":"Runic Pyramid"},{"not_picked":["Tiny House","Runic Dome"],"picked":"Astrolabe"}],"items_purged_floors":[20,46],"is_endless":false,"potions_floor_spawned":[2,5,8,11,16,19,23,27,28,39,40,48],"ascension_level":20}}