{"host":"3498uni0c31c9bdm","time":1611115773,"event":{"mods":["BaseMod","Better Third Choice","Minty Spire (QoL Compilation)","Replay The Spire","StSLib"],"gold_per_floor":[359,90,103,103,113,113,133,164,164,144,144,172,172,184,184,283,283,296,71,87,37,37,37,37,37,64,64,90,120,132,151,151,151,111,208,208,256,256,304,304,319,319,319,319,319],"floor_reached":44,"language":"ENG","playtime":2011,"items_purged":[],"score":705,"play_id":"dd74fa9a-943b-4ac2-ae20-75b6292e96dd","local_time":"20210120150933","is_ascension_mode":true,"campfire_choices":[{"floor":6,"key":"RECALL"},{"data":"MentalFortress","floor":13,"key":"SMITH"},{"data":"Eruption","floor":15,"key":"SMITH"},{"floor":25,"key":"REST"},{"data":"Apotheosis","floor":27,"key":"SMITH"},{"floor":32,"key":"REST"},{"floor":43,"key":"REST"}],"circlet_count":0,"master_deck":["Strike_P+1","Strike_P","Strike_P","Strike_P","Defend_P","Defend_P","Defend_P","Defend_P","Eruption+1","Vigilance","BowlingBash","EmptyBody","SashWhip+1","CarveReality","EmptyFist+1","MentalFortress+1","Worship","Judgement","CurseOfTheBell","Apotheosis+1","Wireheading","BattleHymn","Evaluate+1","FlurryOfBlows","Nirvana","DeceiveReality","Wish","ForeignInfluence+1","PathToVictory+1","Indignation+1"],"relics":["PureWater","Quantum Egg","Chameleon Ring","Replay:Rubber Ducky","betterThird:SlimedRelic","Mummified Hand","Calling Bell","Pen Nib","Replay:Ringing Soul","Unceasing Top","Mango","Omamori","CultistMask","VioletLotus","ReplayTheSpireMod:Ring of Collecting","Ring of Fangs"],"acts_visited":["Exordium","TheCity","TheBeyond"],"potions_floor_usage":[12,16,26,35,35,41,44],"damage_taken":[{"damage":3,"enemies":"2 Louse","floor":1,"turns":2},{"damage":0,"enemies":"Cultist","floor":3,"turns":2},{"damage":4,"enemies":"Small Slimes","floor":5,"turns":3},{"damage":0,"enemies":"3 Louse","floor":7,"turns":2},{"damage":15,"enemies":"Replay:BlueRogue","floor":8,"turns":6},{"damage":0,"enemies":"3 Sentries","floor":12,"turns":2},{"damage":2,"enemies":"Gremlin Gang","floor":14,"turns":9},{"damage":37,"enemies":"Fading Forest","floor":16,"turns":11},{"damage":29,"enemies":"Shell Parasite","floor":18,"turns":6},{"damage":0,"enemies":"Spheric Guardian","floor":20,"turns":1},{"damage":22,"enemies":"Slavers","floor":26,"turns":4},{"damage":0,"enemies":"Replay:Snechameleon","floor":29,"turns":6},{"damage":16,"enemies":"Cultist and Chosen","floor":30,"turns":5},{"damage":0,"enemies":"Sentry and Sphere","floor":31,"turns":3},{"damage":25,"enemies":"Champ","floor":35,"turns":10},{"damage":4,"enemies":"Orb Walker","floor":37,"turns":3},{"damage":24,"enemies":"3 Darklings","floor":39,"turns":6},{"damage":49,"enemies":"Writhing Mass","floor":41,"turns":9},{"damage":81,"enemies":"Transient","floor":44,"turns":4}],"seed_played":"-1853048913267748266","potions_obtained":[{"floor":1,"key":"Cursed Concoction"},{"floor":7,"key":"Adrenaline Potion"},{"floor":12,"key":"BlessingOfTheForge"},{"floor":18,"key":"Toxic Potion"},{"floor":26,"key":"Dexterity Potion"},{"floor":29,"key":"Venom Potion"},{"floor":31,"key":"Swift Potion"},{"floor":38,"key":"AttackPotion"},{"floor":38,"key":"Elixir"},{"floor":41,"key":"BlessingOfTheForge"}],"is_trial":false,"path_per_floor":["M","$","M","?","M","R","M","E","T","?","?","E","R","M","R","B",null,"M","$","M","?","$","PTL","PTL","R","E","R","T","E","M","M","R","?","R","B",null,"M","?","M","?","M","?","R","M"],"character_chosen":"WATCHER","items_purchased":["Quantum Egg","EmptyBody","Apotheosis","Wireheading"],"campfire_rested":3,"item_purchase_floors":[2,2,19,19],"current_hp_per_floor":[62,62,62,62,58,58,58,43,43,32,75,75,75,73,73,53,70,41,44,47,47,47,47,47,71,66,66,66,69,56,59,91,91,91,69,100,99,99,78,78,32,32,67,0,0],"gold":319,"neow_bonus":"TWO_FIFTY_GOLD","is_daily":false,"chose_seed":false,"campfire_upgraded":3,"win_rate":0.0,"timestamp":1611115773,"path_taken":["M","$","M","?","?","R","M","E","T","?","?","E","R","M","R","BOSS","M","$","?","?","?","PTL","PTL","R","E","R","T","E","M","M","R","?","R","BOSS","M","?","?","?","M","?","R","M"],"items_purchased_type":["Relic","Card","Card","Card"],"build_version":"2020-12-22","purchased_purges":0,"victory":false,"max_hp_per_floor":[65,65,65,65,65,65,65,65,65,65,75,75,75,75,75,75,75,75,78,81,81,81,81,81,81,98,98,98,101,104,107,107,107,107,110,110,113,113,116,116,119,119,119,119,119],"card_choices":[{"not_picked":["Meditate","Replay:AtTheReady"],"picked":"BowlingBash","floor":1},{"not_picked":["Sanctity","Fasting2"],"picked":"SashWhip","floor":3},{"not_picked":["CrushJoints","JustLucky"],"picked":"CarveReality","floor":5},{"not_picked":["BowlingBash","FlurryOfBlows"],"picked":"EmptyFist","floor":7},{"not_picked":["FlyingSleeves","Replay:Anticipation"],"picked":"Omniscience","floor":8},{"not_picked":["Indignation","Adaptation"],"picked":"MentalFortress","floor":12},{"not_picked":["CrushJoints","Evaluate"],"picked":"Worship","floor":14},{"not_picked":["DevaForm","Ragnarok"],"picked":"Judgement","floor":16},{"not_picked":["CarveReality","Crescendo","BowlingBash"],"picked":"SKIP","floor":18},{"not_picked":["FollowUp","SashWhip"],"picked":"BattleHymn","floor":20},{"not_picked":["JustLucky+1","EmptyFist+1"],"picked":"Evaluate+1","floor":26},{"not_picked":["Replay:Cycle","Meditate+1"],"picked":"FlurryOfBlows","floor":29},{"not_picked":["FlurryOfBlows+1","MentalFortress"],"picked":"Nirvana","floor":30},{"not_picked":["Alpha","Crescendo"],"picked":"DeceiveReality","floor":31},{"not_picked":["MasterReality","LessonLearned"],"picked":"Wish","floor":35},{"not_picked":["EmptyFist+1","Replay:ManipulateFuture"],"picked":"ForeignInfluence+1","floor":37},{"not_picked":["FlyingSleeves+1","SandsOfTime+1"],"picked":"PathToVictory+1","floor":39},{"not_picked":["Halt+1","Replay:AtTheReady"],"picked":"Indignation+1","floor":41}],"player_experience":718450,"relics_obtained":[{"floor":8,"key":"Chameleon Ring"},{"floor":9,"key":"Replay:Rubber Ducky"},{"floor":12,"key":"Mummified Hand"},{"floor":17,"key":"Pen Nib"},{"floor":17,"key":"Replay:Ringing Soul"},{"floor":17,"key":"Unceasing Top"},{"floor":26,"key":"Mango"},{"floor":29,"key":"Omamori"},{"floor":42,"key":"ReplayTheSpireMod:Ring of Collecting"},{"floor":42,"key":"Ring of Fangs"}],"event_choices":[{"damage_healed":0,"gold_gain":0,"player_choice":"Upgraded","damage_taken":0,"max_hp_gain":0,"max_hp_loss":0,"event_name":"Upgrade Shrine","floor":4,"gold_loss":0,"cards_upgraded":["SashWhip"]},{"damage_healed":0,"gold_gain":0,"player_choice":"Slimed","damage_taken":11,"max_hp_gain":0,"max_hp_loss":0,"event_name":"betterThird:BetterGoop","floor":10,"gold_loss":20},{"cards_removed":["Omniscience"],"damage_healed":33,"gold_gain":0,"player_choice":"Offered Rare","damage_taken":0,"max_hp_gain":10,"max_hp_loss":0,"event_name":"Bonfire Elementals","floor":11,"gold_loss":0},{"damage_healed":0,"gold_gain":0,"player_choice":"Bet on Murderer","damage_taken":0,"max_hp_gain":0,"max_hp_loss":0,"event_name":"The Joust","floor":21,"gold_loss":50},{"damage_healed":0,"gold_gain":0,"player_choice":"Trade","damage_taken":0,"relics_obtained":["CultistMask"],"max_hp_gain":0,"max_hp_loss":0,"event_name":"FaceTrader","floor":33,"gold_loss":0},{"damage_healed":0,"gold_gain":0,"player_choice":"Upgraded Two","damage_taken":0,"max_hp_gain":0,"max_hp_loss":0,"event_name":"Designer","floor":34,"gold_loss":40,"cards_upgraded":["EmptyFist","Strike_P"]},{"damage_healed":0,"gold_gain":0,"player_choice":"Got Potions","damage_taken":0,"max_hp_gain":0,"max_hp_loss":0,"event_name":"Lab","floor":38,"gold_loss":0},{"damage_healed":0,"gold_gain":0,"player_choice":"Ignored","damage_taken":0,"max_hp_gain":0,"max_hp_loss":0,"event_name":"Tomb of Lord Red Mask","floor":40,"gold_loss":0}],"is_beta":false,"boss_relics":[{"not_picked":["Cursed Key","SlaversCollar"],"picked":"Calling Bell"},{"not_picked":["Runic Dome","Coffee Dripper"],"picked":"VioletLotus"}],"items_purged_floors":[],"is_endless":false,"potions_floor_spawned":[1,7,12,18,26,29,31,41],"killed_by":"Transient","ascension_level":6}}