{"host":"j7au2ovow4c9pz79","time":1611179506,"event":{"mods":["AchievementEnabler","BaseMod","Better Third Choice","BetterRewards","Colored Powertips","Defuse TimeMaze Blight","Energized Spire","Googly Eyes","Hubris","Infinite Spire","Minty Spire (QoL Compilation)","Quick Restart","Replay The Spire","Spicy Shops","StSLib","SuperFastMode","Transform Curses"],"gold_per_floor":[213,213,213,0,14,39,39,68,68,68,93,93,113,124,124,124,124],"floor_reached":16,"language":"ENG","playtime":1032,"items_purged":[],"score":108,"play_id":"899fc8f4-7549-4129-9a62-be13fe7f91c7","local_time":"20210120225146","is_ascension_mode":false,"campfire_choices":[{"floor":7,"key":"REST"},{"floor":10,"key":"RECALL"},{"floor":15,"key":"REST"}],"circlet_count":0,"master_deck":["Strike_G","Strike_G","Strike_G","Strike_G","Strike_G","Defend_G","Defend_G","Defend_G","Defend_G","Defend_G","Survivor","Neutralize","Deadly Poison","ReplayTheSpireMod:Muscle Training","Enlightenment","Deadly Poison","Bane","Backflip","Underhanded Strike","Dash"],"relics":["Ring of the Snake","Potion Belt","Toy Ornithopter","Replay:Baseball","hubris:ToyBattleship"],"acts_visited":["Exordium"],"potions_floor_usage":[16],"damage_taken":[{"damage":0,"enemies":"2 Louse","floor":1,"turns":5},{"damage":2,"enemies":"Jaw Worm","floor":5,"turns":3},{"damage":31,"enemies":"3 Sentries","floor":6,"turns":14},{"damage":14,"enemies":"Lagavulin","floor":8,"turns":5},{"damage":1,"enemies":"Cultist","floor":13,"turns":3},{"damage":8,"enemies":"Blue Slaver","floor":14,"turns":3},{"damage":60,"enemies":"Fading Forest","floor":16,"turns":10}],"seed_played":"5999235470671020103","potions_obtained":[{"floor":1,"key":"LifebloodPotion"},{"floor":6,"key":"Dexterity Potion"}],"is_trial":false,"path_per_floor":["M","?","?","?","M","E","R","E","T","R","T","?","M","M","R","B"],"character_chosen":"THE_SILENT","items_purchased":[],"campfire_rested":2,"item_purchase_floors":[],"current_hp_per_floor":[70,70,54,60,58,27,49,35,35,35,35,35,34,26,48,0,0],"gold":124,"neow_bonus":"HUNDRED_GOLD","is_daily":false,"chose_seed":false,"campfire_upgraded":0,"win_rate":0.0,"timestamp":1611179506,"path_taken":["M","?","?","?","?","E","R","E","T","R","?","?","M","?","R","BOSS"],"items_purchased_type":[],"build_version":"2020-12-22","purchased_purges":0,"victory":false,"max_hp_per_floor":[70,70,70,76,76,76,76,76,76,76,76,76,76,76,76,76,76],"card_choices":[{"not_picked":["Hidden Blade","Backflip"],"picked":"Deadly Poison","floor":1},{"not_picked":["Acrobatics","Cloak And Dagger"],"picked":"Deadly Poison","floor":5},{"not_picked":["PiercingWail","hubris:Counter"],"picked":"Bane","floor":6},{"not_picked":["Grand Finale","Dagger Spray"],"picked":"Backflip","floor":8},{"not_picked":["Deadly Poison","Cloak And Dagger"],"picked":"Underhanded Strike","floor":13},{"not_picked":["Sucker Punch","Dagger Spray"],"picked":"Dash","floor":14}],"player_experience":1889173,"relics_obtained":[{"floor":6,"key":"Toy Ornithopter"},{"floor":8,"key":"Replay:Baseball"},{"floor":11,"key":"hubris:ToyBattleship"}],"event_choices":[{"damage_healed":0,"gold_gain":0,"player_choice":"Ignored","damage_taken":0,"max_hp_gain":0,"max_hp_loss":0,"event_name":"Golden Wing","floor":2,"gold_loss":0},{"damage_healed":0,"gold_gain":0,"player_choice":"RENOUNCE","damage_taken":213,"max_hp_gain":0,"max_hp_loss":0,"event_name":"betterThird:BetterSerpent","floor":4,"gold_loss":213,"cards_obtained":["Enlightenment"]},{"damage_healed":0,"gold_gain":0,"player_choice":"Ignored","damage_taken":0,"max_hp_gain":0,"max_hp_loss":0,"event_name":"NoteForYourself","floor":12,"gold_loss":0}],"is_beta":false,"boss_relics":[],"items_purged_floors":[],"is_endless":false,"potions_floor_spawned":[1,6],"killed_by":"Fading Forest","ascension_level":0}}