{"host":"u1dfzl6o6mfmauc3","time":1611148840,"event":{"mods":["2.2 Compatiblity","AchievementEnabler","BaseMod","Block Reminder","Challenge The Spire","Dark Map","Hermit","Minty Spire (QoL Compilation)","Relic Stats","Robot Space Explorer","StSLib","The Disciple"],"gold_per_floor":[113,113,127,145,0,28,28,59,85,385,416,416,416,416,366,366,469,469,482,482,501,97,107,107,136,152,177,209,169,20,54,54,54,151,151,168,168,179,179,74,107,29,29,29,29,46,65,65,65,79,79,79,79],"floor_reached":54,"language":"ENG","playtime":2615,"items_purged":["Strike_B","Strike_B"],"score":1036,"play_id":"e9b3c62a-bd9c-4233-bf57-a43b8a9e5c7c","local_time":"20210120082040","is_ascension_mode":true,"campfire_choices":[{"data":"Machine Learning","floor":7,"key":"SMITH"},{"data":"Barrage","floor":12,"key":"SMITH"},{"data":"Hologram","floor":14,"key":"SMITH"},{"data":"Cold Snap","floor":16,"key":"SMITH"},{"data":"Lockon","floor":24,"key":"SMITH"},{"data":"Glacier","floor":33,"key":"SMITH"},{"data":"Rainbow","floor":43,"key":"SMITH"},{"data":"Loop","floor":48,"key":"SMITH"},{"data":"Barrage","floor":51,"key":"SMITH"},{"data":"Blind","floor":52,"key":"SMITH"}],"circlet_count":0,"master_deck":["Defend_B+1","Defend_B","Zap+1","Leap+1","Barrage+1","Rebound","Glacier+1","Machine Learning+1","Cold Snap+1","Hologram+1","Reboot+1","Hello World+1","Lockon+1","Self Repair+1","Glacier+1","Rainbow+1","Barrage+1","Loop+1","Blind+1"],"relics":["Potion Belt","Juzu Bracelet","Vajra","Old Coin","Regal Pillow","Velvet Choker","Nloth\u0027s Gift","War Paint","Emotion Chip","Blood Vial","Mercury Hourglass","Lee\u0027s Waffle","MealTicket","Cursed Key","Meat on the Bone","Bottled Flame"],"acts_visited":["Exordium","TheCity","TheBeyond"],"potions_floor_usage":[11,25,25,28,31,46,53,53,53],"damage_taken":[{"damage":8,"enemies":"2 Louse","floor":1,"turns":3},{"damage":1,"enemies":"Cultist","floor":3,"turns":5},{"damage":0,"enemies":"Small Slimes","floor":4,"turns":3},{"damage":7,"enemies":"3 Sentries","floor":6,"turns":11},{"damage":0,"enemies":"Lagavulin","floor":8,"turns":7},{"damage":5,"enemies":"3 Sentries","floor":11,"turns":7},{"damage":20,"enemies":"Slime Boss","floor":17,"turns":9},{"damage":6,"enemies":"Chosen","floor":19,"turns":5},{"damage":0,"enemies":"Spheric Guardian","floor":21,"turns":4},{"damage":13,"enemies":"Centurion and Healer","floor":23,"turns":6},{"damage":13,"enemies":"Gremlin Leader","floor":25,"turns":5},{"damage":8,"enemies":"Shelled Parasite and Fungi","floor":26,"turns":5},{"damage":20,"enemies":"Book of Stabbing","floor":28,"turns":5},{"damage":21,"enemies":"Slavers","floor":31,"turns":6},{"damage":44,"enemies":"Collector","floor":34,"turns":18},{"damage":15,"enemies":"3 Darklings","floor":36,"turns":5},{"damage":8,"enemies":"3 Shapes","floor":38,"turns":5},{"damage":4,"enemies":"Nemesis","floor":41,"turns":9},{"damage":6,"enemies":"3 Darklings","floor":46,"turns":6},{"damage":17,"enemies":"Sphere and 2 Shapes","floor":47,"turns":5},{"damage":0,"enemies":"4 Shapes","floor":50,"turns":5},{"damage":0,"enemies":"Awakened One","floor":53,"turns":14}],"seed_played":"4751481581554355425","potions_obtained":[{"floor":1,"key":"PowerPotion"},{"floor":4,"key":"Weak Potion"},{"floor":6,"key":"Swift Potion"},{"floor":8,"key":"Strength Potion"},{"floor":21,"key":"SmokeBomb"},{"floor":23,"key":"Fire Potion"},{"floor":28,"key":"SkillPotion"},{"floor":31,"key":"FearPotion"},{"floor":41,"key":"Explosive Potion"},{"floor":46,"key":"FocusPotion"}],"is_trial":false,"path_per_floor":["M","?","M","M","$","E","R","E","T","T","E","R","?","R","?","R","B",null,"M","?","M","$","M","R","E","M","T","E","?","$","E","?","R","B",null,"M","?","M","?","?","E","$","R","T","T","M","M","R","?","M","R","R","B",null],"character_chosen":"DEFECT","items_purchased":["Glacier","Lockon","War Paint","LiquidMemories","Lee\u0027s Waffle","DistilledChaos"],"campfire_rested":0,"item_purchase_floors":[5,22,22,22,30,42],"current_hp_per_floor":[67,67,66,66,66,59,59,59,59,59,54,54,54,54,54,54,34,65,59,59,59,59,46,46,33,35,35,27,27,82,71,71,71,29,69,66,66,70,70,70,78,78,78,78,78,78,71,71,71,78,78,78,78],"gold":79,"neow_bonus":"BOSS_RELIC","is_daily":false,"chose_seed":false,"campfire_upgraded":10,"win_rate":0.0,"timestamp":1611148840,"path_taken":["M","?","?","M","$","E","R","E","T","T","E","R","?","R","?","R","BOSS","M","?","M","$","M","R","E","M","T","E","?","?","E","?","R","BOSS","M","?","M","?","?","E","?","R","T","T","M","M","R","?","M","R","R","BOSS"],"items_purchased_type":["Card","Card","Relic","Potion","Relic","Potion"],"build_version":"2020-12-22","purchased_purges":2,"victory":true,"max_hp_per_floor":[75,75,75,75,75,75,75,75,75,75,75,75,75,75,75,75,75,75,75,75,75,75,75,75,75,75,75,75,75,82,82,82,82,82,82,82,82,82,78,78,78,78,78,78,78,78,78,78,78,78,78,78,78],"relic_stats":{"Regal Pillow":0,"Lee\u0027s Waffle":55,"counters":[22,148],"Juzu Bracelet":3,"War Paint":["Glacier","Leap"],"Cursed Key":0,"Mercury Hourglass":[385],"Blood Vial":12,"Emotion Chip":[35,8,26,1,0],"MealTicket":0,"Nloth\u0027s Gift":3,"obtain_stats":[{"Potion Belt":6,"Regal Pillow":11,"Lee\u0027s Waffle":30,"Vajra":9,"Velvet Choker":18,"Juzu Bracelet":8,"War Paint":22,"Empty Cage":0,"Cursed Key":35,"Old Coin":10,"Mercury Hourglass":28,"Blood Vial":27,"Emotion Chip":25,"Bottled Flame":41,"MealTicket":31,"Nloth\u0027s Gift":20,"Cracked Core":0,"Meat on the Bone":40},{"Potion Belt":4,"Regal Pillow":6,"Lee\u0027s Waffle":13,"Vajra":5,"Velvet Choker":7,"Juzu Bracelet":5,"War Paint":9,"Empty Cage":0,"Cursed Key":15,"Old Coin":5,"Mercury Hourglass":13,"Blood Vial":12,"Emotion Chip":11,"Bottled Flame":18,"MealTicket":14,"Nloth\u0027s Gift":8,"Cracked Core":0,"Meat on the Bone":17},{"Potion Belt":22,"Regal Pillow":36,"Lee\u0027s Waffle":75,"Vajra":29,"Velvet Choker":45,"Juzu Bracelet":29,"War Paint":54,"Empty Cage":0,"Cursed Key":99,"Old Coin":29,"Mercury Hourglass":75,"Blood Vial":70,"Emotion Chip":65,"Bottled Flame":118,"MealTicket":81,"Nloth\u0027s Gift":50,"Cracked Core":0,"Meat on the Bone":109}],"Meat on the Bone":0},"card_choices":[{"not_picked":["Aggregate","Gash"],"picked":"Leap","floor":1},{"not_picked":["Redo","Conserve Battery"],"picked":"Barrage","floor":3},{"not_picked":["Force Field","Conserve Battery"],"picked":"Rebound","floor":4},{"not_picked":["Rebound","Streamline"],"picked":"Machine Learning","floor":6},{"not_picked":["Go for the Eyes","Stack"],"picked":"Cold Snap","floor":8},{"not_picked":["Steam Power","Darkness"],"picked":"Hologram","floor":11},{"not_picked":["Thunder Strike","Amplify"],"picked":"Reboot","floor":17},{"not_picked":["Hologram","Darkness+1"],"picked":"Hello World+1","floor":19},{"not_picked":["Conserve Battery+1","Hologram","Gash+1"],"picked":"SKIP","floor":21},{"not_picked":["Streamline","Beam Cell+1","Stack"],"picked":"SKIP","floor":23},{"not_picked":["Sunder","Amplify"],"picked":"Self Repair+1","floor":25},{"not_picked":["BootSequence","Leap","Streamline"],"picked":"SKIP","floor":26},{"not_picked":["Cold Snap+1","Compile Driver"],"picked":"Glacier","floor":28},{"not_picked":["FTL+1","Stack","Turbo"],"picked":"SKIP","floor":31},{"not_picked":["Creative AI","Machine Learning"],"picked":"Rainbow","floor":34},{"not_picked":["Hologram+1","Cold Snap"],"picked":"Barrage","floor":36},{"not_picked":["Heatsinks+1","Gash","Rebound"],"picked":"SKIP","floor":38},{"not_picked":["Hologram+1","Fission"],"picked":"Loop","floor":41},{"not_picked":["Rainbow","Streamline","Beam Cell+1"],"picked":"SKIP","floor":46},{"not_picked":["Redo","Rebound","Stack"],"picked":"SKIP","floor":47},{"not_picked":["Transmutation","Panacea"],"picked":"Blind","floor":49},{"not_picked":["Darkness","Go for the Eyes+1","Redo"],"picked":"SKIP","floor":50}],"player_experience":130429,"relics_obtained":[{"floor":6,"key":"Potion Belt"},{"floor":8,"key":"Juzu Bracelet"},{"floor":9,"key":"Vajra"},{"floor":10,"key":"Old Coin"},{"floor":11,"key":"Regal Pillow"},{"floor":25,"key":"Emotion Chip"},{"floor":27,"key":"Blood Vial"},{"floor":28,"key":"Mercury Hourglass"},{"floor":31,"key":"MealTicket"},{"floor":41,"key":"Bottled Flame"}],"event_choices":[{"damage_healed":0,"gold_gain":0,"player_choice":"Forge","damage_taken":0,"max_hp_gain":0,"max_hp_loss":0,"event_name":"Accursed Blacksmith","floor":2,"gold_loss":0,"cards_upgraded":["Zap"]},{"cards_removed":["Strike_B"],"damage_healed":0,"gold_gain":0,"player_choice":"Offered Basic","damage_taken":0,"max_hp_gain":0,"max_hp_loss":0,"event_name":"Bonfire Elementals","floor":13,"gold_loss":0},{"cards_removed":["Defend_B"],"damage_healed":0,"gold_gain":0,"player_choice":"Card Removal","damage_taken":0,"max_hp_gain":0,"max_hp_loss":0,"event_name":"The Cleric","floor":15,"gold_loss":50},{"damage_healed":0,"gold_gain":0,"player_choice":"Traded Relic","damage_taken":0,"relics_obtained":["Nloth\u0027s Gift"],"max_hp_gain":0,"max_hp_loss":0,"event_name":"N\u0027loth","floor":20,"relics_lost":["Empty Cage"],"gold_loss":0},{"damage_healed":0,"gold_gain":0,"player_choice":"Upgraded Two","damage_taken":0,"max_hp_gain":0,"max_hp_loss":0,"event_name":"Designer","floor":29,"gold_loss":40,"cards_upgraded":["Defend_B","Reboot"]},{"damage_healed":0,"gold_gain":0,"player_choice":"Ignored","damage_taken":0,"max_hp_gain":0,"max_hp_loss":0,"event_name":"The Mausoleum","floor":32,"gold_loss":0},{"cards_removed":["Dualcast"],"damage_healed":0,"gold_gain":0,"player_choice":"Removed Skill","damage_taken":0,"max_hp_gain":0,"max_hp_loss":0,"event_name":"Falling","floor":37,"gold_loss":0},{"damage_healed":0,"gold_gain":0,"player_choice":"Max HP","damage_taken":0,"max_hp_gain":0,"max_hp_loss":4,"event_name":"Winding Halls","floor":39,"gold_loss":0},{"damage_healed":0,"gold_gain":0,"player_choice":"Paid Gold","damage_taken":0,"relics_obtained":["Meat on the Bone"],"max_hp_gain":0,"max_hp_loss":0,"event_name":"WeMeetAgain","floor":40,"gold_loss":105},{"damage_healed":0,"gold_gain":0,"player_choice":"Memory 1","damage_taken":0,"max_hp_gain":0,"max_hp_loss":0,"event_name":"SensoryStone","floor":49,"gold_loss":0}],"is_beta":false,"boss_relics":[{"not_picked":["Runic Dome","Coffee Dripper"],"picked":"Velvet Choker"},{"not_picked":["Calling Bell","Sozu"],"picked":"Cursed Key"}],"items_purged_floors":[5,22],"is_endless":false,"potions_floor_spawned":[1,4,6,8,21,23,28,31,41,46,50],"ascension_level":5}}