{"host":"b5ofb9azpmwqws3x","time":1611127362,"event":{"mods":["BaseMod","Minty Spire (QoL Compilation)"],"gold_per_floor":[112,126,141,141,141,173,186,223,223,264,276,43,77,77,86,185,185,211,211,240,279,296,321,330,364,364,364,379,404,404,423,423,524,524,543,543,133,133,179,208,82,82,151,181,199,224,236,249,249,249],"floor_reached":51,"language":"ENG","playtime":2360,"items_purged":[],"score":1126,"play_id":"214fb3c5-6c12-47f4-a434-dbbb6f8937b5","local_time":"20210120102242","is_ascension_mode":true,"campfire_choices":[{"data":"Dagger Spray","floor":11.0,"key":"SMITH"},{"floor":15.0,"key":"REST"},{"floor":24,"key":"REST"},{"data":"Cloak And Dagger","floor":30,"key":"SMITH"},{"floor":32,"key":"REST"},{"floor":42,"key":"REST"},{"floor":49,"key":"REST"}],"circlet_count":0,"master_deck":["Strike_G+1","Strike_G+1","Strike_G+1","Strike_G+1","Strike_G+1","Defend_G+1","Defend_G+1","Defend_G+1","Defend_G+1","Survivor","Neutralize","Quick Slash","Dagger Spray+1","PiercingWail","PiercingWail","PiercingWail","Burst","Acrobatics","Sucker Punch+1","Backstab","Backstab","Cloak And Dagger+1","Tools of the Trade+1","Slice+1","Riddle With Holes"],"relics":["Busted Crown","Matryoshka","Vajra","HornCleat","Calipers","Akabeko","MawBank","Sundial","Pantograph","Dream Catcher","WristBlade","Red Mask","Frozen Egg 2","Tough Bandages","White Beast Statue","Nloth\u0027s Gift","Bottled Lightning","SacredBark","Lee\u0027s Waffle","Ornamental Fan","Mercury Hourglass","Ice Cream","The Courier","Bronze Scales","Question Card","Gambling Chip","PreservedInsect"],"acts_visited":["Exordium","TheCity","TheBeyond"],"potions_floor_usage":[23,29,33,33,39,48,50,50,50],"damage_taken":[{"damage":0.0,"enemies":"Cultist","floor":1.0,"turns":4.0},{"damage":0.0,"enemies":"Jaw Worm","floor":2.0,"turns":3.0},{"damage":0.0,"enemies":"Small Slimes","floor":3.0,"turns":3.0},{"damage":14.0,"enemies":"Lagavulin","floor":6.0,"turns":6.0},{"damage":0.0,"enemies":"Exordium Thugs","floor":7.0,"turns":4.0},{"damage":5.0,"enemies":"3 Sentries","floor":8.0,"turns":7.0},{"damage":5.0,"enemies":"Lagavulin","floor":10.0,"turns":6.0},{"damage":24.0,"enemies":"Gremlin Nob","floor":13.0,"turns":4.0},{"damage":60.0,"enemies":"Hexaghost","floor":16.0,"turns":16.0},{"damage":2.0,"enemies":"2 Thieves","floor":18.0,"turns":3.0},{"damage":0.0,"enemies":"Shell Parasite","floor":20.0,"turns":5.0},{"damage":0.0,"enemies":"Masked Bandits","floor":21.0,"turns":5.0},{"damage":0.0,"enemies":"Sentry and Sphere","floor":22.0,"turns":1.0},{"damage":0,"enemies":"Slavers","floor":23,"turns":5},{"damage":19,"enemies":"Gremlin Leader","floor":25,"turns":8},{"damage":0,"enemies":"Snake Plant","floor":28,"turns":4},{"damage":0,"enemies":"Slavers","floor":29,"turns":3},{"damage":2,"enemies":"Chosen and Byrds","floor":31,"turns":4},{"damage":14,"enemies":"Champ","floor":33,"turns":9},{"damage":6,"enemies":"Orb Walker","floor":35,"turns":3},{"damage":7,"enemies":"2 Orb Walkers","floor":39,"turns":6},{"damage":22,"enemies":"Reptomancer","floor":40,"turns":7},{"damage":1,"enemies":"Nemesis","floor":44,"turns":5},{"damage":0,"enemies":"3 Shapes","floor":45,"turns":2},{"damage":15,"enemies":"Reptomancer","floor":46,"turns":6},{"damage":0,"enemies":"Jaw Worm Horde","floor":47,"turns":4},{"damage":6,"enemies":"Transient","floor":48,"turns":5},{"damage":44,"enemies":"Time Eater","floor":50,"turns":9}],"seed_played":"-6836538032000449230","potions_obtained":[{"floor":2.0,"key":"DistilledChaos"},{"floor":3.0,"key":"LiquidMemories"},{"floor":10.0,"key":"SpeedPotion"},{"floor":16.0,"key":"PowerPotion"},{"floor":21.0,"key":"SteroidPotion"},{"floor":22.0,"key":"Explosive Potion"},{"floor":28,"key":"Block Potion"},{"floor":29,"key":"CultistPotion"},{"floor":33,"key":"Energy Potion"},{"floor":35,"key":"GamblersBrew"},{"floor":39,"key":"SpeedPotion"},{"floor":40,"key":"DuplicationPotion"},{"floor":44,"key":"Poison Potion"},{"floor":46,"key":"DistilledChaos"},{"floor":48,"key":"Strength Potion"}],"is_trial":false,"path_per_floor":["M","M","M","T","T","E","M","E","T","E","R","$","E","?","R","B",null,"M","?","M","?","M","E","R","E","T","?","M","E","R","M","R","B",null,"M","?","$","T","?","E","$","R","T","E","M","E","M","M","R","B",null],"character_chosen":"THE_SILENT","items_purchased":["Pantograph","Lee\u0027s Waffle","Ornamental Fan","Bronze Scales"],"campfire_rested":5,"item_purchase_floors":[12,37,37,41],"current_hp_per_floor":[70,70,70,70,70,56,56,51,51,46,46,46,22,22,43,8,55,53,53,53,53,53,53,70,51,51,51,51,51,51,49,70,56,67,61,61,77,77,70,48,48,71,71,70,70,55,55,49,72,33],"gold":249,"neow_bonus":"BOSS_RELIC","is_daily":false,"chose_seed":false,"campfire_upgraded":2,"win_rate":0.0,"timestamp":1611127362,"path_taken":["M","M","M","?","?","E","M","E","T","E","R","$","E","?","R","BOSS","M","?","M","?","M","E","R","E","T","?","?","E","R","M","R","BOSS","M","?","?","?","?","E","$","R","T","E","M","E","?","M","R","BOSS"],"items_purchased_type":["Relic","Relic","Relic","Relic"],"build_version":"2020-12-22","purchased_purges":0,"victory":true,"max_hp_per_floor":[70,70,70,70,70,70,70,70,70,70,70,70,70,70,70,70,70,70,70,70,70,70,70,70,70,70,70,70,70,70,70,70,70,70,70,70,77,77,77,77,77,77,77,77,77,77,77,77,77,77],"card_choices":[{"not_picked":[],"picked":"Quick Slash","floor":1.0},{"not_picked":[],"picked":"Dagger Spray","floor":2.0},{"not_picked":[],"picked":"PiercingWail","floor":3.0},{"not_picked":["Deflect"],"picked":"SKIP","floor":6.0},{"not_picked":[],"picked":"PiercingWail","floor":7.0},{"not_picked":[],"picked":"PiercingWail","floor":8.0},{"not_picked":["Flying Knee"],"picked":"SKIP","floor":10.0},{"not_picked":[],"picked":"Burst","floor":13.0},{"not_picked":[],"picked":"Acrobatics","floor":15.0},{"not_picked":[],"picked":"Sucker Punch+1","floor":18.0},{"not_picked":[],"picked":"Backstab","floor":20.0},{"not_picked":[],"picked":"Backstab","floor":21.0},{"not_picked":["Tactician"],"picked":"SKIP","floor":22.0},{"not_picked":["Backflip+1"],"picked":"SKIP","floor":23},{"not_picked":[],"picked":"Cloak And Dagger","floor":24},{"not_picked":["Underhanded Strike+1"],"picked":"SKIP","floor":25},{"not_picked":["Skewer"],"picked":"SKIP","floor":28},{"not_picked":["Cloak And Dagger"],"picked":"SKIP","floor":29},{"not_picked":["Dodge and Roll"],"picked":"SKIP","floor":31},{"not_picked":[],"picked":"Tools of the Trade+1","floor":33},{"not_picked":["Acrobatics+1"],"picked":"SKIP","floor":35},{"not_picked":[],"picked":"Slice+1","floor":39},{"not_picked":["PiercingWail"],"picked":"SKIP","floor":40},{"not_picked":["Doppelganger","Storm of Steel"],"picked":"SKIP","floor":44},{"not_picked":["Poisoned Stab+1","Dash+1"],"picked":"SKIP","floor":45},{"not_picked":["Acrobatics","Bane"],"picked":"SKIP","floor":46},{"not_picked":["Dodge and Roll","Blade Dance"],"picked":"SKIP","floor":47},{"not_picked":["Sucker Punch+1"],"picked":"Riddle With Holes","floor":48}],"player_experience":256111,"relics_obtained":[{"floor":4.0,"key":"Matryoshka"},{"floor":5.0,"key":"Vajra"},{"floor":5.0,"key":"HornCleat"},{"floor":6.0,"key":"Calipers"},{"floor":8.0,"key":"CeramicFish"},{"floor":9.0,"key":"Akabeko"},{"floor":9.0,"key":"MawBank"},{"floor":10.0,"key":"Sundial"},{"floor":13.0,"key":"Dream Catcher"},{"floor":21.0,"key":"Red Mask"},{"floor":23,"key":"Frozen Egg 2"},{"floor":25,"key":"Tough Bandages"},{"floor":26,"key":"White Beast Statue"},{"floor":29,"key":"Bottled Lightning"},{"floor":38,"key":"Mercury Hourglass"},{"floor":39,"key":"Ice Cream"},{"floor":40,"key":"The Courier"},{"floor":43,"key":"Question Card"},{"floor":44,"key":"Gambling Chip"},{"floor":46,"key":"PreservedInsect"}],"event_choices":[{"cards_removed":["Defend_G"],"damage_healed":0.0,"max_hp_gain":0.0,"max_hp_loss":0.0,"gold_gain":0.0,"event_name":"Purifier","player_choice":"Purged","floor":14.0,"gold_loss":0.0,"damage_taken":0.0},{"damage_healed":0.0,"max_hp_gain":0.0,"max_hp_loss":0.0,"gold_gain":0.0,"event_name":"Back to Basics","player_choice":"Simplicity","floor":19.0,"gold_loss":0.0,"damage_taken":0.0,"cards_upgraded":["Strike_G","Strike_G","Strike_G","Strike_G","Strike_G","Defend_G","Defend_G","Defend_G","Defend_G"]},{"damage_healed":0.0,"max_hp_gain":0.0,"max_hp_loss":0.0,"gold_gain":0.0,"event_name":"Masked Bandits","player_choice":"Fought Bandits","floor":21.0,"gold_loss":0.0,"damage_taken":0.0},{"damage_healed":0,"gold_gain":0,"player_choice":"Traded Relic","damage_taken":0,"relics_obtained":["Nloth\u0027s Gift"],"max_hp_gain":0,"max_hp_loss":0,"event_name":"N\u0027loth","floor":27,"relics_lost":["CeramicFish"],"gold_loss":0},{"damage_healed":0,"gold_gain":0,"player_choice":"0 cards matched","damage_taken":0,"max_hp_gain":0,"max_hp_loss":0,"event_name":"Match and Keep!","floor":36,"gold_loss":0,"cards_obtained":[]},{"damage_healed":0,"gold_gain":0,"player_choice":"Fight","damage_taken":0,"max_hp_gain":0,"max_hp_loss":0,"event_name":"Mysterious Sphere","floor":39,"gold_loss":0}],"is_beta":false,"boss_relics":[{"not_picked":["Velvet Choker","Pandora\u0027s Box"],"picked":"WristBlade"},{"not_picked":["Black Star","Empty Cage"],"picked":"SacredBark"}],"items_purged_floors":[],"is_endless":false,"potions_floor_spawned":[2,3,10,16,21,22,28,29,31,33,35,39,40,44,45,46,47,48],"ascension_level":5}}