{"host":"8c7ixdz8x9d2d2wv","time":1611156376,"event":{"mods":["AYAYA","BaseMod","Better Altar","Better Sensory Stone","Better-Laid Plans","BetterRewards","Colored Map","Colored Powertips","Curses Come First","Dark Map","Defuse TimeMaze Blight","Emptier Cage","Highlight Path","Minty Spire (QoL Compilation)","Quick Restart","Rare Cards Sparkle","Relic Sorter","Shop Mod","StSLib","Transform Curses","Uncapped"],"gold_per_floor":[111,111,211,226,1,37,37,58,58,82,100,18,18,33,33,156,156,181,205,221,70,93,93,93,93],"floor_reached":24,"language":"ENG","playtime":1162,"items_purged":["Strike_G"],"score":225,"play_id":"3173f66f-2c5d-483f-ae3e-b3775a07785b","local_time":"20210120162616","is_ascension_mode":false,"campfire_choices":[{"data":"After Image","floor":7,"key":"SMITH"},{"data":"Catalyst","floor":15,"key":"SMITH"},{"data":"Catalyst","floor":23,"key":"SMITH"}],"circlet_count":0,"master_deck":["Strike_G","Strike_G","Strike_G","Strike_G","Defend_G","Defend_G","Defend_G","Defend_G","Defend_G","Survivor","Neutralize","Noxious Fumes","After Image+1","Catalyst+1","Catalyst+1","Sadistic Nature","Dodge and Roll+1"],"relics":["Ring of the Snake","NeowsBlessing","Golden Idol","MerchantsRug","Kunai","WristBlade","Tiny Chest"],"acts_visited":["Exordium","TheCity"],"potions_floor_usage":[10,16,16,16,22,24,24],"damage_taken":[{"damage":0,"enemies":"2 Louse","floor":1,"turns":1},{"damage":0,"enemies":"Cultist","floor":4,"turns":1},{"damage":0,"enemies":"3 Sentries","floor":6,"turns":1},{"damage":0,"enemies":"Small Slimes","floor":8,"turns":6},{"damage":11,"enemies":"Gremlin Gang","floor":10,"turns":7},{"damage":4,"enemies":"Lots of Slimes","floor":11,"turns":7},{"damage":0,"enemies":"3 Louse","floor":14,"turns":3},{"damage":17,"enemies":"The Guardian","floor":16,"turns":10},{"damage":5,"enemies":"Chosen","floor":18,"turns":6},{"damage":3,"enemies":"Shell Parasite","floor":19,"turns":7},{"damage":12,"enemies":"Snake Plant","floor":20,"turns":6},{"damage":10,"enemies":"Centurion and Healer","floor":22,"turns":6},{"damage":40,"enemies":"Book of Stabbing","floor":24,"turns":5}],"seed_played":"-1391231710983198330","potions_obtained":[{"floor":8,"key":"Fire Potion"},{"floor":10,"key":"PowerPotion"},{"floor":11,"key":"DistilledChaos"},{"floor":14,"key":"LiquidBronze"},{"floor":16,"key":"GhostInAJar"},{"floor":18,"key":"Ancient Potion"},{"floor":22,"key":"DistilledChaos"}],"is_trial":false,"path_per_floor":["M","?","?","M","$","E","R","M","T","M","M","$","?","M","R","B",null,"M","M","M","$","M","R","E"],"character_chosen":"THE_SILENT","items_purchased":["MerchantsRug","Sadistic Nature","Tiny Chest"],"campfire_rested":0,"item_purchase_floors":[5,12,21],"current_hp_per_floor":[70,53,53,53,53,53,53,53,53,42,38,38,38,38,38,21,70,65,62,50,50,40,40,0,0],"gold":93,"neow_bonus":"THREE_ENEMY_KILL","is_daily":false,"chose_seed":false,"campfire_upgraded":3,"win_rate":0.0,"timestamp":1611156376,"path_taken":["M","?","?","M","$","E","R","M","T","M","?","$","?","M","R","BOSS","M","?","?","$","M","R","E"],"items_purchased_type":["Relic","Card","Relic"],"build_version":"2020-12-22","purchased_purges":1,"victory":false,"max_hp_per_floor":[70,70,70,70,70,70,70,70,70,70,70,70,70,70,70,70,70,70,70,70,70,70,70,70,70],"card_choices":[{"not_picked":["Underhanded Strike","Eviscerate"],"picked":"Noxious Fumes","floor":1},{"not_picked":["Setup","Endless Agony"],"picked":"Backflip","floor":4},{"not_picked":["Flying Knee","Underhanded Strike"],"picked":"After Image","floor":6},{"not_picked":["Acrobatics","Deflect"],"picked":"Catalyst","floor":8},{"not_picked":["Sucker Punch","Blade Dance"],"picked":"Catalyst","floor":10},{"not_picked":["Sucker Punch","Skewer","Bane"],"picked":"SKIP","floor":11},{"not_picked":["Heel Hook","Underhanded Strike","Unload"],"picked":"SKIP","floor":14},{"not_picked":["Dagger Spray+1","Backstab+1"],"picked":"Dodge and Roll+1","floor":18},{"not_picked":["Acrobatics","Underhanded Strike","Prepared+1"],"picked":"SKIP","floor":19},{"not_picked":["Sucker Punch","Outmaneuver","Backflip"],"picked":"SKIP","floor":20},{"not_picked":["Slice","Catalyst","Flechettes+1"],"picked":"SKIP","floor":22}],"player_experience":655401,"relics_obtained":[{"floor":6,"key":"Bottled Tornado"},{"floor":9,"key":"Oddly Smooth Stone"}],"event_choices":[{"damage_healed":0,"gold_gain":0,"player_choice":"Take Damage","damage_taken":17,"relics_obtained":["Golden Idol"],"max_hp_gain":0,"max_hp_loss":0,"event_name":"Golden Idol","floor":2,"gold_loss":0},{"damage_healed":0,"gold_gain":100,"player_choice":"Gold","damage_taken":0,"max_hp_gain":0,"max_hp_loss":0,"event_name":"Wheel of Change","floor":3,"gold_loss":0},{"cards_removed":["Backflip"],"damage_healed":0,"gold_gain":0,"player_choice":"Gave Card","damage_taken":0,"relics_obtained":["Kunai"],"max_hp_gain":0,"max_hp_loss":0,"event_name":"WeMeetAgain","floor":13,"gold_loss":0}],"is_beta":false,"boss_relics":[{"not_picked":["Astrolabe","Coffee Dripper"],"picked":"WristBlade"}],"items_purged_floors":[5],"is_endless":false,"potions_floor_spawned":[8,10,11,14,16,18,22],"killed_by":"Book of Stabbing","ascension_level":0}}