{"host":"hbmugw1tcdgjy91l","time":1611108115,"event":{"mods":["Act Like it!","Arknights The Spire","BaseMod","Chen","Downfall","Gensokyo","Gremlin Mod","GungeonMod","Lobotomy","LobotomyExtend","Mari Mod (Legacy)","Mari\u0027s V1 Patch","Minty Spire (QoL Compilation)","Pale of the Ancients","Prisma Mod","StSLib","Td1madao Mod","TestMod","The Animator","The Bug Knight","The Mystic","WarShipGirlsR/战舰少女R mod"],"gold_per_floor":[119,119,119,4,14,14,39,39,39,439,459,487,505,532,532,632,632,643,13,112,112,125,125,165,165,165,165,176,214,227,241,253,253,253,357,357,369,33,33,33,308,343,362,394,394,394,394,406,65,97,97,97,97,97,46,78,88],"floor_reached":58,"language":"ZHS","playtime":3743,"items_purged":["DemoMod:Strike_Huntress","Regret"],"score":1333,"play_id":"fa3ecd34-101d-4741-8218-21f93c4af136","local_time":"20210120100155","is_ascension_mode":true,"campfire_choices":[{"data":"DemoMod:ManualReload","floor":6,"key":"SMITH"},{"floor":8,"key":"REST"},{"floor":15,"key":"REST"},{"data":"Mayhem","floor":23,"key":"SMITH"},{"data":"DemoMod:Elimentaler","floor":25,"key":"SMITH"},{"floor":27,"key":"RECALL"},{"floor":33,"key":"REST"},{"data":"testmod-SelfRegulatingSystem","floor":47,"key":"SMITH"},{"data":"DemoMod:FullFirepower","floor":51,"key":"SMITH"},{"data":"DemoMod:ShadowBullets","floor":54,"key":"SMITH"}],"circlet_count":0,"master_deck":["DemoMod:Defend_Huntress","DemoMod:Defend_Huntress","DemoMod:Defend_Huntress","DemoMod:Defend_Huntress","DemoMod:Roll","DemoMod:ManualReload+1","DemoMod:RustySidearm","DemoMod:CrossBow","DemoMod:TeaPot+1","DemoMod:JK47","DemoMod:ShadowBullets+1","DemoMod:DoubleVision","DemoMod:SpreadAmmo","DemoMod:BalloonGun","DemoMod:TripleGun","Mayhem+1","DemoMod:HungryBullets","DemoMod:Elimentaler+1","DemoMod:SkilledReload+1","DemoMod:Evolver+","DemoMod:TableSutra","DemoMod:ProbeStrike","DemoMod:HardPowerCard","DemoMod:ChanceBullets+1","DemoMod:FullFirepower+1","DemoMod:AC15","DemoMod:SpreadAmmo","testmod-SelfRegulatingSystem+1","DemoMod:SniperShot+1","DemoMod:FortunesFavor+1"],"relics":["DemoMod:Dog","testmod-Alchemist","testmod-Nyarlathotep","LetterFromLob","Mercury Hourglass","DemoMod:RedGuonStone","Regal Pillow","testmod-RealStoneCalender","testmod-NegativeEmotionEnhancer","DemoMod:WhiteGuonStone","OrangePellets","DemoMod:RatBoots","DemoMod:ResourcefulSack","DemoMod:PartiallyEatenCheese","Philosopher\u0027s Stone","testmod-SaigiyounoYou","Lantern","DemoMod:Limited","DemoMod:GlassGuonStoneRelic","HollowMod:PaleOreRelic","InkBottle","DemoMod:BlueGuonStone","Happy Flower","Oddly Smooth Stone"],"acts_visited":["Exordium","TheCity","DemoMod:Maze","TheBeyond","TheEnding"],"potions_floor_usage":[5,16,18,22,35,44,44,50,52,57,57,57,57,57],"damage_taken":[{"damage":6,"enemies":"Jaw Worm","floor":1,"turns":5},{"damage":0,"enemies":"Small Slimes","floor":5,"turns":3},{"damage":45,"enemies":"Gremlin Nob","floor":7,"turns":5},{"damage":0,"enemies":"2 Louse","floor":11,"turns":2},{"damage":0,"enemies":"3 Sentries","floor":12,"turns":4},{"damage":4,"enemies":"Blue Slaver","floor":13,"turns":3},{"damage":11,"enemies":"Lagavulin","floor":14,"turns":6},{"damage":2,"enemies":"Hexaghost","floor":16,"turns":5},{"damage":4,"enemies":"2 Thieves","floor":18,"turns":4},{"damage":0,"enemies":"Shell Parasite","floor":22,"turns":4},{"damage":2,"enemies":"Book of Stabbing","floor":24,"turns":5},{"damage":15,"enemies":"DemoMod:Red_and_blue_shotgun_kin","floor":28,"turns":3},{"damage":10,"enemies":"DemoMod:Veteran_shot_gun_kin_and_bullet_kin","floor":29,"turns":2},{"damage":10,"enemies":"DemoMod:Veteran_shot_gun_kin_and_blue_shotgun_kin","floor":30,"turns":3},{"damage":25,"enemies":"DemoMod:Veteran_shot_gun_kin_and_blue_shotgun_kin_with_gunsinger","floor":31,"turns":3},{"damage":4,"enemies":"DemoMod:Red_and_blue_shotgun_kin_with_gunsinger","floor":32,"turns":4},{"damage":0,"enemies":"DemoMod:ResourcefulRat","floor":35,"turns":10},{"damage":6,"enemies":"3 Shapes","floor":37,"turns":5},{"damage":10,"enemies":"Nemesis","floor":42,"turns":5},{"damage":0,"enemies":"Orb Walker","floor":43,"turns":3},{"damage":1,"enemies":"Reptomancer","floor":44,"turns":4},{"damage":0,"enemies":"Jaw Worm Horde","floor":48,"turns":3},{"damage":0,"enemies":"Giant Head","floor":50,"turns":5},{"damage":0,"enemies":"Donu and Deca","floor":52,"turns":6},{"damage":0,"enemies":"Shield and Spear","floor":56,"turns":4},{"damage":2,"enemies":"The Heart","floor":57,"turns":7}],"seed_played":"-5753267257349870272","potions_obtained":[{"floor":1,"key":"testmod-SpacePotion"},{"floor":11,"key":"PowerPotion"},{"floor":13,"key":"EssenceOfSteel"},{"floor":14,"key":"Fire Potion"},{"floor":18,"key":"Energy Potion"},{"floor":24,"key":"BlessingOfTheForge"},{"floor":35,"key":"Dexterity Potion"},{"floor":37,"key":"Weak Potion"},{"floor":42,"key":"Energy Potion"},{"floor":44,"key":"ColorlessPotion"},{"floor":46,"key":"Ancient Potion"},{"floor":46,"key":"DemoMod:LeadSkinPotion"},{"floor":50,"key":"Fire Potion"}],"is_trial":false,"path_per_floor":["M","?","?","$","M","R","E","R","T","?","M","E","M","E","R","B",null,"M","$","?","?","M","R","E","R","T","R","M","M","M","M","M","R","B","B",null,"M","$","?","?","?","E","M","E","T","?","R","M","$","E","R","B",null,"R","$","E","B",null],"character_chosen":"HUNTRESS","items_purchased":["DemoMod:GnawedKey","Mayhem","DemoMod:HungryBullets","DemoMod:WhiteGuonStone","OrangePellets","testmod-SelfRegulatingSystem","Lantern","DemoMod:BlueGuonStone","PowerPotion"],"campfire_rested":3,"item_purchase_floors":[4,19,19,19,19,38,38,49,55],"current_hp_per_floor":[57,64,57,57,57,57,12,31,31,31,31,31,27,16,50,48,64,63,63,63,63,65,65,65,65,67,67,54,47,40,19,19,55,21,46,74,74,74,74,74,74,71,77,78,78,78,78,79,79,80,80,81,81,81,81,82,83],"gold":88,"neow_bonus":"ONE_RARE_RELIC","is_daily":false,"chose_seed":false,"campfire_upgraded":6,"win_rate":0.0,"timestamp":1611108115,"path_taken":["M","?","?","$","M","R","E","R","T","?","M","E","?","E","R","BOSS","M","$","?","?","?","R","E","R","T","R","M","M","M","M","M","R","BOSS","BOSS","M","$","?","?","?","E","?","E","T","?","R","?","$","E","R","BOSS","R","$","E","BOSS"],"items_purchased_type":["Relic","Card","Card","Relic","Relic","Card","Card","Relic","Potion"],"build_version":"2020-12-22","purchased_purges":2,"victory":true,"max_hp_per_floor":[63,64,64,64,64,64,64,64,64,64,64,64,64,64,64,64,64,65,65,65,65,66,66,67,67,67,67,68,69,70,71,72,72,73,74,74,75,75,75,75,75,76,77,78,78,78,78,79,79,80,80,81,81,81,81,82,83],"card_choices":[{"not_picked":["DemoMod:SpreadAmmo","DemoMod:FastSwitch"],"picked":"DemoMod:TeaPot","floor":1},{"not_picked":["DemoMod:HighKaliber","DemoMod:Unity"],"picked":"DemoMod:JK47","floor":5},{"not_picked":["DemoMod:MachoBrace","DemoMod:HardPowerCard","DemoMod:Ejector"],"picked":"SKIP","floor":7},{"not_picked":["DemoMod:Replace","DemoMod:Ejector"],"picked":"DemoMod:ShadowBullets","floor":11},{"not_picked":["DemoMod:Rummage","DemoMod:AbyssalTentacle"],"picked":"DemoMod:DoubleVision","floor":12},{"not_picked":["DemoMod:GunstockTap","DemoMod:TeaPot","DemoMod:AbyssalTentacle"],"picked":"SKIP","floor":13},{"not_picked":["DemoMod:SuppressiveFire","DemoMod:JK47"],"picked":"DemoMod:SpreadAmmo","floor":14},{"not_picked":["DemoMod:DoubleVision","DemoMod:SuppressiveFire"],"picked":"DemoMod:BalloonGun","floor":16},{"not_picked":["DemoMod:PotionOfGunFriendShip","DemoMod:HardPowerCard"],"picked":"DemoMod:TripleGun","floor":18},{"not_picked":["DemoMod:FeignSurrender","DemoMod:AC15"],"picked":"DemoMod:SkilledReload+1","floor":22},{"not_picked":["DemoMod:RadGun","DemoMod:PracticeMakesPerfect+1"],"picked":"DemoMod:Evolver","floor":24},{"not_picked":["DemoMod:StickyCrossBow+1","DemoMod:Casey+1","DemoMod:DirectionalPad+1"],"picked":"SKIP","floor":28},{"not_picked":["DemoMod:Purify+1","DemoMod:TeaPot"],"picked":"DemoMod:TableSutra","floor":29},{"not_picked":["DemoMod:StickyCrossBow+1","DemoMod:DoubleSwitch"],"picked":"DemoMod:ProbeStrike","floor":30},{"not_picked":["DemoMod:Replace","DemoMod:FeignSurrender"],"picked":"DemoMod:HardPowerCard","floor":31},{"not_picked":["DemoMod:BattleInHaste","DemoMod:DirectionalPad"],"picked":"DemoMod:ChanceBullets+1","floor":32},{"not_picked":["DemoMod:ThirdPartyController","DemoMod:SuppressiveFire"],"picked":"DemoMod:FullFirepower","floor":35},{"not_picked":["DemoMod:HuntsMan+1","DemoMod:FortunesFavor"],"picked":"DemoMod:AC15","floor":36},{"not_picked":["DemoMod:TeaPot","DemoMod:MegaHand+1"],"picked":"DemoMod:SpreadAmmo","floor":37},{"not_picked":["DemoMod:SkilledReload+1","DemoMod:GunShield","DemoMod:FeignSurrender+1"],"picked":"SKIP","floor":42},{"not_picked":["DemoMod:ZorGun","DemoMod:BattleInHaste+1","DemoMod:Eureka"],"picked":"SKIP","floor":43},{"not_picked":["DemoMod:ChanceBullets","DemoMod:DoubleSwitch"],"picked":"DemoMod:SniperShot+1","floor":44},{"not_picked":["DemoMod:Casey+1","DemoMod:HardPowerCard","DemoMod:CombinedRifle+1"],"picked":"SKIP","floor":48},{"not_picked":["DemoMod:HighKaliber","DemoMod:BlackHoleGun","DemoMod:Rummage"],"picked":"SKIP","floor":50},{"not_picked":["DemoMod:BoxingGlove+1","DemoMod:GunstockTap+1"],"picked":"DemoMod:FortunesFavor+1","floor":56}],"player_experience":483024,"relics_obtained":[{"floor":1,"key":"LetterFromLob"},{"floor":7,"key":"Mercury Hourglass"},{"floor":9,"key":"DemoMod:RedGuonStone"},{"floor":12,"key":"Regal Pillow"},{"floor":14,"key":"testmod-RealStoneCalender"},{"floor":36,"key":"DemoMod:RatBoots"},{"floor":36,"key":"DemoMod:ResourcefulSack"},{"floor":36,"key":"DemoMod:PartiallyEatenCheese"},{"floor":36,"key":"Philosopher\u0027s Stone"},{"floor":36,"key":"testmod-SaigiyounoYou"},{"floor":42,"key":"HollowMod:PaleOreRelic"},{"floor":44,"key":"InkBottle"},{"floor":50,"key":"Happy Flower"},{"floor":56,"key":"Oddly Smooth Stone"}],"event_choices":[{"cards_removed":["DemoMod:Strike_Huntress"],"damage_healed":0,"gold_gain":0,"player_choice":"Card Removal","damage_taken":7,"max_hp_gain":0,"max_hp_loss":0,"event_name":"Golden Wing","floor":3,"gold_loss":0},{"damage_healed":0,"gold_gain":400,"player_choice":"Sell","damage_taken":0,"max_hp_gain":0,"max_hp_loss":0,"event_name":"恩洛斯的盘子","floor":10,"relics_lost":["testmod-TestBox"],"gold_loss":0},{"damage_healed":0,"gold_gain":99,"player_choice":"Stole From Cult","damage_taken":0,"max_hp_gain":0,"max_hp_loss":0,"event_name":"Nest","floor":20,"gold_loss":0},{"damage_healed":0,"gold_gain":0,"player_choice":"1 cards matched","damage_taken":0,"max_hp_gain":0,"max_hp_loss":0,"event_name":"Match and Keep!","floor":21,"gold_loss":0,"cards_obtained":["DemoMod:Elimentaler"]},{"damage_healed":0,"gold_gain":0,"player_choice":"Ignored","damage_taken":0,"max_hp_gain":0,"max_hp_loss":0,"event_name":"Falling","floor":40,"gold_loss":0},{"damage_healed":0,"gold_gain":275,"player_choice":"Desecrate","damage_taken":0,"max_hp_gain":0,"max_hp_loss":0,"event_name":"Golden Shrine","floor":41,"gold_loss":0,"cards_obtained":["Regret"]},{"damage_healed":0,"gold_gain":0,"player_choice":"Got Potions","damage_taken":0,"max_hp_gain":0,"max_hp_loss":0,"event_name":"Lab","floor":46,"gold_loss":0}],"is_beta":false,"boss_relics":[{"not_picked":["Empty Cage","Tiny House"],"picked":"testmod-NegativeEmotionEnhancer"},{"not_picked":[]}],"items_purged_floors":[19,49],"is_endless":false,"potions_floor_spawned":[1,11,13,14,18,24,35,37,42,44,50],"ascension_level":1}}