{"host":"qekv59dthhdg54sz","time":1611136834,"event":{"mods":["AchievementEnabler","BaseMod","Colored Map","DeckTracker","KOR Keyword Fix","Minty Spire (QoL Compilation)","Rare Cards Sparkle","StSLib","SuperFastMode"],"gold_per_floor":[112,127,138,154,79,79,79,97,97,97,121,121,135,184,184,184,184],"floor_reached":16,"language":"KOR","playtime":287,"items_purged":["Strike_P"],"score":184,"play_id":"1e6cbf20-2a62-4ddd-bea6-70b17a8c20d2","local_time":"20210120190034","is_ascension_mode":true,"campfire_choices":[{"data":"Eruption","floor":6,"key":"SMITH"},{"data":"InnerPeace","floor":10,"key":"SMITH"},{"data":"Adaptation","floor":15,"key":"SMITH"}],"circlet_count":0,"master_deck":["AscendersBane","Strike_P","Strike_P","Strike_P","Defend_P","Defend_P","Defend_P","Defend_P","Eruption+1","Vigilance","InnerPeace+1","EmptyFist","Worship","Adaptation+1","FearNoEvil"],"relics":["PureWater","NeowsBlessing","InkBottle","Odd Mushroom","Bag of Marbles"],"acts_visited":["Exordium"],"potions_floor_usage":[11,16,16],"damage_taken":[{"damage":0,"enemies":"Cultist","floor":1,"turns":1},{"damage":0,"enemies":"Jaw Worm","floor":2,"turns":1},{"damage":0,"enemies":"2 Louse","floor":3,"turns":2},{"damage":19,"enemies":"Exordium Thugs","floor":4,"turns":5},{"damage":11,"enemies":"Blue Slaver","floor":8,"turns":4},{"damage":15,"enemies":"The Mushroom Lair","floor":11,"turns":4},{"damage":3,"enemies":"Large Slime","floor":13,"turns":5},{"damage":20,"enemies":"Hexaghost","floor":16,"turns":9}],"seed_played":"-2903180538709709514","potions_obtained":[{"floor":2,"key":"Explosive Potion"},{"floor":3,"key":"Regen Potion"},{"floor":11,"key":"StancePotion"}],"is_trial":false,"path_per_floor":["M","M","M","M","$","R","?","M","T","R","?","?","M","T","R","B"],"character_chosen":"WATCHER","items_purchased":[],"campfire_rested":0,"item_purchase_floors":[],"current_hp_per_floor":[61,61,61,42,42,42,42,31,31,31,16,16,13,13,13,7,7],"gold":184,"neow_bonus":"THREE_ENEMY_KILL","is_daily":false,"chose_seed":false,"campfire_upgraded":3,"win_rate":0.0,"timestamp":1611136834,"path_taken":["M","?","M","M","$","R","?","M","T","R","?","?","?","?","R","BOSS"],"items_purchased_type":[],"build_version":"2020-12-22","purchased_purges":1,"victory":false,"max_hp_per_floor":[68,68,68,68,68,68,68,68,68,68,68,68,68,68,68,68,68],"card_choices":[{"not_picked":["FlurryOfBlows","ReachHeaven"],"picked":"InnerPeace","floor":1},{"not_picked":["Swivel","Halt"],"picked":"EmptyFist","floor":2},{"not_picked":["WreathOfFlame","EmptyFist","FlyingSleeves"],"picked":"SKIP","floor":3},{"not_picked":["Perseverance","FollowUp"],"picked":"Worship","floor":4},{"not_picked":["Perseverance","JustLucky","SashWhip"],"picked":"SKIP","floor":8},{"not_picked":["ClearTheMind","Prostrate"],"picked":"Adaptation","floor":11},{"not_picked":["Sanctity","DeceiveReality"],"picked":"FearNoEvil","floor":13}],"player_experience":787266,"relics_obtained":[{"floor":9,"key":"InkBottle"},{"floor":11,"key":"Odd Mushroom"},{"floor":14,"key":"Bag of Marbles"}],"event_choices":[{"damage_healed":0,"gold_gain":0,"player_choice":"Ignored","damage_taken":0,"max_hp_gain":0,"max_hp_loss":0,"event_name":"Liars Game","floor":7,"gold_loss":0},{"damage_healed":0,"gold_gain":0,"player_choice":"Fought Mushrooms","damage_taken":0,"max_hp_gain":0,"max_hp_loss":0,"event_name":"Mushrooms","floor":11,"gold_loss":0},{"damage_healed":0,"gold_gain":0,"player_choice":"Ignored","damage_taken":0,"max_hp_gain":0,"max_hp_loss":0,"event_name":"Shining Light","floor":12,"gold_loss":0}],"is_beta":false,"boss_relics":[],"items_purged_floors":[5],"is_endless":false,"potions_floor_spawned":[2,3,11],"killed_by":"Hexaghost","ascension_level":20}}