{"host":"8a3jzv7qxg3y7b6t","time":1611108530,"event":{"mods":["BaseMod","Better Third Choice","Downfall","Hermit","Minty Spire (QoL Compilation)","Relic Stats","StSLib","The Bug Knight","The Cursed"],"gold_per_floor":[111,123,135,152,103,103,113,145,145,171,192,157,172,204,204,204,204],"floor_reached":16,"language":"ENG","playtime":1011,"items_purged":[],"score":134,"play_id":"b092af1d-d629-409b-ad3d-289981898722","local_time":"20210119180850","is_ascension_mode":true,"campfire_choices":[{"floor":6.0,"key":"RECALL"},{"floor":15.0,"key":"REST"}],"circlet_count":0,"master_deck":["Strike_G","Strike_G","Strike_G","Strike_G","Strike_G","Defend_G","Defend_G","Defend_G","Defend_G","Defend_G","Survivor","Neutralize","Backstab","Outmaneuver","Slice","Slice","Skewer","All Out Attack","Infinite Blades","Sucker Punch","Slice","All Out Attack"],"relics":["Ring of the Snake","Potion Belt","Gremlin Horn","Mummified Hand","Odd Mushroom","Boot"],"acts_visited":["Exordium"],"potions_floor_usage":[16],"damage_taken":[{"damage":0.0,"enemies":"2 Louse","floor":1.0,"turns":3.0},{"damage":2.0,"enemies":"Jaw Worm","floor":2.0,"turns":4.0},{"damage":0.0,"enemies":"Small Slimes","floor":3.0,"turns":4.0},{"damage":0.0,"enemies":"Exordium Wildlife","floor":4.0,"turns":4.0},{"damage":19.0,"enemies":"Large Slime","floor":7.0,"turns":8.0},{"damage":13.0,"enemies":"Gremlin Nob","floor":8.0,"turns":4.0},{"damage":21.0,"enemies":"Lagavulin","floor":10.0,"turns":7.0},{"damage":5.0,"enemies":"The Mushroom Lair","floor":11.0,"turns":4.0},{"damage":3.0,"enemies":"Looter","floor":13.0,"turns":4.0},{"damage":14.0,"enemies":"HollowMod:MossKnight","floor":14.0,"turns":9.0},{"damage":36,"enemies":"Hexaghost","floor":16,"turns":10}],"seed_played":"-6983804014401718072","potions_obtained":[{"floor":3.0,"key":"SteroidPotion"},{"floor":4.0,"key":"BlessingOfTheForge"},{"floor":7.0,"key":"Block Potion"},{"floor":13.0,"key":"GamblersBrew"}],"is_trial":false,"path_per_floor":["M","M","M","M","?","R","M","E","T","E","?","?","M","E","R","B"],"character_chosen":"THE_SILENT","items_purchased":[],"campfire_rested":1,"item_purchase_floors":[],"current_hp_per_floor":[77,75,75,75,75,75,56,43,43,22,17,36,33,19,42,6,6],"gold":204,"neow_bonus":"TEN_PERCENT_HP_BONUS","is_daily":false,"chose_seed":false,"campfire_upgraded":0,"win_rate":0.0,"timestamp":1611108530,"path_taken":["M","M","M","M","?","R","M","E","T","E","?","?","M","E","R","BOSS"],"items_purchased_type":[],"build_version":"2020-12-22","purchased_purges":0,"victory":false,"max_hp_per_floor":[77,77,77,77,77,77,77,77,77,77,77,77,77,77,77,77,77],"relic_stats":{"Gremlin Horn":[3,3],"counters":[11,61],"Mummified Hand":[4],"Boot":[12],"obtain_stats":[{"Potion Belt":8,"Gremlin Horn":9,"Mummified Hand":10,"Odd Mushroom":11,"Boot":14,"Ring of the Snake":0},{"Potion Belt":6,"Gremlin Horn":6,"Mummified Hand":7,"Odd Mushroom":8,"Boot":10,"Ring of the Snake":0},{"Potion Belt":27,"Gremlin Horn":27,"Mummified Hand":34,"Odd Mushroom":38,"Boot":51,"Ring of the Snake":0}],"Ring of the Snake":[22]},"card_choices":[{"not_picked":["Acrobatics","Finisher"],"picked":"Backstab","floor":1.0},{"not_picked":["Bouncing Flask","Backflip"],"picked":"Outmaneuver","floor":2.0},{"not_picked":["Riddle With Holes","Flying Knee"],"picked":"Slice","floor":3.0},{"not_picked":["Noxious Fumes","Calculated Gamble"],"picked":"Slice","floor":4.0},{"not_picked":["Quick Slash","Reflex"],"picked":"Skewer","floor":7.0},{"not_picked":["Glass Knife","Dodge and Roll"],"picked":"All Out Attack","floor":8.0},{"not_picked":["Bane","Poisoned Stab"],"picked":"Infinite Blades","floor":10.0},{"not_picked":["PiercingWail","Deflect"],"picked":"Sucker Punch","floor":11.0},{"not_picked":["Leg Sweep","Deadly Poison"],"picked":"Slice","floor":13.0},{"not_picked":["Dodge and Roll","Catalyst"],"picked":"All Out Attack","floor":14.0}],"player_experience":622402,"relics_obtained":[{"floor":8.0,"key":"Potion Belt"},{"floor":9.0,"key":"Gremlin Horn"},{"floor":10.0,"key":"Mummified Hand"},{"floor":11.0,"key":"Odd Mushroom"},{"floor":14.0,"key":"Boot"}],"event_choices":[{"damage_healed":0.0,"max_hp_gain":0.0,"max_hp_loss":0.0,"gold_gain":0.0,"event_name":"betterThird:BetterGoop","player_choice":"Left","floor":5.0,"gold_loss":49.0,"damage_taken":0.0},{"damage_healed":0.0,"max_hp_gain":0.0,"max_hp_loss":0.0,"gold_gain":0.0,"event_name":"Mushrooms","player_choice":"Fought Mushrooms","floor":11.0,"gold_loss":0.0,"damage_taken":0.0},{"damage_healed":19.0,"max_hp_gain":0.0,"max_hp_loss":0.0,"gold_gain":0.0,"event_name":"The Cleric","player_choice":"Healed","floor":12.0,"gold_loss":35.0,"damage_taken":0.0}],"is_beta":false,"boss_relics":[],"items_purged_floors":[],"is_endless":false,"potions_floor_spawned":[3,4,7,13],"killed_by":"Hexaghost","ascension_level":2}}