{"host":"a4s27ghlnr83kbqz","time":1611127228,"event":{"mods":["AchievementEnabler","BaseMod","Colored Map","Minty Spire (QoL Compilation)","Permanent Neow","SuperFastMode"],"gold_per_floor":[119,139,158,169,189,189,208,234,234,234,250,215,235,265,265,338,338,355,374,299,318,335,364,382,382,382,54,54,85,98,98,98],"floor_reached":31,"language":"KOR","playtime":690,"items_purged":["Strike_R","Doubt"],"score":586,"play_id":"86d16d34-d551-480d-aa35-8c924a03d18b","local_time":"20210120152028","is_ascension_mode":true,"campfire_choices":[{"data":"Fiend Fire","floor":6,"key":"SMITH"},{"data":"Fire Breathing","floor":15,"key":"SMITH"},{"floor":25,"key":"REST"},{"data":"Dark Embrace","floor":28,"key":"SMITH"}],"circlet_count":0,"master_deck":["AscendersBane","Strike_R","Strike_R","Strike_R","Strike_R","Defend_R","Defend_R","Defend_R","Defend_R","Bash","Fiend Fire+1","Wild Strike","Cleave","Battle Trance","Fire Breathing+1","Shrug It Off","Immolate","Dark Embrace+1","Feel No Pain","Evolve","Flex"],"relics":["Burning Blood","White Beast Statue","Bottled Lightning","StrikeDummy","Nunchaku","Cursed Key","Darkstone Periapt","The Courier","Medical Kit","Matryoshka"],"acts_visited":["Exordium","TheCity"],"potions_floor_usage":[16,16,19,21,22,23,23,31],"damage_taken":[{"damage":6,"enemies":"Cultist","floor":1,"turns":3},{"damage":4,"enemies":"Jaw Worm","floor":2,"turns":3},{"damage":5,"enemies":"Small Slimes","floor":3,"turns":2},{"damage":11,"enemies":"3 Louse","floor":4,"turns":4},{"damage":7,"enemies":"Large Slime","floor":5,"turns":4},{"damage":9,"enemies":"2 Fungi Beasts","floor":7,"turns":2},{"damage":35,"enemies":"Lagavulin","floor":8,"turns":6},{"damage":1,"enemies":"3 Louse","floor":11,"turns":4},{"damage":22,"enemies":"Gremlin Gang","floor":13,"turns":4},{"damage":8,"enemies":"Gremlin Nob","floor":14,"turns":3},{"damage":7,"enemies":"Hexaghost","floor":16,"turns":7},{"damage":0,"enemies":"Chosen","floor":18,"turns":3},{"damage":32,"enemies":"Shell Parasite","floor":19,"turns":4},{"damage":16,"enemies":"Snake Plant","floor":21,"turns":2},{"damage":10,"enemies":"3 Cultists","floor":22,"turns":4},{"damage":7,"enemies":"Gremlin Leader","floor":23,"turns":6},{"damage":15,"enemies":"Centurion and Healer","floor":24,"turns":5},{"damage":46,"enemies":"Slavers","floor":29,"turns":4},{"damage":18,"enemies":"Snecko","floor":30,"turns":5},{"damage":19,"enemies":"Shelled Parasite and Fungi","floor":31,"turns":1}],"seed_played":"4862084164701622097","potions_obtained":[{"floor":2,"key":"Weak Potion"},{"floor":4,"key":"LiquidBronze"},{"floor":16,"key":"Dexterity Potion"},{"floor":18,"key":"Energy Potion"},{"floor":19,"key":"Dexterity Potion"},{"floor":21,"key":"ColorlessPotion"},{"floor":22,"key":"Weak Potion"},{"floor":23,"key":"Fire Potion"},{"floor":24,"key":"FairyPotion"},{"floor":29,"key":"Explosive Potion"}],"is_trial":false,"path_per_floor":["M","M","M","M","M","R","M","E","T","T","M","?","M","E","R","B",null,"M","M","$","M","M","E","M","R","T","$","R","E","M","M"],"character_chosen":"IRONCLAD","items_purchased":["Feel No Pain","Evolve","Medical Kit"],"campfire_rested":1,"item_purchase_floors":[27,27,27],"current_hp_per_floor":[50,52,53,48,47,47,44,15,15,15,20,38,22,20,20,19,61,67,41,41,31,27,26,17,39,45,45,45,30,18,0,0],"gold":98,"neow_bonus":"THREE_RARE_CARDS","is_daily":false,"chose_seed":false,"campfire_upgraded":3,"win_rate":0.0,"timestamp":1611127228,"path_taken":["M","M","M","M","M","R","M","E","T","?","M","?","M","E","R","BOSS","M","M","$","M","M","E","M","R","T","$","R","E","M","M"],"items_purchased_type":["Card","Card","Relic"],"build_version":"2020-12-22","purchased_purges":2,"victory":false,"max_hp_per_floor":[75,75,75,75,75,75,75,75,75,75,75,75,75,75,75,75,75,75,75,75,75,75,75,75,75,81,81,81,81,81,81,81],"card_choices":[{"not_picked":["Limit Break","Brutality"],"picked":"Fiend Fire","floor":0},{"not_picked":["Flex","Rage"],"picked":"Wild Strike","floor":1},{"not_picked":["Infernal Blade","Sever Soul"],"picked":"Cleave","floor":2},{"not_picked":["Clothesline","Twin Strike"],"picked":"Battle Trance","floor":3},{"not_picked":["Twin Strike","Anger","Headbutt"],"picked":"SKIP","floor":4},{"not_picked":["Clothesline","Limit Break","Cleave"],"picked":"SKIP","floor":5},{"not_picked":["Blood for Blood","Clash","Burning Pact"],"picked":"SKIP","floor":7},{"not_picked":["Blood for Blood","Clash","Burning Pact"],"picked":"SKIP","floor":7},{"not_picked":["Clothesline","Intimidate","Thunderclap"],"picked":"SKIP","floor":8},{"not_picked":["Rampage","Clothesline"],"picked":"Fire Breathing","floor":11},{"not_picked":["Rampage","Cleave"],"picked":"Shrug It Off","floor":13},{"not_picked":["Cleave","Iron Wave","Rampage"],"picked":"SKIP","floor":14},{"not_picked":["Corruption","Limit Break"],"picked":"Immolate","floor":16},{"not_picked":["Intimidate","Wild Strike","Cleave"],"picked":"SKIP","floor":18},{"not_picked":["Dropkick","Warcry","Battle Trance"],"picked":"SKIP","floor":19},{"not_picked":["Thunderclap","Rampage","Pommel Strike"],"picked":"SKIP","floor":21},{"not_picked":["Flex","Burning Pact"],"picked":"Dark Embrace","floor":22},{"not_picked":["Body Slam","Sword Boomerang","Combust"],"picked":"SKIP","floor":23},{"not_picked":["Metallicize","Heavy Blade","Juggernaut"],"picked":"SKIP","floor":24},{"not_picked":["Headbutt","Perfected Strike"],"picked":"Flex","floor":29},{"not_picked":["Iron Wave+1","True Grit","Cleave"],"picked":"SKIP","floor":30}],"player_experience":1111744,"relics_obtained":[{"floor":8,"key":"White Beast Statue"},{"floor":9,"key":"Bottled Lightning"},{"floor":10,"key":"StrikeDummy"},{"floor":14,"key":"Nunchaku"},{"floor":23,"key":"Darkstone Periapt"},{"floor":26,"key":"The Courier"},{"floor":29,"key":"Matryoshka"}],"event_choices":[{"damage_healed":18,"gold_gain":0,"player_choice":"Healed","damage_taken":0,"max_hp_gain":0,"max_hp_loss":0,"event_name":"The Cleric","floor":12,"gold_loss":35}],"is_beta":false,"boss_relics":[{"not_picked":["Runic Dome","Astrolabe"],"picked":"Cursed Key"}],"items_purged_floors":[20,27],"is_endless":false,"potions_floor_spawned":[2,4,7,11,13,14,16,18,19,21,22,23,24,29,30],"killed_by":"Shelled Parasite and Fungi","ascension_level":20}}