{"host":"42xxsmacr0f6ikcz","time":1611175780,"event":{"mods":["AchievementEnabler","BaseMod","Block Reminder","Minty Spire (QoL Compilation)","Relic Stats","StSLib"],"gold_per_floor":[110,122,138,138,152,152,187,201,225,244,244,257,257,272,272,376,376,392,411,38,57,74,74,102,102,102,137,157,157,157,169,169,267,267,279,329,60,75,94,119,133,133,185,213,213,243,243,274,274,274],"floor_reached":51,"language":"ENG","playtime":3818,"items_purged":["Strike_B","Defend_B"],"score":933,"play_id":"5ec4d80f-a7de-4760-9c4b-64c789fead82","local_time":"20210120154940","is_ascension_mode":true,"campfire_choices":[{"data":"Zap","floor":6,"key":"SMITH"},{"data":"Doom and Gloom","floor":11,"key":"SMITH"},{"data":"Echo Form","floor":13,"key":"SMITH"},{"data":"Strike_B","floor":15,"key":"PURGE"},{"data":"Genetic Algorithm","floor":23,"key":"SMITH"},{"floor":25,"key":"REST"},{"data":"Coolheaded","floor":29,"key":"SMITH"},{"data":"Creative AI","floor":32,"key":"SMITH"},{"data":"Buffer","floor":42,"key":"SMITH"},{"data":"Parasite","floor":45,"key":"PURGE"},{"data":"Parasite","floor":47,"key":"PURGE"},{"data":"Loop","floor":49,"key":"SMITH"}],"circlet_count":0,"master_deck":["Defend_B","Defend_B","Zap+1","Dualcast","Genetic Algorithm+1","Sunder+1","Conserve Battery","Doom and Gloom+1","Echo Form+1","Self Repair","Genetic Algorithm+1","Creative AI+1","Cold Snap+1","Steam+1","Fission+1","Beam Cell+1","Coolheaded+1","Ball Lightning","Go for the Eyes","Coolheaded+1","Turbo","Buffer+1","Chill+1","Loop+1","Coolheaded","White Noise+1","Undo+1","Genetic Algorithm+1","Force Field+1","Loop+1"],"relics":["Cracked Core","NeowsBlessing","Peace Pipe","Astrolabe","TungstenRod","Anchor","Lizard Tail","Smiling Mask","Cursed Key","CaptainsWheel","DataDisk","Mango","Pen Nib","Eternal Feather","Emotion Chip","MealTicket"],"acts_visited":["Exordium","TheCity","TheBeyond"],"potions_floor_usage":[24,27,33,35,41,50],"damage_taken":[{"damage":0,"enemies":"Cultist","floor":1,"turns":1},{"damage":0,"enemies":"Small Slimes","floor":2,"turns":1},{"damage":0,"enemies":"Jaw Worm","floor":3,"turns":1},{"damage":3,"enemies":"Blue Slaver","floor":5,"turns":3},{"damage":12,"enemies":"Gremlin Nob","floor":7,"turns":4},{"damage":5,"enemies":"Gremlin Gang","floor":8,"turns":3},{"damage":0,"enemies":"3 Louse","floor":10,"turns":2},{"damage":3,"enemies":"Exordium Thugs","floor":12,"turns":4},{"damage":8,"enemies":"Blue Slaver","floor":14,"turns":4},{"damage":21,"enemies":"The Guardian","floor":16,"turns":10},{"damage":12,"enemies":"3 Byrds","floor":18,"turns":5},{"damage":10,"enemies":"2 Thieves","floor":19,"turns":3},{"damage":10,"enemies":"Cultist and Chosen","floor":21,"turns":6},{"damage":22,"enemies":"Sentry and Sphere","floor":22,"turns":7},{"damage":28,"enemies":"Book of Stabbing","floor":24,"turns":8},{"damage":0,"enemies":"Slavers","floor":27,"turns":3},{"damage":4,"enemies":"Snake Plant","floor":28,"turns":4},{"damage":0,"enemies":"Cultist and Chosen","floor":31,"turns":6},{"damage":51,"enemies":"Collector","floor":33,"turns":10},{"damage":16,"enemies":"3 Darklings","floor":35,"turns":6},{"damage":0,"enemies":"Mind Bloom Boss Battle","floor":36,"turns":6},{"damage":0,"enemies":"3 Shapes","floor":38,"turns":4},{"damage":7,"enemies":"Maw","floor":39,"turns":8},{"damage":26,"enemies":"Reptomancer","floor":40,"turns":10},{"damage":8,"enemies":"Writhing Mass","floor":41,"turns":6},{"damage":13,"enemies":"Giant Head","floor":44,"turns":11},{"damage":10,"enemies":"Nemesis","floor":46,"turns":11},{"damage":0,"enemies":"Reptomancer","floor":48,"turns":7},{"damage":8,"enemies":"Awakened One","floor":50,"turns":17}],"seed_played":"-2114900494238448931","potions_obtained":[{"floor":3,"key":"Dexterity Potion"},{"floor":5,"key":"Strength Potion"},{"floor":10,"key":"Swift Potion"},{"floor":14,"key":"SpeedPotion"},{"floor":21,"key":"ColorlessPotion"},{"floor":24,"key":"DistilledChaos"},{"floor":27,"key":"Fire Potion"},{"floor":28,"key":"PotionOfCapacity"},{"floor":38,"key":"Fire Potion"},{"floor":39,"key":"Ancient Potion"},{"floor":41,"key":"EssenceOfDarkness"},{"floor":44,"key":"FocusPotion"}],"is_trial":false,"path_per_floor":["M","M","M","?","M","R","E","M","T","M","R","M","R","M","R","B",null,"M","M","$","M","M","R","E","R","T","E","M","R","?","M","R","B",null,"M","?","$","M","M","E","M","R","T","E","R","E","R","E","R","B",null],"character_chosen":"DEFECT","items_purchased":["TungstenRod","DataDisk","Loop"],"campfire_rested":1,"item_purchase_floors":[20,37,37],"current_hp_per_floor":[75,75,75,60,57,57,45,40,40,40,40,37,37,36,36,22,75,75,65,65,55,40,40,26,48,48,55,58,58,45,52,52,15,80,71,78,78,80,80,75,74,74,74,68,86,90,88,88,88,87],"gold":274,"neow_bonus":"THREE_ENEMY_KILL","is_daily":false,"chose_seed":false,"campfire_upgraded":8,"win_rate":0.0,"timestamp":1611175780,"path_taken":["M","M","?","?","M","R","E","M","T","M","R","M","R","M","R","BOSS","M","M","$","M","M","R","E","R","T","E","M","R","?","M","R","BOSS","M","?","$","M","M","E","M","R","T","E","R","E","R","E","R","BOSS"],"items_purchased_type":["Relic","Relic","Card"],"build_version":"2020-12-22","purchased_purges":2,"victory":true,"max_hp_per_floor":[75,75,75,75,75,75,75,75,75,75,75,75,75,75,75,75,75,75,75,75,75,75,75,75,75,75,75,75,75,80,80,80,80,80,80,80,80,80,80,94,94,94,94,94,91,91,88,88,88,88],"relic_stats":{"Peace Pipe":5,"Lizard Tail":0,"Emotion Chip":[3,2,1,0,0],"counters":[29,170],"Astrolabe":["Cold Snap","Steam","Fission"],"Eternal Feather":19,"MealTicket":0,"Pen Nib":[7],"Smiling Mask":50,"Cursed Key":1,"obtain_stats":[{"NeowsBlessing":0,"Astrolabe":17,"Mango":40,"Eternal Feather":44,"Pen Nib":43,"Smiling Mask":27,"Cursed Key":34,"Peace Pipe":7,"Anchor":24,"Lizard Tail":26,"CaptainsWheel":36,"DataDisk":37,"Emotion Chip":46,"MealTicket":48,"Cracked Core":0,"TungstenRod":20},{"NeowsBlessing":0,"Astrolabe":10,"Mango":24,"Eternal Feather":26,"Pen Nib":25,"Smiling Mask":16,"Cursed Key":19,"Peace Pipe":5,"Anchor":15,"Lizard Tail":15,"CaptainsWheel":21,"DataDisk":21,"Emotion Chip":27,"MealTicket":28,"Cracked Core":0,"TungstenRod":12},{"NeowsBlessing":0,"Astrolabe":33,"Mango":119,"Eternal Feather":136,"Pen Nib":125,"Smiling Mask":65,"Cursed Key":85,"Peace Pipe":10,"Anchor":62,"Lizard Tail":62,"CaptainsWheel":97,"DataDisk":97,"Emotion Chip":147,"MealTicket":154,"Cracked Core":0,"TungstenRod":41}],"TungstenRod":29},"card_choices":[{"not_picked":["Beam Cell","Heatsinks"],"picked":"Genetic Algorithm","floor":1},{"not_picked":["Coolheaded","Chaos","Scrape"],"picked":"SKIP","floor":2},{"not_picked":["Conserve Battery","Hologram"],"picked":"Sunder","floor":3},{"not_picked":["Barrage","Reinforced Body"],"picked":"Conserve Battery","floor":5},{"not_picked":["Coolheaded","Reinforced Body"],"picked":"Doom and Gloom","floor":7},{"not_picked":["Reprogram","Turbo"],"picked":"Echo Form","floor":8},{"not_picked":["Stack","Rebound","Gash"],"picked":"SKIP","floor":10},{"not_picked":["Turbo","Beam Cell"],"picked":"Self Repair","floor":12},{"not_picked":["Ball Lightning","Leap"],"picked":"Genetic Algorithm","floor":14},{"not_picked":["Amplify","Hyperbeam"],"picked":"Creative AI","floor":16},{"not_picked":["Rebound+1","Ball Lightning"],"picked":"Beam Cell+1","floor":18},{"not_picked":["Barrage","Melter","Sweeping Beam"],"picked":"SKIP","floor":19},{"not_picked":["Meteor Strike","Barrage"],"picked":"Coolheaded","floor":21},{"not_picked":["Force Field","Chill"],"picked":"Ball Lightning","floor":22},{"not_picked":["Sweeping Beam","Hyperbeam"],"picked":"Go for the Eyes","floor":24},{"not_picked":["Lockon+1","Capacitor"],"picked":"Coolheaded+1","floor":27},{"not_picked":["Barrage","Redo","Sweeping Beam"],"picked":"SKIP","floor":28},{"not_picked":["Hologram","Hello World+1"],"picked":"Turbo","floor":31},{"not_picked":["Echo Form","All For One"],"picked":"Buffer","floor":33},{"not_picked":["Hologram","Compile Driver+1"],"picked":"Chill+1","floor":35},{"not_picked":["Gash","Conserve Battery"],"picked":"Coolheaded","floor":38},{"not_picked":["Redo","Aggregate"],"picked":"White Noise+1","floor":39},{"not_picked":["Hello World+1","Streamline+1"],"picked":"Undo+1","floor":40},{"not_picked":["Sweeping Beam","Steam+1"],"picked":"Genetic Algorithm+1","floor":41},{"not_picked":["Steam","Echo Form","Coolheaded+1"],"picked":"SKIP","floor":44},{"not_picked":["Stack","Amplify"],"picked":"Force Field+1","floor":46},{"not_picked":["Static Discharge","Cold Snap+1"],"picked":"Loop+1","floor":48}],"player_experience":162799,"relics_obtained":[{"floor":7,"key":"Peace Pipe"},{"floor":24,"key":"Anchor"},{"floor":26,"key":"Lizard Tail"},{"floor":27,"key":"Smiling Mask"},{"floor":36,"key":"CaptainsWheel"},{"floor":40,"key":"Mango"},{"floor":43,"key":"Pen Nib"},{"floor":44,"key":"Eternal Feather"},{"floor":46,"key":"Emotion Chip"},{"floor":48,"key":"MealTicket"}],"event_choices":[{"damage_healed":0,"gold_gain":0,"player_choice":"Entered Light","damage_taken":15,"max_hp_gain":0,"max_hp_loss":0,"event_name":"Shining Light","floor":4,"gold_loss":0,"cards_upgraded":["Genetic Algorithm","Sunder"]},{"damage_healed":0,"gold_gain":0,"player_choice":"Shed Blood","damage_taken":19,"max_hp_gain":5,"max_hp_loss":0,"event_name":"Forgotten Altar","floor":30,"gold_loss":0},{"damage_healed":0,"gold_gain":0,"player_choice":"Fight","damage_taken":0,"max_hp_gain":0,"max_hp_loss":0,"event_name":"MindBloom","floor":36,"gold_loss":0}],"is_beta":false,"boss_relics":[{"not_picked":["Philosopher\u0027s Stone","Black Star"],"picked":"Astrolabe"},{"not_picked":["Runic Pyramid","Tiny House"],"picked":"Cursed Key"}],"items_purged_floors":[20,37],"is_endless":false,"potions_floor_spawned":[3,5,10,14,19,21,24,27,28,38,39,41,44],"ascension_level":3}}