{"host":"brlhu57vzmgrzvkq","time":1611120256,"event":{"mods":["AchievementEnabler","BaseMod","Colored Map","Downfall","Hermit","Minty Spire (QoL Compilation)","StSLib","SuperFastMode","The Cursed","The Servant 0.9.4"],"gold_per_floor":[114,64,81,81,93,121,136,163,463,452,452,478,7,26,26,134,134,160,183,108,123,123,123],"floor_reached":22,"language":"ENG","playtime":897,"items_purged":["Strike_G"],"score":239,"play_id":"e3ed800c-d3b6-4208-8d29-b85d47557faa","local_time":"20210119222416","is_ascension_mode":true,"campfire_choices":[{"floor":11.0,"key":"REST"},{"floor":15.0,"key":"DIG"}],"circlet_count":0,"master_deck":["Strike_G","Strike_G","Strike_G","Defend_G","Defend_G","Defend_G","Defend_G","Survivor","Neutralize","Blur","Leg Sweep","Backflip","Neutralize","Bouncing Flask","Caltrops","Bane","Glass Knife","Night Terror","Dodge and Roll+1","Phantasmal Killer"],"relics":["Ring of the Snake","HornCleat","Eternal Feather","Old Coin","Shovel","Frozen Egg 2","Anchor","CeramicFish","Philosopher\u0027s Stone"],"acts_visited":["Exordium","TheCity"],"potions_floor_usage":[],"damage_taken":[{"damage":0.0,"enemies":"2 Louse","floor":1.0,"turns":4.0},{"damage":1.0,"enemies":"Small Slimes","floor":3.0,"turns":5.0},{"damage":0.0,"enemies":"Cultist","floor":5.0,"turns":6.0},{"damage":40.0,"enemies":"Gremlin Nob","floor":6.0,"turns":5.0},{"damage":0.0,"enemies":"Exordium Wildlife","floor":7.0,"turns":5.0},{"damage":12.0,"enemies":"Lagavulin","floor":8.0,"turns":7.0},{"damage":0.0,"enemies":"Exordium Thugs","floor":10.0,"turns":4.0},{"damage":7.0,"enemies":"Gremlin Nob","floor":12.0,"turns":5.0},{"damage":3.0,"enemies":"Blue Slaver","floor":14.0,"turns":2.0},{"damage":3.0,"enemies":"The Guardian","floor":16.0,"turns":12.0},{"damage":0.0,"enemies":"Shell Parasite","floor":18.0,"turns":5.0},{"damage":12.0,"enemies":"Spheric Guardian","floor":19.0,"turns":5.0},{"damage":27.0,"enemies":"3 Cultists","floor":21.0,"turns":7.0},{"damage":21,"enemies":"Centurion and Healer","floor":22,"turns":7}],"seed_played":"1467054930390795427","potions_obtained":[{"floor":3.0,"key":"SkillPotion"},{"floor":8.0,"key":"SkillPotion"},{"floor":10.0,"key":"SpeedPotion"},{"floor":14.0,"key":"Swift Potion"},{"floor":16.0,"key":"champ:CounterPotion"},{"floor":21.0,"key":"BlessingOfTheForge"}],"is_trial":false,"path_per_floor":["M","?","M","?","M","E","M","E","T","M","R","E","$","M","R","B",null,"M","M","?","M","M"],"character_chosen":"THE_SILENT","items_purchased":["Frozen Egg 2","Anchor"],"campfire_rested":1,"item_purchase_floors":[13,13],"current_hp_per_floor":[70,70,69,69,69,29,29,17,17,17,47,40,40,37,46,43,70,70,58,58,31,10,10],"gold":123,"neow_bonus":"THREE_CARDS","is_daily":false,"chose_seed":false,"campfire_upgraded":0,"win_rate":0.0,"timestamp":1611120256,"path_taken":["M","?","M","?","M","E","M","E","T","?","R","E","$","M","R","BOSS","M","M","?","M","M"],"items_purchased_type":["Relic","Relic"],"build_version":"2020-12-22","purchased_purges":1,"victory":false,"max_hp_per_floor":[70,70,70,70,70,70,70,70,70,70,70,70,70,70,70,70,70,70,70,70,70,70,70],"card_choices":[{"not_picked":["Dodge and Roll","Deflect"],"picked":"Blur","floor":0.0},{"not_picked":["Dodge and Roll","Underhanded Strike"],"picked":"Leg Sweep","floor":1.0},{"not_picked":["PiercingWail","Endless Agony"],"picked":"Backflip","floor":3.0},{"not_picked":["Slice","Acrobatics"],"picked":"Bouncing Flask","floor":5.0},{"not_picked":["Escape Plan","Endless Agony"],"picked":"Caltrops","floor":6.0},{"not_picked":["Cloak And Dagger","Blade Dance","Masterful Stab"],"picked":"SKIP","floor":7.0},{"not_picked":["Slice","Quick Slash"],"picked":"Bane","floor":8.0},{"not_picked":["Storm of Steel","Outmaneuver","Deflect"],"picked":"SKIP","floor":10.0},{"not_picked":["Masterful Stab","Underhanded Strike"],"picked":"Glass Knife","floor":12.0},{"not_picked":["Backflip","Dagger Spray","Blur"],"picked":"SKIP","floor":14.0},{"not_picked":["Doppelganger","Glass Knife"],"picked":"Night Terror","floor":16.0},{"not_picked":["Backflip","Deflect"],"picked":"Dodge and Roll+1","floor":18.0},{"not_picked":["Flechettes","PiercingWail"],"picked":"Phantasmal Killer","floor":19.0},{"not_picked":["Eviscerate","Cloak And Dagger","Deflect"],"picked":"SKIP","floor":21.0}],"player_experience":84110,"relics_obtained":[{"floor":6.0,"key":"HornCleat"},{"floor":8.0,"key":"Eternal Feather"},{"floor":9.0,"key":"Old Coin"},{"floor":12.0,"key":"Shovel"},{"floor":15.0,"key":"CeramicFish"}],"event_choices":[{"cards_removed":["Strike_G"],"damage_healed":0.0,"max_hp_gain":0.0,"max_hp_loss":0.0,"gold_gain":0.0,"event_name":"The Cleric","player_choice":"Card Removal","floor":2.0,"gold_loss":50.0,"damage_taken":0.0},{"damage_healed":0.0,"max_hp_gain":0.0,"max_hp_loss":0.0,"gold_gain":0.0,"event_name":"Match and Keep!","player_choice":"1 cards matched","floor":4.0,"gold_loss":0.0,"damage_taken":0.0,"cards_obtained":["Neutralize"]},{"cards_removed":["Defend_G"],"damage_healed":0.0,"max_hp_gain":0.0,"max_hp_loss":0.0,"gold_gain":0.0,"event_name":"Beggar","player_choice":"Gave Gold","floor":20.0,"gold_loss":75.0,"damage_taken":0.0}],"is_beta":false,"boss_relics":[{"not_picked":["Sozu","WristBlade"],"picked":"Philosopher\u0027s Stone"}],"items_purged_floors":[13],"is_endless":false,"potions_floor_spawned":[3,8,10,14,16,21],"killed_by":"Centurion and Healer","ascension_level":3}}