{"host":"f5mjulaw5aqlqmd7","time":1611104722,"event":{"mods":["Act Like it!","BaseMod","Colored Map","GifTheSpireLib","Hallownest","Minty Spire (QoL Compilation)","StSLib","The Bug Knight"],"gold_per_floor":[117,130,144,2,18,18,48,48,75,95,111,111,111],"floor_reached":12,"language":"ENG","playtime":1113,"items_purged":[],"score":82,"play_id":"97c04051-bae3-4eed-852c-ac259180fec1","local_time":"20210119200522","is_ascension_mode":false,"campfire_choices":[{"data":"HollowMod:SlysStrikes","floor":6,"key":"SMITH"},{"floor":8,"key":"REST"}],"circlet_count":0,"master_deck":["HollowMod:NailStrikeStart","HollowMod:NailStrikeStart","HollowMod:NailStrikeStart","HollowMod:QuickDashStart","HollowMod:QuickDashStart","HollowMod:QuickDashStart","HollowMod:QuickDashStart","HollowMod:FocusHealStart","HollowMod:PogoStrike","HollowMod:Hiveblood","HollowMod:SoulVessel","HollowMod:ShadowDash","HollowMod:CycloneSlash","HollowMod:SlysStrikes+1","HollowMod:CloakDash","HollowMod:DoubleDash","HollowMod:DashSlash"],"relics":["HollowMod:VesselMask","Happy Flower","Smiling Mask"],"acts_visited":["Exordium"],"potions_floor_usage":[],"damage_taken":[{"damage":11,"enemies":"Cultist","floor":1,"turns":4},{"damage":12,"enemies":"2 Louse","floor":2,"turns":4},{"damage":15,"enemies":"Jaw Worm","floor":3,"turns":5},{"damage":26,"enemies":"Exordium Wildlife","floor":5,"turns":4},{"damage":39,"enemies":"Lagavulin","floor":7,"turns":6},{"damage":38,"enemies":"Exordium Thugs","floor":10,"turns":6},{"damage":17,"enemies":"Lots of Slimes","floor":11,"turns":3},{"damage":9,"enemies":"3 Sentries","floor":12,"turns":1}],"seed_played":"-5615434345492641475","potions_obtained":[{"floor":1,"key":"Dexterity Potion"},{"floor":7,"key":"Weak Potion"}],"is_trial":false,"path_per_floor":["M","M","M","$","M","R","E","R","T","M","M","E"],"character_chosen":"THE_BUGKNIGHT","items_purchased":["HollowMod:SlysStrikes"],"campfire_rested":1,"item_purchase_floors":[4],"current_hp_per_floor":[75,72,69,69,54,54,27,49,49,23,6,0,0],"gold":111,"neow_bonus":"TRANSFORM_CARD","is_daily":false,"chose_seed":false,"campfire_upgraded":1,"win_rate":0.0,"timestamp":1611104722,"path_taken":["M","M","M","$","M","R","E","R","T","M","M","E"],"items_purchased_type":["Card"],"build_version":"2020-12-22","purchased_purges":0,"victory":false,"max_hp_per_floor":[75,75,75,75,75,75,75,75,75,75,75,75,75],"card_choices":[{"not_picked":["HollowMod:SiblingsShadow","HollowMod:HuntersJournal"],"picked":"HollowMod:SoulVessel","floor":1},{"not_picked":["HollowMod:InfectedCysts","HollowMod:FallenFury"],"picked":"HollowMod:ShadowDash","floor":2},{"not_picked":["HollowMod:GrimmsGift","HollowMod:ChannelNail"],"picked":"HollowMod:CycloneSlash","floor":3},{"not_picked":["HollowMod:SoulSplash","HollowMod:NewJinnsSoul"],"picked":"HollowMod:CloakDash","floor":5},{"not_picked":["HollowMod:SiblingsSouls","HollowMod:FallenFury"],"picked":"HollowMod:DoubleDash","floor":7},{"not_picked":["HollowMod:PureNailStrike","HollowMod:GrimmsGift","HollowMod:SiblingsShadow"],"picked":"SKIP","floor":10},{"not_picked":["HollowMod:ShapeofUnn","HollowMod:ShadowDash"],"picked":"HollowMod:DashSlash","floor":11}],"player_experience":66004,"relics_obtained":[{"floor":7,"key":"Happy Flower"},{"floor":9,"key":"Smiling Mask"}],"event_choices":[],"is_beta":false,"boss_relics":[],"items_purged_floors":[],"is_endless":false,"potions_floor_spawned":[1,7],"killed_by":"3 Sentries","ascension_level":0}}