{"host":"wogey4gsknv4ot2d","time":1611116702,"event":{"mods":["2.2 Compatiblity","AchievementEnabler","Alarm Clock","BaseMod","Bestiary","Better Match","Better Third Choice","Colored Map","Colored Powertips","Googly Eyes","Key Reminder","Minty Spire (QoL Compilation)","Permanent Neow","Rare Cards Sparkle","Relic Stats","StSLib"],"gold_per_floor":[112,122,132,5,15,41,41,41,41,41,69,40,72,92,92,92,92],"floor_reached":16,"language":"ENG","playtime":623,"items_purged":[],"score":128,"play_id":"01c8f7a5-2f4a-46dc-a0cc-174502dc1c23","local_time":"20210119222502","is_ascension_mode":true,"campfire_choices":[{"floor":8,"key":"REST"},{"floor":15,"key":"REST"}],"circlet_count":0,"master_deck":["Strike_B","Strike_B","Strike_B","Strike_B","Defend_B","Defend_B","Defend_B","Defend_B","Zap","Dualcast","Genetic Algorithm","Barrage","Stack","Melter","Steam","Fusion","Recycle","Cold Snap","Go for the Eyes","Compile Driver"],"relics":["Busted Crown","Torii","Symbiotic Virus","Ornamental Fan","Blue Candle"],"acts_visited":["Exordium"],"potions_floor_usage":[3,6],"damage_taken":[{"damage":0,"enemies":"2 Louse","floor":1,"turns":3},{"damage":5,"enemies":"Small Slimes","floor":2,"turns":4},{"damage":15,"enemies":"Jaw Worm","floor":3,"turns":5},{"damage":11,"enemies":"3 Louse","floor":5,"turns":5},{"damage":76,"enemies":"Gremlin Nob","floor":6,"turns":6},{"damage":22,"enemies":"3 Sentries","floor":11,"turns":12},{"damage":13,"enemies":"Exordium Thugs","floor":12,"turns":5},{"damage":19,"enemies":"Gremlin Nob","floor":13,"turns":5},{"damage":1,"enemies":"Exordium Wildlife","floor":14,"turns":4},{"damage":47,"enemies":"The Guardian","floor":16,"turns":12}],"seed_played":"4461837749140141414","potions_obtained":[{"floor":3,"key":"Fruit Juice"},{"floor":5,"key":"FairyPotion"}],"is_trial":false,"path_per_floor":["M","M","M","$","M","E","?","R","T","?","E","M","E","M","R","B"],"character_chosen":"DEFECT","items_purchased":["Melter","Fire Potion"],"campfire_rested":2,"item_purchase_floors":[4,4],"current_hp_per_floor":[75,70,60,60,49,24,50,74,74,74,52,39,20,19,43,0,0],"gold":92,"neow_bonus":"BOSS_RELIC","is_daily":false,"chose_seed":false,"campfire_upgraded":0,"win_rate":0.0,"timestamp":1611116702,"path_taken":["M","M","M","$","M","E","?","R","T","?","E","M","E","M","R","BOSS"],"items_purchased_type":["Card","Potion"],"build_version":"2020-12-22","purchased_purges":0,"victory":false,"max_hp_per_floor":[75,75,80,80,80,80,80,80,80,80,80,80,80,80,80,80,80],"relic_stats":{"Busted Crown":18,"Torii":30,"counters":[10,61],"Ornamental Fan":[20],"Blue Candle":[0],"obtain_stats":[{"Busted Crown":0,"Torii":6,"Ornamental Fan":11,"Blue Candle":13,"Cracked Core":0,"Symbiotic Virus":9},{"Busted Crown":0,"Torii":5,"Ornamental Fan":6,"Blue Candle":8,"Cracked Core":0,"Symbiotic Virus":5},{"Busted Crown":0,"Torii":23,"Ornamental Fan":35,"Blue Candle":45,"Cracked Core":0,"Symbiotic Virus":23}]},"card_choices":[{"not_picked":[],"picked":"Genetic Algorithm","floor":1},{"not_picked":[],"picked":"Barrage","floor":2},{"not_picked":[],"picked":"Stack","floor":3},{"not_picked":[],"picked":"Steam","floor":5},{"not_picked":[],"picked":"Fusion","floor":6},{"not_picked":[],"picked":"Recycle","floor":11},{"not_picked":[],"picked":"Cold Snap","floor":12},{"not_picked":[],"picked":"Go for the Eyes","floor":13},{"not_picked":[],"picked":"Compile Driver","floor":14}],"player_experience":61505,"relics_obtained":[{"floor":6,"key":"Torii"},{"floor":9,"key":"Symbiotic Virus"},{"floor":11,"key":"Ornamental Fan"},{"floor":13,"key":"Blue Candle"}],"event_choices":[{"damage_healed":26,"gold_gain":0,"player_choice":"Banana","damage_taken":0,"max_hp_gain":0,"max_hp_loss":0,"event_name":"Big Fish","floor":7,"gold_loss":0},{"damage_healed":0,"gold_gain":0,"player_choice":"Searched \u00271\u0027 times","damage_taken":0,"max_hp_gain":0,"max_hp_loss":0,"event_name":"Dead Adventurer","floor":10,"gold_loss":0}],"is_beta":false,"boss_relics":[],"items_purged_floors":[],"is_endless":false,"potions_floor_spawned":[1,3,5,6,14],"killed_by":"The Guardian","ascension_level":1}}