{"host":"70zhvo5nwrhp1mbg","time":1611117289,"event":{"mods":["BaseMod","Colored Map","Colored Powertips","Filter the Spire","Highlight Path","Minty Spire (QoL Compilation)","Rare Cards Sparkle","StSLib"],"gold_per_floor":[110,110,125,125,141,169,169,200,200,17,17,37,65,82,82,177,177,196,97,97,111,111,111],"floor_reached":22,"language":"ENG","playtime":2313,"items_purged":[],"score":355,"play_id":"62d92872-867b-42c2-a984-d79de9440f01","local_time":"20210119233449","is_ascension_mode":true,"campfire_choices":[{"floor":7,"key":"REST"},{"floor":11,"key":"REST"},{"data":"Demon Form","floor":15,"key":"SMITH"}],"circlet_count":0,"master_deck":["Strike_R+1","Strike_R","Strike_R","Strike_R","Strike_R","Defend_R","Defend_R","Defend_R","Defend_R","Bash","Perfected Strike+1","Headbutt","Shrug It Off","Havoc","Demon Form+1","Clothesline","Feel No Pain","Pummel","Shrug It Off","Feed","Headbutt","True Grit","Heavy Blade"],"relics":["Burning Blood","HornCleat","Paper Frog","Darkstone Periapt","Self Forming Clay","Frozen Eye","Mango","Runic Pyramid"],"acts_visited":["Exordium","TheCity"],"potions_floor_usage":[8,12,16,21,21],"damage_taken":[{"damage":5,"enemies":"Small Slimes","floor":1,"turns":4},{"damage":7,"enemies":"Jaw Worm","floor":3,"turns":2},{"damage":0,"enemies":"Cultist","floor":5,"turns":3},{"damage":18,"enemies":"Gremlin Nob","floor":6,"turns":5},{"damage":44,"enemies":"Lagavulin","floor":8,"turns":9},{"damage":13,"enemies":"Exordium Wildlife","floor":12,"turns":3},{"damage":9,"enemies":"3 Sentries","floor":13,"turns":10},{"damage":21,"enemies":"Exordium Thugs","floor":14,"turns":5},{"damage":0,"enemies":"Slime Boss","floor":16,"turns":7},{"damage":57,"enemies":"3 Byrds","floor":18,"turns":8},{"damage":26,"enemies":"Chosen","floor":21,"turns":5},{"damage":19,"enemies":"Centurion and Healer","floor":22,"turns":1}],"seed_played":"-255904476236809029","potions_obtained":[{"floor":3,"key":"PowerPotion"},{"floor":5,"key":"Regen Potion"},{"floor":13,"key":"LiquidBronze"},{"floor":14,"key":"ElixirPotion"},{"floor":18,"key":"LiquidMemories"}],"is_trial":false,"path_per_floor":["M","?","M","?","M","E","R","E","T","$","R","M","E","M","R","B",null,"M","$","?","M","M"],"character_chosen":"IRONCLAD","items_purchased":["Frozen Eye","Clothesline","True Grit","Heavy Blade"],"campfire_rested":2,"item_purchase_floors":[10,10,19,19],"current_hp_per_floor":[73,70,69,69,75,63,80,47,47,47,71,64,75,60,60,66,87,39,39,39,19,0,0],"gold":111,"neow_bonus":"UPGRADE_CARD","is_daily":false,"chose_seed":false,"campfire_upgraded":1,"win_rate":0.0,"timestamp":1611117289,"path_taken":["M","?","M","?","M","E","R","E","T","?","R","M","E","M","R","BOSS","M","?","?","M","M"],"items_purchased_type":["Relic","Card","Card","Card"],"build_version":"2020-12-22","purchased_purges":0,"victory":false,"max_hp_per_floor":[80,80,80,80,80,80,80,80,80,80,80,80,94,94,94,94,94,97,97,97,97,97,97],"card_choices":[{"not_picked":["Clothesline","Dual Wield"],"picked":"Perfected Strike","floor":1},{"not_picked":["Perfected Strike","Flex"],"picked":"Headbutt","floor":3},{"not_picked":["Entrench","Heavy Blade"],"picked":"Shrug It Off","floor":5},{"not_picked":["Rage","Wild Strike"],"picked":"Havoc","floor":6},{"not_picked":["Limit Break","Clothesline"],"picked":"Demon Form","floor":8},{"not_picked":["Armaments","Metallicize"],"picked":"Feel No Pain","floor":12},{"not_picked":["Combust","Evolve"],"picked":"Pummel","floor":13},{"not_picked":["Perfected Strike","Rage"],"picked":"Shrug It Off","floor":14},{"not_picked":["Juggernaut","Brutality"],"picked":"Feed","floor":16},{"not_picked":["Thunderclap","Warcry"],"picked":"Headbutt","floor":18},{"not_picked":["Clothesline","Twin Strike","Fire Breathing"],"picked":"SKIP","floor":21}],"player_experience":392111,"relics_obtained":[{"floor":6,"key":"Paper Frog"},{"floor":8,"key":"Darkstone Periapt"},{"floor":9,"key":"Self Forming Clay"},{"floor":13,"key":"Mango"}],"event_choices":[{"damage_healed":0,"gold_gain":0,"player_choice":"Success","damage_taken":3,"relics_obtained":["HornCleat"],"max_hp_gain":0,"max_hp_loss":0,"event_name":"Scrap Ooze","floor":2,"gold_loss":0},{"damage_healed":0,"gold_gain":0,"player_choice":"Grow","damage_taken":0,"max_hp_gain":0,"max_hp_loss":0,"event_name":"Living Wall","floor":4,"gold_loss":0,"cards_upgraded":["Perfected Strike"]},{"damage_healed":0,"gold_gain":0,"player_choice":"Leave","damage_taken":0,"max_hp_gain":0,"max_hp_loss":0,"event_name":"FaceTrader","floor":20,"gold_loss":0}],"is_beta":false,"boss_relics":[{"not_picked":["Black Star","Tiny House"],"picked":"Runic Pyramid"}],"items_purged_floors":[],"is_endless":false,"potions_floor_spawned":[3,5,13,14,18],"killed_by":"Centurion and Healer","ascension_level":6}}