{"host":"yganem311pbhnzmn","time":1611124583,"event":{"mods":["AchievementEnabler","BaseMod","BetterRewards","Colored Map","Hubris","Infinite Spire","Minty Spire (QoL Compilation)","Replay The Spire","Shop Mod","StSLib","SuperFastMode"],"gold_per_floor":[125,125,125,147,175,219,219,219,291,291,291,319,369,402,402,523,523,573,624,549,899,899,899,986,986,986,1080,1080,1080,1170,750,750,904,904,987,987,987,1072,1162,1162,1266,1266,1266,1379,1379,1379,1379],"floor_reached":46,"language":"KOR","playtime":1936,"items_purged":["Hallucinations","Pain"],"score":823,"play_id":"45e9c25c-9688-46e1-a4ef-7fa35f546116","local_time":"20210120153623","is_ascension_mode":true,"campfire_choices":[{"floor":7,"key":"REST"},{"data":"Blur","floor":11,"key":"SMITH"},{"floor":15,"key":"REST"},{"data":"infinitespire:DeathsTouch","floor":23,"key":"SMITH"},{"floor":25,"key":"REST"},{"floor":29,"key":"REST"},{"floor":32,"key":"REST"},{"data":"Backflip","floor":40,"key":"SMITH"},{"data":"Burst","floor":42,"key":"SMITH"}],"circlet_count":0,"master_deck":["Strike_G","Strike_G","Strike_G+1","Strike_G","Defend_G","Defend_G+1","Defend_G","Defend_G+1","Defend_G","Survivor","Neutralize","Acrobatics","Blur+1","Tactician","Flying Knee","Bouncing Flask","Draining Mist+1","Burst+1","Caltrops+1","Dodge and Roll","Parasite","hubris:Envy","infinitespire:DeathsTouch+1","Deflect+1","Sickly","Distraction+1","Noxious Fumes+1","Dodge and Roll","Envenom+1","hubris:Greed","hubris:Greed","Tactician","Poisoned Strike","Outmaneuver","hubris:Wrath","Parasite","Backflip+1","Regret","hubris:Greed","Spreading Infection"],"relics":["Ring of the Snake","Turnip","ClockworkSouvenir","infinitespire:EvilPickle","StrikeDummy","ReplayTheSpireMod:TigerMarble","infinitespire:ShieldingShard","hubris:TinFlute","hubris:ScarierMask","ReplayTheSpireMod:Ring of Exchange","Ring of Greed","Smiling Mask","Old Coin","Question Card","Gremlin Food","Garlic","Centennial Puzzle","MutagenicStrength","Frozen Egg 2","OrangePellets"],"acts_visited":["Exordium","TheCity","TheBeyond"],"potions_floor_usage":[13,13,16,24,33],"damage_taken":[{"damage":0,"enemies":"Jaw Worm","floor":1,"turns":6},{"damage":0,"enemies":"2 Louse","floor":4,"turns":2},{"damage":0,"enemies":"Small Slimes","floor":5,"turns":3},{"damage":17,"enemies":"3 Sentries","floor":6,"turns":10},{"damage":15,"enemies":"Exordium Thugs","floor":12,"turns":6},{"damage":16,"enemies":"Lagavulin","floor":13,"turns":7},{"damage":0,"enemies":"Looter","floor":14,"turns":3},{"damage":17,"enemies":"Slime Boss","floor":16,"turns":12},{"damage":0,"enemies":"3 Byrds","floor":18,"turns":3},{"damage":0,"enemies":"2 Thieves","floor":19,"turns":5},{"damage":71,"enemies":"Gremlin Leader","floor":24,"turns":6},{"damage":0,"enemies":"Slavers","floor":27,"turns":6},{"damage":0,"enemies":"Shelled Parasite and Fungi","floor":30,"turns":5},{"damage":35,"enemies":"hubris:MusketHawk","floor":33,"turns":8},{"damage":2,"enemies":"Orb Walker","floor":35,"turns":5},{"damage":2,"enemies":"3 Darklings","floor":38,"turns":4},{"damage":26,"enemies":"Writhing Mass","floor":39,"turns":7},{"damage":0,"enemies":"Sphere and 2 Shapes","floor":41,"turns":3},{"damage":27,"enemies":"4 Shapes","floor":44,"turns":4},{"damage":25,"enemies":"R_Hoarder","floor":46,"turns":6}],"seed_played":"-531594170603312092","potions_obtained":[{"floor":4,"key":"SteroidPotion"},{"floor":6,"key":"Strength Potion"},{"floor":14,"key":"Flashbang"},{"floor":16,"key":"ColorlessPotion"},{"floor":19,"key":"LiquidBronze"},{"floor":27,"key":"LiquidMemories"},{"floor":35,"key":"Fire Potion"}],"is_trial":false,"path_per_floor":["M","?","?","M","M","E","R","?","T","?","R","M","E","M","R","B",null,"M","M","?","?","AVR","R","E","R","T","E","?","R","M","$","R","B",null,"M","?","?","M","M","R","M","R","T","M","?","E"],"character_chosen":"THE_SILENT","items_purchased":["ClockworkSouvenir","Frozen Egg 2","Noxious Fumes+1","Dodge and Roll"],"campfire_rested":5,"item_purchase_floors":[0,31,31,31],"current_hp_per_floor":[45,45,45,45,45,28,49,54,54,54,54,39,23,23,45,28,75,75,75,75,75,75,75,4,26,26,26,26,48,48,48,70,35,75,73,73,73,71,45,45,45,45,45,18,18,0,0],"gold":1379,"neow_bonus":"","is_daily":false,"chose_seed":false,"campfire_upgraded":4,"win_rate":0.0,"timestamp":1611124583,"path_taken":["M","?","?","M","M","E","R","?","T","?","R","M","E","?","R","BOSS","M","M","?","?","AVR","R","E","R","T","E","?","R","M","$","R","BOSS","M","?","?","M","M","R","M","R","T","?","?","E"],"items_purchased_type":["Relic","Relic","Card","Card"],"build_version":"2020-12-22","purchased_purges":2,"victory":false,"max_hp_per_floor":[70,70,70,70,70,70,70,75,75,75,75,75,75,75,75,75,75,75,75,75,75,75,75,75,75,75,75,75,75,75,75,75,75,75,75,75,75,75,75,75,75,75,75,75,75,75,75],"card_choices":[{"not_picked":["Underhanded Strike","Calculated Gamble"],"picked":"Acrobatics","floor":1},{"not_picked":["Outmaneuver","ReplayTheSpireMod:Exploit Weakness"],"picked":"Noxious Fumes","floor":4},{"not_picked":["Quick Slash","Prepared"],"picked":"Blur","floor":5},{"not_picked":["Concentrate","Deadly Poison"],"picked":"Tactician","floor":6},{"not_picked":["Dagger Spray","Backstab"],"picked":"Flying Knee","floor":12},{"not_picked":["hubris:SlightOfHand","Acrobatics"],"picked":"Bouncing Flask","floor":13},{"not_picked":["Accuracy","Predator"],"picked":"Draining Mist","floor":14},{"not_picked":["Malaise","Storm of Steel"],"picked":"Burst","floor":16},{"not_picked":["Blade Dance","Underhanded Strike"],"picked":"Caltrops+1","floor":18},{"not_picked":["ReplayTheSpireMod:Shiv Toss","hubris:SlightOfHand"],"picked":"Dodge and Roll","floor":19},{"not_picked":["Outmaneuver","Dagger Throw+1","hubris:Counter"],"picked":"Deflect+1","floor":24},{"not_picked":["infinitespire:Neurotoxin","Blade Dance","Leg Sweep+1"],"picked":"Distraction+1","floor":27},{"not_picked":["Prepared","Toxin Wave","Calculated Gamble","Accuracy"],"picked":"SKIP","floor":30},{"not_picked":["ReplayTheSpireMod:Necrosis","Doppelganger","Tools of the Trade+1"],"picked":"Envenom+1","floor":33},{"not_picked":["hubris:SlightOfHand+1","Sucker Punch+1","Slice+1"],"picked":"Tactician","floor":35},{"not_picked":["Survey Options","Secret Technique","Mind Blast"],"picked":"Poisoned Strike","floor":36},{"not_picked":["Prepared","Crippling Poison","Dagger Throw+1"],"picked":"Outmaneuver","floor":38},{"not_picked":["Burst","Outmaneuver+1","ReplayTheSpireMod:The Works+1"],"picked":"Backflip","floor":39},{"not_picked":["Sucker Punch","Doppelganger","Blade Dance","Flechettes"],"picked":"SKIP","floor":41},{"not_picked":["Cloak And Dagger","Sucker Punch","Bane","PiercingWail"],"picked":"SKIP","floor":44}],"player_experience":142167,"relics_obtained":[{"floor":3,"key":"StrikeDummy"},{"floor":6,"key":"ReplayTheSpireMod:TigerMarble"},{"floor":9,"key":"infinitespire:ShieldingShard"},{"floor":13,"key":"hubris:TinFlute"},{"floor":21,"key":"ReplayTheSpireMod:Ring of Exchange"},{"floor":21,"key":"Ring of Greed"},{"floor":21,"key":"Smiling Mask"},{"floor":21,"key":"Old Coin"},{"floor":24,"key":"Gremlin Food"},{"floor":26,"key":"Garlic"},{"floor":27,"key":"Centennial Puzzle"}],"event_choices":[{"damage_healed":0,"gold_gain":0,"player_choice":"Donut","damage_taken":0,"max_hp_gain":5,"max_hp_loss":0,"event_name":"Big Fish","floor":8,"gold_loss":0},{"damage_healed":0,"gold_gain":0,"player_choice":"Fled","damage_taken":0,"max_hp_gain":0,"max_hp_loss":0,"event_name":"Scrap Ooze","floor":10,"gold_loss":0},{"cards_removed":["Replay:Parry"],"damage_healed":0,"gold_gain":0,"player_choice":"Gave Gold","damage_taken":0,"max_hp_gain":0,"max_hp_loss":0,"event_name":"Beggar","floor":20,"gold_loss":75},{"damage_healed":0,"gold_gain":0,"player_choice":"Inject Mutagens","damage_taken":0,"relics_obtained":["MutagenicStrength"],"max_hp_gain":0,"max_hp_loss":0,"event_name":"Drug Dealer","floor":28,"gold_loss":0},{"damage_healed":0,"gold_gain":0,"player_choice":"Memory 1","damage_taken":0,"max_hp_gain":0,"max_hp_loss":0,"event_name":"SensoryStone","floor":36,"gold_loss":0},{"damage_healed":0,"gold_gain":0,"player_choice":"Ignored","damage_taken":0,"max_hp_gain":0,"max_hp_loss":0,"event_name":"SecretPortal","floor":37,"gold_loss":0},{"cards_removed":["Noxious Fumes"],"damage_healed":0,"gold_gain":0,"player_choice":"Removed Power","damage_taken":0,"max_hp_gain":0,"max_hp_loss":0,"event_name":"Falling","floor":45,"gold_loss":0}],"is_beta":false,"boss_relics":[{"not_picked":["Runic Dome","Ring of the Serpent"],"picked":"hubris:ScarierMask"},{"not_picked":["ChewingGum","Busted Crown"],"picked":"OrangePellets"}],"items_purged_floors":[22,31],"is_endless":false,"potions_floor_spawned":[4,6,14,16,19,27,35,39,44],"killed_by":"R_Hoarder","ascension_level":1}}