{"host":"sav7uxregyirlf69","time":1611144427,"event":{"mods":["AchievementEnabler","BaseMod","Colored Map","DeckTracker","Keyboard Shortcuts","Minty Spire (QoL Compilation)","READ ME - Guardian Mod","StSLib","SuperFastMode"],"gold_per_floor":[113,13,31,42,42,42,55,55,55,55,55,72,102,117,117,117,117],"floor_reached":16,"language":"KOR","playtime":263,"items_purged":["Injury"],"score":204,"play_id":"7b4655e0-f789-46c7-9934-dcdf043e72e7","local_time":"20210120210707","is_ascension_mode":true,"campfire_choices":[{"data":"Bash","floor":6,"key":"SMITH"},{"data":"Rage","floor":8,"key":"SMITH"},{"data":"Pommel Strike","floor":10,"key":"SMITH"},{"data":"Battle Trance","floor":15,"key":"SMITH"}],"circlet_count":0,"master_deck":["AscendersBane","Strike_R","Strike_R","Defend_R","Defend_R","Defend_R","Defend_R","Bash+1","Battle Trance+1","Limit Break","Pommel Strike+1","Cleave","Twin Strike","Rage+1","Seeing Red","Iron Wave","Shrug It Off"],"relics":["Burning Blood","Eternal Feather","Sundial"],"acts_visited":["Exordium"],"potions_floor_usage":[13,13,16],"damage_taken":[{"damage":7,"enemies":"2 Louse","floor":1,"turns":4},{"damage":1,"enemies":"Cultist","floor":3,"turns":3},{"damage":12,"enemies":"Jaw Worm","floor":4,"turns":2},{"damage":16,"enemies":"Exordium Wildlife","floor":7,"turns":4},{"damage":11,"enemies":"3 Louse","floor":12,"turns":3},{"damage":21,"enemies":"Gremlin Nob","floor":13,"turns":4},{"damage":18,"enemies":"Gremlin Gang","floor":14,"turns":5},{"damage":47,"enemies":"Hexaghost","floor":16,"turns":11}],"seed_played":"875906681529631581","potions_obtained":[{"floor":4,"key":"FearPotion"},{"floor":12,"key":"Swift Potion"},{"floor":13,"key":"EssenceOfSteel"},{"floor":14,"key":"BlessingOfTheForge"}],"is_trial":false,"path_per_floor":["M","$","M","M","$","R","M","R","T","R","?","M","E","M","R","B"],"character_chosen":"IRONCLAD","items_purchased":["Cleave"],"campfire_rested":0,"item_purchase_floors":[2],"current_hp_per_floor":[67,67,72,66,66,66,56,56,56,65,65,60,45,33,42,0,0],"gold":117,"neow_bonus":"TRANSFORM_TWO_CARDS","is_daily":false,"chose_seed":false,"campfire_upgraded":4,"win_rate":0.0,"timestamp":1611144427,"path_taken":["M","$","M","M","$","R","M","R","T","R","?","M","E","M","R","BOSS"],"items_purchased_type":["Card"],"build_version":"2020-12-22","purchased_purges":1,"victory":false,"max_hp_per_floor":[75,75,75,75,75,75,75,75,75,75,75,75,75,75,75,75,75],"card_choices":[{"not_picked":["Searing Blow","Iron Wave"],"picked":"Pommel Strike","floor":1},{"not_picked":["Thunderclap","Battle Trance"],"picked":"Twin Strike","floor":3},{"not_picked":["Sever Soul","Hemokinesis"],"picked":"Rage","floor":4},{"not_picked":["Pummel","Sentinel"],"picked":"Seeing Red","floor":7},{"not_picked":["Thunderclap","Power Through","Rage"],"picked":"SKIP","floor":12},{"not_picked":["Cleave","Perfected Strike","Clash"],"picked":"SKIP","floor":13},{"not_picked":["Clash","Rage"],"picked":"Shrug It Off","floor":14}],"player_experience":1331649,"relics_obtained":[{"floor":9,"key":"Eternal Feather"},{"floor":13,"key":"Sundial"}],"event_choices":[{"damage_healed":0,"gold_gain":0,"cards_transformed":["Strike_R"],"player_choice":"Transformed","damage_taken":0,"max_hp_gain":0,"max_hp_loss":0,"event_name":"Transmorgrifier","floor":11,"gold_loss":0,"cards_obtained":["Iron Wave"]}],"is_beta":false,"boss_relics":[],"items_purged_floors":[2],"is_endless":false,"potions_floor_spawned":[4,12,13,14],"killed_by":"Hexaghost","ascension_level":20}}