{"host":"few9iyaxiywls251","time":1611175997,"event":{"mods":["BaseMod","Bestiary","Curses Come First","Highlight Path","Minty Spire (QoL Compilation)","Shop Mod","StSLib","The Marked"],"gold_per_floor":[117,117,129,129,31,31,43,43,43,74,4,19,44,62,62,163,163,178,31,41,41,51,63,79,96,96,96,96,122,135,150,150,150,150],"floor_reached":33,"language":"ENG","playtime":3286,"items_purged":["Defend_P"],"score":281,"play_id":"e4c1eaab-5f21-4a03-a956-5b3328f27a99","local_time":"20210120145317","is_ascension_mode":false,"campfire_choices":[{"data":"Eruption","floor":6,"key":"SMITH"},{"data":"Conclude","floor":15,"key":"SMITH"},{"data":"TalkToTheHand","floor":28,"key":"SMITH"},{"floor":32,"key":"REST"}],"circlet_count":0,"master_deck":["Strike_P+1","Strike_P+1","Strike_P","Strike_P","Defend_P","Defend_P","Eruption+1","Vigilance+1","FlyingSleeves","Protect","CutThroughFate","Conclude+1","FollowUp+1","ClearTheMind","FearNoEvil+1","TalkToTheHand+1","LessonLearned","Evaluate+1","Crescendo","Normality","Blasphemy"],"relics":["PureWater","Bag of Marbles","Du-Vu Doll","Kunai","Happy Flower","Cursed Key","Pen Nib","Juzu Bracelet","Akabeko"],"acts_visited":["Exordium","TheCity"],"potions_floor_usage":[10,18,29,33,33],"damage_taken":[{"damage":0,"enemies":"Small Slimes","floor":1,"turns":3},{"damage":0,"enemies":"Cultist","floor":3,"turns":2},{"damage":3,"enemies":"Jaw Worm","floor":7,"turns":3},{"damage":16,"enemies":"Lagavulin","floor":10,"turns":7},{"damage":6,"enemies":"Exordium Thugs","floor":12,"turns":2},{"damage":12,"enemies":"3 Sentries","floor":13,"turns":5},{"damage":0,"enemies":"Looter","floor":14,"turns":1},{"damage":30,"enemies":"The Guardian","floor":16,"turns":6},{"damage":8,"enemies":"Shell Parasite","floor":18,"turns":3},{"damage":0,"enemies":"2 Thieves","floor":20,"turns":4},{"damage":11,"enemies":"Snake Plant","floor":22,"turns":4},{"damage":10,"enemies":"Cultist and Chosen","floor":23,"turns":3},{"damage":0,"enemies":"Snecko","floor":24,"turns":2},{"damage":3,"enemies":"Sentry and Sphere","floor":25,"turns":3},{"damage":37,"enemies":"Slavers","floor":29,"turns":4},{"damage":6,"enemies":"Shelled Parasite and Fungi","floor":30,"turns":3},{"damage":0,"enemies":"Snake Plant","floor":31,"turns":2},{"damage":44,"enemies":"Automaton","floor":33,"turns":6}],"seed_played":"188168044767943788","potions_obtained":[{"floor":1,"key":"GamblersBrew"},{"floor":7,"key":"Fruit Juice"},{"floor":12,"key":"DuplicationPotion"},{"floor":18,"key":"SteroidPotion"},{"floor":20,"key":"DuplicationPotion"},{"floor":25,"key":"StancePotion"}],"is_trial":false,"path_per_floor":["M","?","M","?","$","R","M","?","T","E","$","M","E","M","R","B",null,"M","$","M","?","M","M","M","M","T","?","R","E","M","M","R","B"],"character_chosen":"WATCHER","items_purchased":["CutThroughFate","FollowUp","ClearTheMind","Pen Nib"],"campfire_rested":1,"item_purchase_floors":[5,11,11,19],"current_hp_per_floor":[79,79,79,72,72,72,69,66,66,55,55,49,37,37,37,7,84,76,76,76,76,65,55,55,52,52,52,52,15,9,9,34,0,0],"gold":150,"neow_bonus":"TEN_PERCENT_HP_BONUS","is_daily":false,"chose_seed":false,"campfire_upgraded":3,"win_rate":0.0,"timestamp":1611175997,"path_taken":["M","?","?","?","?","R","M","?","T","E","$","M","E","M","R","BOSS","M","$","M","?","M","M","M","M","T","?","R","E","M","M","R","BOSS"],"items_purchased_type":["Card","Card","Card","Relic"],"build_version":"2020-12-22","purchased_purges":1,"victory":false,"max_hp_per_floor":[79,79,79,79,79,79,79,79,79,84,84,84,84,84,84,84,84,84,84,84,84,84,84,84,84,84,84,84,84,84,84,84,84,84],"card_choices":[{"not_picked":["PathToVictory","CarveReality"],"picked":"FlyingSleeves","floor":1},{"not_picked":["Prostrate","EmptyBody"],"picked":"Protect","floor":3},{"not_picked":["FlyingSleeves","Protect","Halt"],"picked":"SKIP","floor":7},{"not_picked":["FlyingSleeves","Protect","Halt"],"picked":"SKIP","floor":7},{"not_picked":["Protect","DevaForm"],"picked":"Conclude","floor":10},{"not_picked":["FollowUp","FlyingSleeves","JustLucky"],"picked":"SKIP","floor":12},{"not_picked":["Halt","LikeWater"],"picked":"FearNoEvil","floor":13},{"not_picked":["Protect","FlurryOfBlows"],"picked":"TalkToTheHand","floor":14},{"not_picked":["Brilliance","Blasphemy"],"picked":"LessonLearned","floor":16},{"not_picked":["Nirvana+1","Prostrate"],"picked":"Evaluate+1","floor":18},{"not_picked":["CrushJoints","Evaluate","Sanctity"],"picked":"SKIP","floor":20},{"not_picked":["Sanctity","Wallop"],"picked":"Crescendo","floor":22},{"not_picked":["Collect","SashWhip","BattleHymn"],"picked":"SKIP","floor":23},{"not_picked":["Crescendo","EmptyFist+1","SashWhip"],"picked":"SKIP","floor":24},{"not_picked":["ClearTheMind","EmptyBody","PathToVictory"],"picked":"SKIP","floor":25},{"not_picked":["EmptyBody","FlurryOfBlows"],"picked":"Blasphemy","floor":29},{"not_picked":["PathToVictory+1","Protect","CrushJoints"],"picked":"SKIP","floor":30},{"not_picked":["Consecrate","EmptyFist","FearNoEvil"],"picked":"SKIP","floor":31}],"player_experience":135238,"relics_obtained":[{"floor":9,"key":"Du-Vu Doll"},{"floor":10,"key":"Kunai"},{"floor":13,"key":"Happy Flower"},{"floor":26,"key":"Juzu Bracelet"},{"floor":29,"key":"Akabeko"}],"event_choices":[{"damage_healed":0,"gold_gain":0,"player_choice":"Bought 0 Potions","damage_taken":0,"max_hp_gain":0,"max_hp_loss":0,"event_name":"The Woman in Blue","floor":2,"gold_loss":0},{"cards_removed":["Defend_P"],"damage_healed":0,"gold_gain":0,"player_choice":"Card Removal","damage_taken":7,"max_hp_gain":0,"max_hp_loss":0,"event_name":"Golden Wing","floor":4,"gold_loss":0},{"damage_healed":0,"gold_gain":0,"player_choice":"Success","damage_taken":3,"relics_obtained":["Bag of Marbles"],"max_hp_gain":0,"max_hp_loss":0,"event_name":"Scrap Ooze","floor":8,"gold_loss":0},{"damage_healed":0,"gold_gain":0,"player_choice":"Ignored","damage_taken":0,"max_hp_gain":0,"max_hp_loss":0,"event_name":"Ghosts","floor":27,"gold_loss":0}],"is_beta":false,"boss_relics":[{"not_picked":["Velvet Choker","Snecko Eye"],"picked":"Cursed Key"}],"items_purged_floors":[5],"is_endless":false,"potions_floor_spawned":[1,7,12,18,20,25],"killed_by":"Automaton","ascension_level":0}}