{"host":"1q02rw1wpi0nrsss","time":1611183644,"event":{"mods":["AchievementEnabler","BaseMod","Better Note","Custom Start","Dark Map","DeckTracker","Disable Question Mark Monsters","Minty Spire (QoL Compilation)","Permanent Neow","Quick Restart","Rare Cards Sparkle","Relic Stats","StSLib"],"gold_per_floor":[109,123,135,135,145,145,180,180,180,180,192,40,73,73,73,73,73],"floor_reached":16,"language":"ENG","playtime":519,"items_purged":[],"score":176,"play_id":"6064819b-b540-438b-a9d2-f55267127110","local_time":"20210120150044","is_ascension_mode":true,"campfire_choices":[{"floor":6,"key":"REST"},{"data":"Bludgeon","floor":8,"key":"SMITH"},{"floor":10,"key":"REST"},{"floor":15,"key":"REST"}],"circlet_count":0,"master_deck":["AscendersBane","Strike_R","Strike_R","Strike_R","Strike_R","Defend_R","Defend_R","Defend_R","Defend_R","Bash","Bludgeon+1","Thunderclap","Intimidate","Dropkick","Pain"],"relics":["Burning Blood","Paper Frog","Bottled Lightning","PrismaticShard","The Courier","WarpedTongs"],"acts_visited":["Exordium"],"potions_floor_usage":[5,13],"damage_taken":[{"damage":1,"enemies":"Cultist","floor":1,"turns":3},{"damage":6,"enemies":"2 Louse","floor":2,"turns":3},{"damage":7,"enemies":"Jaw Worm","floor":3,"turns":3},{"damage":45,"enemies":"Exordium Thugs","floor":5,"turns":5},{"damage":40,"enemies":"Lagavulin","floor":7,"turns":5},{"damage":4,"enemies":"Large Slime","floor":11,"turns":7},{"damage":17,"enemies":"3 Sentries","floor":13,"turns":5},{"damage":59,"enemies":"Slime Boss","floor":16,"turns":11}],"seed_played":"-3052391138890469841","potions_obtained":[{"floor":3,"key":"LiquidBronze"},{"floor":11,"key":"PowerPotion"}],"is_trial":false,"path_per_floor":["M","M","M","?","M","R","E","R","T","R","M","$","E","?","R","B"],"character_chosen":"IRONCLAD","items_purchased":["PrismaticShard"],"campfire_rested":3,"item_purchase_floors":[12],"current_hp_per_floor":[77,77,76,69,30,54,20,20,20,44,46,46,35,35,59,0,0],"gold":73,"neow_bonus":"ONE_RANDOM_RARE_CARD","is_daily":false,"chose_seed":false,"campfire_upgraded":1,"win_rate":0.0,"timestamp":1611183644,"path_taken":["M","?","M","?","M","R","E","R","T","R","M","$","E","?","R","BOSS"],"items_purchased_type":["Relic"],"build_version":"2020-12-22","purchased_purges":0,"victory":false,"max_hp_per_floor":[80,80,80,80,80,80,80,80,80,80,80,80,80,80,80,80,80],"relic_stats":{"counters":[8,42],"obtain_stats":[{"The Courier":13,"Bottled Lightning":9,"PrismaticShard":12,"Burning Blood":0,"Paper Frog":7,"WarpedTongs":14},{"The Courier":7,"Bottled Lightning":5,"PrismaticShard":6,"Burning Blood":0,"Paper Frog":5,"WarpedTongs":7},{"The Courier":31,"Bottled Lightning":19,"PrismaticShard":26,"Burning Blood":0,"Paper Frog":19,"WarpedTongs":31}],"Burning Blood":42,"WarpedTongs":[10]},"card_choices":[{"not_picked":["Pommel Strike","Havoc","Heavy Blade"],"picked":"SKIP","floor":1},{"not_picked":["Heavy Blade","Pommel Strike"],"picked":"Thunderclap","floor":2},{"not_picked":["Thunderclap","Clash","Sentinel"],"picked":"SKIP","floor":3},{"not_picked":["Sentinel","Flex","Fire Breathing"],"picked":"SKIP","floor":5},{"not_picked":["Headbutt","Blood for Blood"],"picked":"Intimidate","floor":7},{"not_picked":["Pommel Strike","Anger"],"picked":"Dropkick","floor":11},{"not_picked":["Armaments","Vengeance","FlyingSleeves"],"picked":"SKIP","floor":13}],"player_experience":422394,"relics_obtained":[{"floor":7,"key":"Paper Frog"},{"floor":9,"key":"Bottled Lightning"},{"floor":13,"key":"The Courier"}],"event_choices":[{"cards_removed":["Strike_R"],"damage_healed":0,"gold_gain":0,"player_choice":"Card Removal","damage_taken":7,"max_hp_gain":0,"max_hp_loss":0,"event_name":"Golden Wing","floor":4,"gold_loss":0},{"damage_healed":0,"gold_gain":0,"player_choice":"Rummage","damage_taken":0,"relics_obtained":["WarpedTongs"],"max_hp_gain":0,"max_hp_loss":0,"event_name":"Accursed Blacksmith","floor":14,"gold_loss":0,"cards_obtained":["Pain"]}],"is_beta":false,"boss_relics":[],"items_purged_floors":[],"is_endless":false,"potions_floor_spawned":[3,11],"killed_by":"Slime Boss","ascension_level":12}}