{"host":"00f1p9ihhzi7hxfk","time":1611173539,"event":{"mods":["BaseMod","Colored Map","Colored Powertips","Minty Spire (QoL Compilation)","Rare Cards Sparkle","Relic Stats"],"gold_per_floor":[111,127,146,221,232,232,232,232,232,232,246,10,10,26,26,122,122,136,61,61,71,170,170,70,70,95,127,127,127,21,40,40,145,195,214,214,228,228,25,25,42,55,55,55,55,68,78,89,89,89],"floor_reached":51,"language":"DEU","playtime":3613,"items_purged":["Strike_R","Strike_R","Strike_R+1"],"score":682,"play_id":"f14be3ab-9f1a-4d66-9fca-fb29dd497a60","local_time":"20210120211219","is_ascension_mode":false,"campfire_choices":[{"floor":6.0,"key":"REST"},{"floor":8.0,"key":"REST"},{"data":"Searing Blow","floor":13,"key":"SMITH"},{"data":"Searing Blow+1","floor":15,"key":"SMITH"},{"data":"Searing Blow+2","floor":23,"key":"SMITH"},{"data":"Searing Blow+3","floor":25,"key":"SMITH"},{"data":"Searing Blow+4","floor":29,"key":"SMITH"},{"floor":32,"key":"REST"},{"data":"Searing Blow+6","floor":40,"key":"SMITH"},{"data":"Searing Blow+7","floor":45,"key":"SMITH"},{"data":"Searing Blow+8","floor":49,"key":"SMITH"}],"circlet_count":0,"master_deck":["Strike_R+1","Defend_R+1","Defend_R+1","Defend_R+1","Defend_R+1","Bash+1","Armaments+1","Searing Blow+9","Armaments+1","Anger+1","Shockwave+1","Purity+1","Shrug It Off+1","Feed+1","Armaments+1","Armaments+1","Seeing Red+1","Sentinel+1","Disarm+1"],"relics":["Burning Blood","NeowsBlessing","Question Card","ClockworkSouvenir","Snecko Eye","Oddly Smooth Stone","Pen Nib","Tiny House","Mark of the Bloom","Champion Belt"],"acts_visited":["Exordium","TheCity","TheBeyond"],"potions_floor_usage":[14,18,27,31,33,37,37,47,50,50],"damage_taken":[{"damage":0.0,"enemies":"2 Louse","floor":1.0,"turns":1.0},{"damage":0.0,"enemies":"Small Slimes","floor":2.0,"turns":1.0},{"damage":0.0,"enemies":"Jaw Worm","floor":3.0,"turns":1.0},{"damage":8.0,"enemies":"Red Slaver","floor":5.0,"turns":8.0},{"damage":1.0,"enemies":"2 Fungi Beasts","floor":11.0,"turns":3.0},{"damage":10,"enemies":"Exordium Wildlife","floor":14,"turns":5},{"damage":52,"enemies":"Slime Boss","floor":16,"turns":13},{"damage":13,"enemies":"3 Byrds","floor":18,"turns":7},{"damage":0,"enemies":"Chosen","floor":21,"turns":5},{"damage":35,"enemies":"Book of Stabbing","floor":27,"turns":7},{"damage":0,"enemies":"Snake Plant","floor":31,"turns":4},{"damage":37,"enemies":"Champ","floor":33,"turns":7},{"damage":0,"enemies":"3 Shapes","floor":35,"turns":5},{"damage":29,"enemies":"3 Darklings","floor":37,"turns":11},{"damage":0,"enemies":"Maw","floor":41,"turns":6},{"damage":12,"enemies":"Jaw Worm Horde","floor":42,"turns":6},{"damage":0,"enemies":"Sphere and 2 Shapes","floor":46,"turns":5},{"damage":0,"enemies":"Spire Growth","floor":47,"turns":4},{"damage":16,"enemies":"Jaw Worm Horde","floor":48,"turns":7},{"damage":28,"enemies":"Donu and Deca","floor":50,"turns":9}],"seed_played":"2340983249283186075","potions_obtained":[{"floor":2.0,"key":"Dexterity Potion"},{"floor":5.0,"key":"Ancient Potion"},{"floor":11.0,"key":"PowerPotion"},{"floor":16,"key":"Explosive Potion"},{"floor":31,"key":"EssenceOfSteel"},{"floor":34,"key":"CultistPotion"},{"floor":35,"key":"Energy Potion"},{"floor":42,"key":"SkillPotion"},{"floor":48,"key":"SpeedPotion"}],"is_trial":false,"path_per_floor":["M","M","M","?","M","R","?","R","T","?","M","$","R","M","R","B",null,"M","$","?","M","?","R","$","R","T","E","?","R","$","M","R","B",null,"M","?","M","?","$","R","M","M","T","$","R","M","M","M","R","B",null],"character_chosen":"IRONCLAD","items_purchased":["Purity","ClockworkSouvenir","Energy Potion","Armaments","ElixirPotion"],"campfire_rested":3,"item_purchase_floors":[12,12,30,30,39],"current_hp_per_floor":[80,80,80,69,67,80,64,80,80,80,80,80,80,76,76,30,80,77,77,61,67,67,67,67,67,67,38,22,22,22,28,54,23,94,97,97,74,74,74,74,74,62,62,62,62,62,62,46,46,18],"gold":89,"neow_bonus":"THREE_ENEMY_KILL","is_daily":false,"chose_seed":false,"campfire_upgraded":8,"win_rate":0.0,"timestamp":1611173539,"path_taken":["M","M","M","?","M","R","?","R","T","?","M","$","R","M","R","BOSS","M","$","?","M","?","R","?","R","T","E","?","R","?","M","R","BOSS","M","?","?","?","$","R","M","M","T","$","R","M","M","M","R","BOSS"],"items_purchased_type":["Card","Relic","Potion","Card","Potion"],"build_version":"2020-12-22","purchased_purges":3,"victory":true,"max_hp_per_floor":[80,80,80,80,80,80,80,80,80,80,80,80,80,80,80,80,80,84,84,89,89,89,89,89,89,89,89,89,89,89,89,89,89,94,97,97,97,97,97,97,97,97,97,97,97,97,97,97,97,97],"relic_stats":{"Mark of the Bloom":36,"counters":[20,115],"Snecko Eye":[142,147,145,145],"Pen Nib":[8],"Champion Belt":[10],"Question Card":16,"obtain_stats":[{"Mark of the Bloom":38,"Tiny House":34,"NeowsBlessing":0,"Snecko Eye":17,"Oddly Smooth Stone":26,"Pen Nib":27,"Champion Belt":43,"Question Card":9,"Burning Blood":0,"ClockworkSouvenir":12},{"Mark of the Bloom":14,"Tiny House":12,"NeowsBlessing":0,"Snecko Eye":7,"Oddly Smooth Stone":9,"Pen Nib":10,"Champion Belt":16,"Question Card":4,"Burning Blood":0,"ClockworkSouvenir":5},{"Mark of the Bloom":78,"Tiny House":62,"NeowsBlessing":0,"Snecko Eye":32,"Oddly Smooth Stone":44,"Pen Nib":51,"Champion Belt":90,"Question Card":11,"Burning Blood":0,"ClockworkSouvenir":14}],"Burning Blood":55},"card_choices":[{"not_picked":["Seeing Red","Thunderclap"],"picked":"Armaments","floor":1.0},{"not_picked":["Headbutt","Iron Wave"],"picked":"Searing Blow","floor":2.0},{"not_picked":["Headbutt","Warcry"],"picked":"Armaments","floor":3.0},{"not_picked":["Evolve","Dropkick"],"picked":"Anger","floor":5.0},{"not_picked":["Double Tap","Twin Strike","Flex"],"picked":"Shockwave","floor":11.0},{"not_picked":["Pommel Strike","Havoc","Heavy Blade"],"picked":"Shrug It Off","floor":14},{"not_picked":["Juggernaut","Bludgeon","Offering"],"picked":"Feed","floor":16},{"not_picked":["Fire Breathing","Wild Strike+1","Twin Strike+1"],"picked":"Armaments","floor":18},{"not_picked":["Flex+1","True Grit","Spot Weakness","Clothesline"],"picked":"SKIP","floor":21},{"not_picked":["Warcry","Bloodletting","Perfected Strike+1","Shrug It Off+1"],"picked":"SKIP","floor":27},{"not_picked":["Hemokinesis","Shrug It Off","Thunderclap"],"picked":"Seeing Red+1","floor":31},{"not_picked":["Clash+1","Pummel+1","Sword Boomerang"],"picked":"Sentinel+1","floor":34},{"not_picked":["Havoc+1","Hemokinesis+1","Body Slam+1","True Grit+1"],"picked":"SKIP","floor":35},{"not_picked":["Second Wind","Power Through+1","Warcry+1"],"picked":"Disarm","floor":37},{"not_picked":["Fire Breathing","Reaper","Warcry","Sentinel"],"picked":"SKIP","floor":41},{"not_picked":["Pommel Strike","Headbutt","Cleave","Intimidate+1"],"picked":"SKIP","floor":42},{"not_picked":["Rampage+1","Burning Pact","Second Wind+1","Bloodletting+1"],"picked":"SKIP","floor":46},{"not_picked":["Reckless Charge+1","Rampage","Perfected Strike","Wild Strike+1"],"picked":"SKIP","floor":47},{"not_picked":["Warcry","Rampage","Wild Strike+1","Evolve+1"],"picked":"SKIP","floor":48}],"player_experience":66199,"relics_obtained":[{"floor":9.0,"key":"Question Card"},{"floor":26,"key":"Oddly Smooth Stone"},{"floor":27,"key":"Pen Nib"},{"floor":43,"key":"Champion Belt"}],"event_choices":[{"damage_healed":0.0,"max_hp_gain":0.0,"max_hp_loss":0.0,"gold_gain":75.0,"event_name":"World of Goop","player_choice":"Gather Gold","floor":4.0,"gold_loss":0.0,"damage_taken":11.0},{"damage_healed":0.0,"max_hp_gain":0.0,"max_hp_loss":0.0,"gold_gain":0.0,"event_name":"Shining Light","player_choice":"Entered Light","floor":7.0,"gold_loss":0.0,"damage_taken":16.0,"cards_upgraded":["Strike_R","Defend_R"]},{"cards_removed":["Strike_R"],"damage_healed":0.0,"max_hp_gain":0.0,"max_hp_loss":0.0,"gold_gain":0.0,"event_name":"Wheel of Change","player_choice":"Card Removal","floor":10.0,"gold_loss":0.0,"damage_taken":0.0},{"damage_healed":0,"gold_gain":0,"player_choice":"Shed Blood","damage_taken":21,"max_hp_gain":5,"max_hp_loss":0,"event_name":"Forgotten Altar","floor":20,"gold_loss":0},{"damage_healed":0,"gold_gain":99,"player_choice":"Stole From Cult","damage_taken":0,"max_hp_gain":0,"max_hp_loss":0,"event_name":"Nest","floor":22,"gold_loss":0},{"damage_healed":0,"gold_gain":0,"player_choice":"Obtained Book","damage_taken":16,"max_hp_gain":0,"max_hp_loss":0,"event_name":"Cursed Tome","floor":28,"gold_loss":0},{"damage_healed":0,"gold_gain":0,"player_choice":"Bought 0 Potions","damage_taken":0,"max_hp_gain":0,"max_hp_loss":0,"event_name":"The Woman in Blue","floor":36,"gold_loss":0},{"damage_healed":0,"gold_gain":0,"player_choice":"Upgrade","damage_taken":0,"relics_obtained":["Mark of the Bloom"],"max_hp_gain":0,"max_hp_loss":0,"event_name":"MindBloom","floor":38,"gold_loss":0,"cards_upgraded":["Strike_R","Defend_R","Defend_R","Bash","Armaments","Searing Blow","Armaments","Anger","Shockwave","Purity","Shrug It Off","Feed","Armaments","Armaments","Disarm"]}],"is_beta":false,"boss_relics":[{"not_picked":["Cursed Key","Velvet Choker"],"picked":"Snecko Eye"},{"not_picked":["Busted Crown","Mark of Pain"],"picked":"Tiny House"}],"items_purged_floors":[19,24,39],"is_endless":false,"potions_floor_spawned":[2,5,11,16,31,35,42,48],"ascension_level":0}}