{"host":"bf9sa99gaumonoeu","time":1611147983,"event":{"mods":["AchievementEnabler","Act Like it!","Aspiration","BaseMod","Bestiary","Better Note","Block Reminder","Colored Map","Colored Powertips","Fox Events","Friendly Minions","Gensokyo","GifTheSpireLib","Googly Eyes","Hallownest","Hermit","Highlight Path","Jorbs\u0027s Wanderer Trilogy","KinomotoSakuraMod(????)","Koishi","Marisa????????","Minty Spire (QoL Compilation)","Rare Cards Sparkle","Reimu??????","Relic Stats","Spire Arcade","StS++","StSLib","The Administrix","The Animator","The Bug Knight","The Construct","The Cursed","The Hierophant","The Mystic","The Necromancer","The Poker Player","The Runesmith","The Senshi","The Servant 0.9.4","ojb\u0027s Info Mod"],"gold_per_floor":[115,126,138,148,168,168,179,179,250,269,279,309,309,343,343,343,343],"floor_reached":16,"language":"ENG","playtime":1148,"items_purged":[],"score":232,"play_id":"29105d8d-c536-4a70-a9f8-b89d86518f2b","local_time":"20210120110623","is_ascension_mode":true,"campfire_choices":[{"data":"Burst","floor":6,"key":"SMITH"},{"floor":15,"key":"REST"}],"circlet_count":0,"master_deck":["AscendersBane","Strike_G","Strike_G","Strike_G","Strike_G","Strike_G","Defend_G","Defend_G","Defend_G","Defend_G","Defend_G","Survivor","Neutralize","Purity","Dash","Riddle With Holes","Deadly Poison","Burst+1","All Out Attack","StSpp:PoisonousPunch","Bane","Prepared","All Out Attack","Tools of the Trade"],"relics":["Ring of the Snake","Centennial Puzzle","Bottled Flame","Bottled Lightning","foxEvents:ScarlettsFace","Question Card"],"acts_visited":["Exordium"],"potions_floor_usage":[5,11,12,14],"damage_taken":[{"damage":0,"enemies":"Cultist","floor":1,"turns":4},{"damage":1,"enemies":"Small Slimes","floor":2,"turns":3},{"damage":0,"enemies":"2 Louse","floor":3,"turns":2},{"damage":9,"enemies":"Red Slaver","floor":4,"turns":5},{"damage":2,"enemies":"Large Slime","floor":5,"turns":6},{"damage":1,"enemies":"Looter","floor":7,"turns":3},{"damage":8,"enemies":"Exordium Thugs","floor":10,"turns":4},{"damage":2,"enemies":"3 Louse","floor":11,"turns":3},{"damage":15,"enemies":"3 Sentries","floor":12,"turns":6},{"damage":11,"enemies":"Gremlin Nob","floor":14,"turns":3},{"damage":25,"enemies":"The Guardian","floor":16,"turns":6}],"seed_played":"1788578367254422100","potions_obtained":[{"floor":4,"key":"GamblersBrew"},{"floor":5,"key":"Fire Potion"},{"floor":10,"key":"SpeedPotion"},{"floor":12,"key":"SkillPotion"}],"is_trial":false,"path_per_floor":["M","M","M","M","M","R","M","?","T","M","M","E","?","E","R","B"],"character_chosen":"THE_SILENT","items_purchased":[],"campfire_rested":1,"item_purchase_floors":[],"current_hp_per_floor":[59,58,58,49,47,47,46,41,41,33,31,16,16,5,24,0,0],"gold":343,"neow_bonus":"RANDOM_COLORLESS","is_daily":false,"chose_seed":false,"campfire_upgraded":1,"win_rate":0.0,"timestamp":1611147983,"path_taken":["M","M","M","M","M","R","M","?","T","M","M","E","?","E","R","BOSS"],"items_purchased_type":[],"build_version":"2020-12-22","purchased_purges":0,"victory":false,"max_hp_per_floor":[66,66,66,66,66,66,66,66,66,66,66,66,66,66,66,66,66],"relic_stats":{"Centennial Puzzle":[15],"counters":[11,45],"Question Card":0,"obtain_stats":[{"Centennial Puzzle":8,"Bottled Flame":9,"Bottled Lightning":12,"foxEvents:ScarlettsFace":13,"Question Card":14,"Ring of the Snake":0},{"Centennial Puzzle":6,"Bottled Flame":6,"Bottled Lightning":9,"foxEvents:ScarlettsFace":9,"Question Card":10,"Ring of the Snake":0},{"Centennial Puzzle":23,"Bottled Flame":23,"Bottled Lightning":36,"foxEvents:ScarlettsFace":36,"Question Card":39,"Ring of the Snake":0}],"Ring of the Snake":[22]},"card_choices":[{"not_picked":["Good Instincts","Panacea"],"picked":"Purity","floor":0},{"not_picked":["Choke","Cloak And Dagger"],"picked":"Dash","floor":1},{"not_picked":["StSpp:Dive","Caltrops"],"picked":"Riddle With Holes","floor":2},{"not_picked":["Dagger Throw","Poisoned Stab"],"picked":"Deadly Poison","floor":3},{"not_picked":["Predator","Dagger Spray"],"picked":"Burst","floor":4},{"not_picked":["Quick Slash","Blade Dance"],"picked":"All Out Attack","floor":5},{"not_picked":["Cloak And Dagger","Poisoned Stab"],"picked":"StSpp:PoisonousPunch","floor":7},{"not_picked":["StSpp:Lure","Storm of Steel"],"picked":"Bane","floor":10},{"not_picked":["StSpp:Throw","Quick Slash"],"picked":"Prepared","floor":11},{"not_picked":["Predator","Dodge and Roll"],"picked":"All Out Attack","floor":12},{"not_picked":["Slice","Expertise"],"picked":"Tools of the Trade","floor":14}],"player_experience":1030064,"relics_obtained":[{"floor":9,"key":"Bottled Flame"},{"floor":12,"key":"Bottled Lightning"},{"floor":14,"key":"Question Card"}],"event_choices":[{"damage_healed":0,"gold_gain":0,"player_choice":"Success","damage_taken":5,"relics_obtained":["Centennial Puzzle"],"max_hp_gain":0,"max_hp_loss":0,"event_name":"Scrap Ooze","floor":8,"gold_loss":0},{"damage_healed":0,"gold_gain":0,"player_choice":"Trade","damage_taken":0,"relics_obtained":["foxEvents:ScarlettsFace"],"max_hp_gain":0,"max_hp_loss":0,"event_name":"FaceTrader","floor":13,"gold_loss":0}],"is_beta":false,"boss_relics":[],"items_purged_floors":[],"is_endless":false,"potions_floor_spawned":[4,5,10,12],"killed_by":"The Guardian","ascension_level":20}}