{"host":"5dk97cf2ubw2v967","time":1611121212,"event":{"mods":["AlwaysNeverKeys","BaseMod","Better Altar","Better Vampires","Block Reminder","Colored Powertips","Downfall","Googly Eyes","Highlight Path","Minty Spire (QoL Compilation)","Permanent Neow","Potion Indicator Mod","Quick Restart","Relic Filter","Relic Stats","Say the Spire","Spicy Shops","StSLib","Waifu the Spire","everything is the same but u backflip on backflip"],"gold_per_floor":[99,111,111,124,139,170,197,27,47,47,65,515,547,647,661,758,758,658,671,671,135,135,135,135,148,173,73,98,98,63,113,131,233,233,133,133,144,47,62,89,89,121,121,146,146,146,146,176,192,192,192,218,13,13,13,13,13,13],"floor_reached":56,"language":"ENG","playtime":4180,"items_purged":["downfall:Icky","downfall:Icky","Guardian:Strike_Guardian","Normality"],"score":1348,"play_id":"c5c7855c-afa4-4cb7-937d-a2ffb02dc4c8","local_time":"20210120054012","is_ascension_mode":true,"campfire_choices":[{"data":"1","floor":1,"key":"LIFT"},{"data":"2","floor":18,"key":"LIFT"},{"floor":27,"key":"RECALL"},{"data":"3","floor":29,"key":"LIFT"},{"data":"Guardian:BaubleBeam","floor":35,"key":"SMITH"},{"data":"Guardian:BaubleBeam","floor":43,"key":"SMITH"},{"data":"Guardian:PiercingHide","floor":45,"key":"SMITH"},{"data":"Guardian:SphericShield","floor":47,"key":"SMITH"},{"data":"expansioncontent:DashGenerateEvil","floor":54,"key":"SMITH"}],"circlet_count":0,"master_deck":["Guardian:Defend_Guardian","Guardian:Defend_Guardian","Guardian:CurlUp","Guardian:TwinSlam","CurseOfTheBell","Guardian:Emergency+1","Guardian:DonusPower","Guardian:GemFire","Guardian:Reroute","Guardian:PiercingHide+1","Guardian:Reroute","Guardian:SphericShield+1","Guardian:BronzeArmor+1","Guardian:Clone","Guardian:ChargeCore","Guardian:SphericShield","Guardian:BronzeOrb","Guardian:BaubleBeam+1","Guardian:Clone+1","Guardian:BaubleBeam+1","Guardian:Repulse","Guardian:DecasProtection","Guardian:WalkerClaw","Guardian:Clone","Guardian:PiercingHide+1","Guardian:DecasProtection","Guardian:Orbwalk","Guardian:AncientConstruct","Guardian:ShieldCharger","expansioncontent:DashGenerateEvil+1"],"relics":["Calling Bell","Art of War","Letter Opener","Girya","Meat on the Bone","Lantern","PreservedInsect","Mercury Hourglass","bronze:MakeshiftBattery","downfall:HeartBlessingGreen","DollysMirror","Incense Burner","Bloody Idol","Bag of Preparation","downfall:HeartBlessingBlue","Prayer Wheel","Membership Card","Ginger","Pantograph","Bronze Scales","Cursed Key","downfall:HeartBlessingRed","Dream Catcher","Sundial","Happy Flower","Smiling Mask","White Beast Statue","Centennial Puzzle"],"acts_visited":["Exordium","TheCity","TheBeyond","TheEnding"],"potions_floor_usage":[13,14,16,16,13025,25,28,40,50,50,56,56],"damage_taken":[{"damage":9,"enemies":"Small Slimes","floor":2,"turns":5},{"damage":1,"enemies":"Cultist","floor":4,"turns":3},{"damage":14,"enemies":"2 Louse","floor":5,"turns":2},{"damage":23,"enemies":"Lagavulin","floor":6,"turns":7},{"damage":5,"enemies":"downfall:FleeingMerchant","floor":8,"turns":4},{"damage":1,"enemies":"2 Fungi Beasts","floor":9,"turns":2},{"damage":0,"enemies":"3 Louse","floor":11,"turns":2},{"damage":0,"enemies":"Gremlin Nob","floor":13,"turns":2},{"damage":2,"enemies":"downfall:Heads","floor":14,"turns":3},{"damage":0,"enemies":"Blue Slaver","floor":15,"turns":2},{"damage":24,"enemies":"SI_SHIV_ARCHETYPE","floor":16,"turns":8},{"damage":0,"enemies":"Chosen","floor":19,"turns":2},{"damage":0,"enemies":"downfall:FleeingMerchant","floor":21,"turns":4},{"damage":18,"enemies":"Snake Plant","floor":25,"turns":2},{"damage":6,"enemies":"Slavers","floor":26,"turns":3},{"damage":0,"enemies":"Book of Stabbing","floor":28,"turns":2},{"damage":14,"enemies":"downfall:FleeingMerchant","floor":30,"turns":3},{"damage":0,"enemies":"Centurion and Healer","floor":32,"turns":1},{"damage":33,"enemies":"WA_ARCHETYPE_CALM","floor":33,"turns":9},{"damage":0,"enemies":"3 Shapes","floor":37,"turns":2},{"damage":0,"enemies":"3 Darklings","floor":39,"turns":5},{"damage":0,"enemies":"Nemesis","floor":40,"turns":3},{"damage":16,"enemies":"Reptomancer","floor":42,"turns":3},{"damage":0,"enemies":"Nemesis","floor":44,"turns":3},{"damage":7,"enemies":"Giant Head","floor":48,"turns":5},{"damage":0,"enemies":"4 Shapes","floor":49,"turns":2},{"damage":12,"enemies":"DF_ARCHETYPE_ORBS","floor":50,"turns":6},{"damage":0,"enemies":"downfall:CharBossMerchant","floor":52,"turns":6},{"damage":0,"enemies":"downfall:NeowBoss","floor":55,"turns":11},{"damage":130,"enemies":"downfall:NeowBossFinal","floor":56,"turns":8}],"seed_played":"-8086213870420039934","potions_obtained":[{"floor":6,"key":"Block Potion"},{"floor":9,"key":"FearPotion"},{"floor":14,"key":"LiquidMemories"},{"floor":15,"key":"SkillPotion"},{"floor":16,"key":"Ancient Potion"},{"floor":26,"key":"SteroidPotion"},{"floor":28,"key":"Fire Potion"},{"floor":33,"key":"ColorlessPotion"},{"floor":40,"key":"bronze:BurnAndBuffPotion"},{"floor":44,"key":"PowerPotion"},{"floor":52,"key":"Guardian:BlockOnCardUsePotion"}],"is_trial":false,"path_per_floor":["R","M","?","M","M","E","T","$","M","?","M","?","E","?","M","B",null,"R","M","?","$","?","?","T","M","E","R","E","R","$","T","M","B",null,"R","?","M","$","M","E","T","E","R","E","R","?","R","E","M","B",null,"E","$","R","B","B"],"character_chosen":"GUARDIAN","items_purchased":["PreservedInsect","DollysMirror","Incense Burner","Membership Card","Ginger","Pantograph","Guardian:DecasProtection","expansioncontent:DashGenerateEvil","Regen Potion"],"campfire_rested":0,"item_purchase_floors":[8,21,21,30,30,30,38,53,53],"current_hp_per_floor":[72,63,63,62,48,25,25,32,43,43,43,43,43,41,41,29,67,67,67,67,67,8,8,8,24,35,45,62,62,53,58,63,60,83,83,83,88,88,90,90,90,79,79,84,84,76,76,74,79,78,87,90,90,90,90,0,0,0],"gold":13,"neow_bonus":"BOSS_RELIC","is_daily":false,"chose_seed":false,"campfire_upgraded":5,"win_rate":0.0,"timestamp":1611121212,"path_taken":["R","M","?","M","?","E","T","$","M","?","M","?","E","?","M","BOSS","R","M","?","$","?","?","T","M","E","R","E","R","$","?","M","BOSS","R","?","?","$","M","E","T","E","R","E","R","?","R","E","M","BOSS","E","$","R","BOSS","BOSS"],"items_purchased_type":["Relic","Relic","Relic","Relic","Relic","Relic","Card","Card","Potion"],"build_version":"2020-12-22","purchased_purges":4,"victory":false,"max_hp_per_floor":[80,80,80,80,80,80,80,80,80,80,80,80,80,80,80,80,80,80,80,80,80,80,80,80,80,80,90,90,90,90,90,90,90,90,90,90,90,90,90,90,90,90,90,90,90,90,90,90,90,90,90,90,90,90,90,90,90,90],"relic_stats":{"Happy Flower":[13],"counters":[30,120],"PreservedInsect":582,"Bag of Preparation":[30],"Letter Opener":[240],"Ginger":[18],"Cursed Key":1,"Smiling Mask":25,"Mercury Hourglass":[239],"Dream Catcher":0,"Centennial Puzzle":[3],"Sundial":[4],"Bloody Idol":65,"Pantograph":36,"Bronze Scales":[143],"Prayer Wheel":4,"Art of War":[10],"obtain_stats":[{"Lantern":7,"downfall:HeartBlessingGreen":18,"Incense Burner":21,"Bag of Preparation":26,"Ginger":30,"Cursed Key":34,"Smiling Mask":44,"Dream Catcher":40,"Centennial Puzzle":52,"DollysMirror":21,"downfall:HeartBlessingBlue":27,"Sundial":41,"Pantograph":30,"Prayer Wheel":28,"Girya":0,"downfall:HeartBlessingRed":35,"Happy Flower":42,"Guardian:ModeShifter":0,"PreservedInsect":8,"Letter Opener":0,"White Beast Statue":48,"Mercury Hourglass":13,"Calling Bell":0,"Bloody Idol":22,"Bronze Scales":31,"Art of War":0,"Membership Card":30,"bronze:MakeshiftBattery":17,"Meat on the Bone":6},{"Lantern":4,"downfall:HeartBlessingGreen":11,"Incense Burner":13,"Bag of Preparation":15,"Ginger":17,"Cursed Key":19,"Smiling Mask":24,"Dream Catcher":22,"Centennial Puzzle":28,"DollysMirror":13,"downfall:HeartBlessingBlue":15,"Sundial":22,"Pantograph":17,"Prayer Wheel":16,"Girya":0,"downfall:HeartBlessingRed":19,"Happy Flower":23,"Guardian:ModeShifter":0,"PreservedInsect":5,"Letter Opener":0,"White Beast Statue":25,"Mercury Hourglass":8,"Calling Bell":0,"Bloody Idol":13,"Bronze Scales":17,"Art of War":0,"Membership Card":17,"bronze:MakeshiftBattery":11,"Meat on the Bone":4},{"Lantern":17,"downfall:HeartBlessingGreen":40,"Incense Burner":46,"Bag of Preparation":51,"Ginger":56,"Cursed Key":66,"Smiling Mask":82,"Dream Catcher":76,"Centennial Puzzle":101,"DollysMirror":46,"downfall:HeartBlessingBlue":51,"Sundial":76,"Pantograph":56,"Prayer Wheel":53,"Girya":0,"downfall:HeartBlessingRed":66,"Happy Flower":79,"Guardian:ModeShifter":0,"PreservedInsect":21,"Letter Opener":0,"White Beast Statue":87,"Mercury Hourglass":27,"Calling Bell":0,"Bloody Idol":46,"Bronze Scales":56,"Art of War":0,"Membership Card":56,"bronze:MakeshiftBattery":40,"Meat on the Bone":17}],"Meat on the Bone":72},"card_choices":[{"not_picked":["Guardian:PiercingHide","Guardian:CrystalBeam"],"picked":"Guardian:Gem_White","floor":2},{"not_picked":["Guardian:VentSteam","Guardian:GuardianWhirl"],"picked":"Guardian:Reroute","floor":4},{"not_picked":["Guardian:Harden","Guardian:TemporalStrike"],"picked":"Guardian:PiercingHide","floor":5},{"not_picked":["Guardian:Suspension","Guardian:ShieldCharger"],"picked":"Guardian:Gem_Fragmented","floor":6},{"not_picked":["Guardian:BodySlam","Guardian:PrimingBeam"],"picked":"Guardian:Reroute","floor":8},{"not_picked":["Guardian:Reroute","Guardian:RollAttack"],"picked":"Guardian:SphericShield","floor":9},{"not_picked":["Guardian:FuturePlans","Guardian:Gem_Lightblue"],"picked":"Guardian:BronzeArmor","floor":11},{"not_picked":["Guardian:PrimingBeam","Guardian:Gem_Lightblue"],"picked":"Guardian:Clone","floor":13},{"not_picked":["Guardian:Gem_Red","Guardian:CrystalBeam"],"picked":"Guardian:ChargeCore","floor":14},{"not_picked":["Guardian:EvasiveProtocol","Guardian:Gem_Green"],"picked":"Guardian:BronzeOrb","floor":15},{"not_picked":["Guardian:RevengeProtocol","Guardian:AncientConstruct"],"picked":"Guardian:BaubleBeam","floor":16},{"not_picked":["Guardian:VentSteam","Guardian:TimeBomb+1"],"picked":"Guardian:Clone+1","floor":19},{"not_picked":["Guardian:ChargeCore","Guardian:TimeBomb+1"],"picked":"Guardian:Gem_Lightblue","floor":21},{"not_picked":["Guardian:Gem_Red","Guardian:ShieldCharger"],"picked":"Guardian:Repulse","floor":25},{"not_picked":["Guardian:Gem_Yellow","Guardian:Orbwalk"],"picked":"Guardian:Gem_Cyan","floor":26},{"not_picked":["Guardian:ShieldSpikes","Guardian:CrystalBeam+1"],"picked":"Guardian:DecasProtection","floor":28},{"not_picked":["Guardian:ConstructionForm","Guardian:CrystalBeam"],"picked":"Guardian:WalkerClaw","floor":30},{"not_picked":["Guardian:Planning+1","Guardian:PiercingHide"],"picked":"Guardian:Clone","floor":32},{"not_picked":["Guardian:BodySlam","Guardian:Reroute","Guardian:TemporalStrike+1"],"picked":"SKIP","floor":32},{"not_picked":["Guardian:ConstructionForm","Guardian:FastForward"],"picked":"Guardian:Gem_Orange","floor":33},{"not_picked":["Guardian:ShieldSpikes","Guardian:Suspension+1"],"picked":"Guardian:PiercingHide+1","floor":37},{"not_picked":["Guardian:TemporalStrike","Guardian:Gem_Green","Guardian:RollAttack"],"picked":"SKIP","floor":37},{"not_picked":["Guardian:BodySlam+1","Guardian:TemporalStrike+1"],"picked":"Guardian:Orbwalk","floor":39},{"not_picked":["Guardian:Preprogram","Guardian:RollAttack","Guardian:Recover+1"],"picked":"SKIP","floor":39},{"not_picked":["Guardian:Gem_Blue","Guardian:MultiBeam+1","Guardian:EvasiveProtocol"],"picked":"SKIP","floor":40},{"not_picked":["Guardian:TimeCapacitor+1","Guardian:FastForward","Guardian:Recover"],"picked":"SKIP","floor":42},{"not_picked":["Guardian:CrystalBeam+1","Guardian:RefractedBeam+1"],"picked":"Guardian:AncientConstruct","floor":44},{"not_picked":["Guardian:VentSteam+1","Guardian:Recover+1","Guardian:Gem_Green"],"picked":"SKIP","floor":48},{"not_picked":["Guardian:Gem_Blue","Guardian:PrimingBeam+1","Guardian:CrystalBeam+1"],"picked":"SKIP","floor":49},{"not_picked":["Guardian:CrystalBeam","Guardian:PiercingHide","Guardian:Gem_Blue"],"picked":"SKIP","floor":49},{"not_picked":["Guardian:FierceBash","Guardian:ArmoredProtocol"],"picked":"Guardian:ShieldCharger","floor":52}],"player_experience":1229585,"relics_obtained":[{"floor":0.0,"key":"Art of War"},{"floor":0.0,"key":"Letter Opener"},{"floor":0.0,"key":"Girya"},{"floor":6,"key":"Meat on the Bone"},{"floor":7,"key":"Lantern"},{"floor":13,"key":"Mercury Hourglass"},{"floor":26,"key":"Bag of Preparation"},{"floor":28,"key":"Prayer Wheel"},{"floor":31,"key":"Bronze Scales"},{"floor":40,"key":"Dream Catcher"},{"floor":41,"key":"Sundial"},{"floor":42,"key":"Happy Flower"},{"floor":44,"key":"Smiling Mask"},{"floor":48,"key":"White Beast Statue"},{"floor":52,"key":"Centennial Puzzle"}],"event_choices":[{"cards_removed":["downfall:Aged"],"damage_healed":0,"gold_gain":0,"player_choice":"Card Removal","damage_taken":0,"max_hp_gain":0,"max_hp_loss":0,"event_name":"The Cleric","floor":10,"gold_loss":0},{"damage_healed":0,"gold_gain":0,"player_choice":" Potion Idol ","damage_taken":59,"relics_obtained":["Bloody Idol"],"max_hp_gain":67,"max_hp_loss":8,"event_name":"betterAltar:BetterAltar","floor":22,"potions_obtained":["betterAltar:AltarPotion"],"relics_lost":[],"gold_loss":0}],"is_beta":false,"boss_relics":[{"not_picked":["Astrolabe","Ectoplasm"],"picked":"bronze:MakeshiftBattery"},{"not_picked":["Snecko Eye","Sozu"],"picked":"Cursed Key"}],"items_purged_floors":[21,30,38,53],"is_endless":false,"potions_floor_spawned":[6,9,14,15,16,26,28,33,37,40,44,49,52],"killed_by":"downfall:NeowBossFinal","ascension_level":8}}