{"host":"0mk07bycsqo1qk03","time":1611158496,"event":{"mods":["BaseMod","Downfall","Hermit","Hubris","Minty Spire (QoL Compilation)","StSLib","The Cursed"],"gold_per_floor":[99,110,110,130,130,130,130,130,146,146,165,180,200,234,250,355,355,255,273,273,273,284,284,309,209,220,250,276,294,294,40,52,156,156,156,175,189,32,50,82,175,206,52,66,66,66,85,129,150,150],"floor_reached":51,"language":"ENG","playtime":3261,"items_purged":["hexamod:Defend","hubris:Compulsion"],"score":898,"play_id":"4c7883ac-e3cc-42cd-9a74-2cc81ecef832","local_time":"20210120170136","is_ascension_mode":true,"campfire_choices":[{"data":"hexamod:Sear","floor":1.0,"key":"SMITH"},{"data":"hexamod:InspiringFlames","floor":8.0,"key":"SMITH"},{"data":"hexamod:FlamesFromBeyond","floor":18,"key":"SMITH"},{"floor":23,"key":"RECALL"},{"data":"hexamod:RecurringNightmare","floor":25,"key":"SMITH"},{"data":"hexamod:VolcanoVisage","floor":30,"key":"SMITH"},{"data":"hexamod:GhostflameBarrier","floor":35,"key":"SMITH"},{"data":"expansioncontent:StudyTheSpire","floor":46,"key":"SMITH"}],"circlet_count":0,"master_deck":["hexamod:Strike","hexamod:Defend","hexamod:Sear+1","hexamod:Float","hexamod:NightmareGuise","hexamod:InspiringFlames+1","hexamod:HeatMetal","hexamod:GhostflameBarrier+1","hexamod:FlamesFromBeyond+1","hexamod:HeatShield","hexamod:ChargedBarrage+1","hexamod:VolcanoVisage+1","hexamod:RainOfEmbers+1","hexamod:Incineration","hexamod:NightmareStrike+1","hexamod:RecurringNightmare+1","hexamod:FastForward","hexamod:Hexaguard","hexamod:Hexaguard","hexamod:GhostShield+1","hexamod:SpectersWail","hexamod:SkipABeat+1","Panacea+1","hexamod:PowerFromBeyond+1","hexamod:UnlimitedPower+1","hexamod:NightmareGuise+1","hexamod:RetreatToShadows+1","hexamod:Incineration","hexamod:HeatCrush","hexamod:Hexaguard+1","hexamod:SpectralSpark+1","expansioncontent:StudyTheSpire+1","hexamod:TurnItUp+1","hexamod:HexaLevel","hexamod:EtherealExpedition+1","hexamod:ThermalTransfer+1"],"relics":["hexamod:SpiritBrand","hubris:MysteriousPyramids","Sundial","Mango","hubris:TerracottaHorce","downfall:HeartBlessingGreen","Smiling Mask","downfall:HeartBlessingRed","Toxic Egg 2","hexamod:TheBrokenSeal","Chemical X","Cursed Key","MawBank","Membership Card","Potion Belt","CeramicFish"],"acts_visited":["Exordium","TheCity","TheBeyond"],"potions_floor_usage":[14,15,16,16,22,26,33,44,44,50],"damage_taken":[{"damage":0.0,"enemies":"2 Louse","floor":2.0,"turns":3.0},{"damage":1.0,"enemies":"Cultist","floor":4.0,"turns":4.0},{"damage":0.0,"enemies":"Small Slimes","floor":9.0,"turns":4.0},{"damage":0.0,"enemies":"2 Fungi Beasts","floor":11.0,"turns":4.0},{"damage":5.0,"enemies":"Exordium Wildlife","floor":12.0,"turns":5.0},{"damage":3.0,"enemies":"Gremlin Gang","floor":13.0,"turns":3.0},{"damage":12,"enemies":"3 Sentries","floor":14,"turns":13},{"damage":0,"enemies":"Blue Slaver","floor":15,"turns":3},{"damage":32,"enemies":"DF_ARCHETYPE_STREAMLINE","floor":16,"turns":11},{"damage":3,"enemies":"Shell Parasite","floor":19,"turns":6},{"damage":0,"enemies":"3 Byrds","floor":22,"turns":3},{"damage":8,"enemies":"Snake Plant","floor":26,"turns":3},{"damage":46,"enemies":"Gremlin Leader","floor":27,"turns":6},{"damage":3,"enemies":"Snecko","floor":28,"turns":5},{"damage":0,"enemies":"Chosen and Byrds","floor":29,"turns":2},{"damage":0,"enemies":"downfall:FleeingMerchant","floor":31,"turns":4},{"damage":0,"enemies":"Snake Plant","floor":32,"turns":3},{"damage":15,"enemies":"SI_MIRROR_ARCHETYPE","floor":33,"turns":5},{"damage":12,"enemies":"3 Darklings","floor":36,"turns":4},{"damage":0,"enemies":"3 Shapes","floor":37,"turns":4},{"damage":0,"enemies":"downfall:FleeingMerchant","floor":38,"turns":4},{"damage":30,"enemies":"Transient","floor":39,"turns":5},{"damage":0,"enemies":"Nemesis","floor":40,"turns":5},{"damage":3,"enemies":"Writhing Mass","floor":42,"turns":3},{"damage":0,"enemies":"downfall:FleeingMerchant","floor":43,"turns":2},{"damage":3,"enemies":"3 Darklings","floor":44,"turns":4},{"damage":3,"enemies":"Jaw Worm Horde","floor":47,"turns":3},{"damage":0,"enemies":"Giant Head","floor":48,"turns":6},{"damage":25,"enemies":"Writhing Mass","floor":49,"turns":4},{"damage":25,"enemies":"WA_ARCHETYPE_DIVINITY","floor":50,"turns":9}],"seed_played":"-8760440960920060165","potions_obtained":[{"floor":2.0,"key":"LiquidBronze"},{"floor":4.0,"key":"DistilledChaos"},{"floor":4.0,"key":"Explosive Potion"},{"floor":9.0,"key":"EssenceOfSteel"},{"floor":11.0,"key":"CultistPotion"},{"floor":13.0,"key":"SteroidPotion"},{"floor":14,"key":"Strength Potion"},{"floor":15,"key":"FairyPotion"},{"floor":19,"key":"SteroidPotion"},{"floor":19,"key":"Fire Potion"},{"floor":22,"key":"champ:CounterPotion"},{"floor":26,"key":"FearPotion"},{"floor":28,"key":"LiquidMemories"},{"floor":28,"key":"AttackPotion"},{"floor":47,"key":"BlessingOfTheForge"},{"floor":48,"key":"sneckomod:MuddlingPotion"}],"is_trial":false,"path_per_floor":["R","M","?","M","?","?","T","R","M","?","M","M","M","E","M","B",null,"R","M","?","?","M","R","T","R","M","E","M","M","R","$","M","B",null,"R","M","M","$","M","E","T","M","$","M","?","R","M","E","M","B",null],"character_chosen":"THE_SPIRIT","items_purchased":["Chemical X","Panacea+1","hexamod:Incineration","Block Potion","Membership Card","expansioncontent:StudyTheSpire","Potion Belt","hexamod:TurnItUp+1","hexamod:SoulburnPotion","Fire Potion"],"campfire_rested":0,"item_purchase_floors":[31,31,38,38,43,43,43,43,43,43],"current_hp_per_floor":[70,70,70,69,69,66,66,66,66,66,66,61,58,60,60,28,70,70,67,67,59,59,59,59,59,51,5,94,94,94,94,94,79,90,90,78,78,78,48,48,48,45,45,42,42,42,39,39,14,19],"gold":150,"neow_bonus":"THREE_CARDS","is_daily":false,"chose_seed":false,"campfire_upgraded":7,"win_rate":0.0,"timestamp":1611158496,"path_taken":["R","M","?","?","?","?","T","R","M","?","M","?","?","E","M","BOSS","R","M","?","?","?","R","T","R","M","E","M","M","R","$","M","BOSS","R","M","M","$","M","E","T","M","$","M","?","R","M","E","M","BOSS"],"items_purchased_type":["Relic","Card","Card","Potion","Relic","Card","Relic","Card","Potion","Potion"],"build_version":"2020-12-22","purchased_purges":2,"victory":true,"max_hp_per_floor":[70,70,70,70,70,70,70,70,70,70,70,70,70,84,84,84,84,84,84,84,84,84,84,84,84,84,84,94,94,94,94,94,94,94,94,94,94,94,94,94,94,94,94,94,94,94,94,94,94,94],"card_choices":[{"not_picked":["hexamod:GhostShield","hexamod:Incineration"],"picked":"hexamod:FourthSeal","floor":0.0},{"not_picked":["hexamod:CatchUp","hexamod:NightmareStrike"],"picked":"hexamod:NightmareGuise","floor":2.0},{"not_picked":["hexamod:SwordOfDarkness","hexamod:PhantomFireball"],"picked":"hexamod:InspiringFlames","floor":4.0},{"not_picked":["hexamod:ThermalTransfer","hexamod:CatchUp"],"picked":"hexamod:HeatMetal","floor":9.0},{"not_picked":["hexamod:BacktrackSmack","hexamod:GiftsFromTheDead"],"picked":"hexamod:GhostflameBarrier","floor":11.0},{"not_picked":["hexamod:HauntingEcho","hexamod:HeatMetal"],"picked":"hexamod:FlamesFromBeyond","floor":12.0},{"not_picked":["hexamod:CatchUp","hexamod:BacktrackSmack"],"picked":"hexamod:HeatShield","floor":13.0},{"not_picked":["hexamod:RecurringNightmare","hexamod:RadiantFlame"],"picked":"hexamod:ChargedBarrage","floor":14},{"not_picked":["hexamod:RainOfEmbers","hexamod:PhantomFireball"],"picked":"hexamod:ThirdSeal","floor":15},{"not_picked":["hexamod:TimeOfNeed","hexamod:Toasty"],"picked":"hexamod:SixthSeal","floor":16},{"not_picked":["hexamod:WildfireWeapon","hexamod:GiftsFromTheDead"],"picked":"hexamod:VolcanoVisage","floor":16},{"not_picked":["hexamod:NightmareStrike+1","hexamod:ShieldOfDarkness+1"],"picked":"hexamod:RainOfEmbers","floor":19},{"not_picked":["hexamod:InspiringFlames","hexamod:HeatMetal"],"picked":"hexamod:Incineration","floor":19},{"not_picked":["hexamod:AdvancingGuard","hexamod:SkipABeat+1"],"picked":"hexamod:FifthSeal","floor":22},{"not_picked":["hexamod:AdvancingGuard","hexamod:CatchUp+1"],"picked":"hexamod:FastForward","floor":26},{"not_picked":["hexamod:SecondSeal","hexamod:SixthSeal"],"picked":"hexamod:FirstSeal","floor":26},{"not_picked":["hexamod:SpectralAdrenaline","hexamod:FirstSeal"],"picked":"hexamod:Hexaguard","floor":26},{"not_picked":["hexamod:FourthSeal","hexamod:FirstSeal"],"picked":"hexamod:SecondSeal","floor":27},{"not_picked":["hexamod:GiftsFromTheDead","hexamod:Incineration"],"picked":"hexamod:Hexaguard","floor":27},{"not_picked":["hexamod:Again+1","hexamod:FirstSeal"],"picked":"hexamod:GhostShield+1","floor":27},{"not_picked":["hexamod:CatchUp+1","hexamod:Haunt+1"],"picked":"hexamod:SpectersWail","floor":28},{"not_picked":["hexamod:AdvancingGuard+1","hexamod:NightmareGuise+1"],"picked":"hexamod:SkipABeat+1","floor":29},{"not_picked":["hexamod:AdvancingGuard+1","hexamod:GhostflameBarrier+1","hexamod:SwordOfDarkness"],"picked":"SKIP","floor":31},{"not_picked":["hexamod:Haunt+1","hexamod:FastForward+1"],"picked":"hexamod:PowerFromBeyond+1","floor":32},{"not_picked":["hexamod:UnleashSpirits","hexamod:ApocalypticArmor"],"picked":"hexamod:UnlimitedPower+1","floor":33},{"not_picked":["hexamod:SkipABeat+1","hexamod:FastForward+1"],"picked":"hexamod:NightmareGuise+1","floor":36},{"not_picked":["hexamod:SpectralAdrenaline+1","hexamod:NightmareGuise+1"],"picked":"hexamod:RetreatToShadows+1","floor":37},{"not_picked":["hexamod:RadiantFlame","hexamod:SpectralAdrenaline+1","hexamod:ShieldOfDarkness+1"],"picked":"SKIP","floor":38},{"not_picked":["hexamod:Hexaguard+1","hexamod:SpectersWail+1"],"picked":"hexamod:HeatCrush","floor":39},{"not_picked":["hexamod:FourthSeal","hexamod:RecurringNightmare+1"],"picked":"hexamod:Hexaguard+1","floor":40},{"not_picked":["hexamod:PowerFromBeyond+1","hexamod:EmpoweredFlame+1"],"picked":"hexamod:SpectralSpark+1","floor":42},{"not_picked":["hexamod:ShieldOfDarkness+1","hexamod:SoulSteal+1","hexamod:InspiringFlames+1"],"picked":"SKIP","floor":43},{"not_picked":["hexamod:SuperheatedStrike+1","hexamod:ShieldOfDarkness+1","hexamod:SpectralSpark+1"],"picked":"SKIP","floor":44},{"not_picked":["hexamod:BurningTouch+1","hexamod:SwordOfDarkness"],"picked":"hexamod:HexaLevel","floor":47},{"not_picked":["hexamod:GhostShield+1","hexamod:HauntingEcho"],"picked":"hexamod:EtherealExpedition+1","floor":48},{"not_picked":["hexamod:NightmareStrike+1","hexamod:ThirdSeal"],"picked":"hexamod:ThermalTransfer+1","floor":49}],"player_experience":926929,"relics_obtained":[{"floor":7.0,"key":"Sundial"},{"floor":14,"key":"Mango"},{"floor":24,"key":"Smiling Mask"},{"floor":27,"key":"Toxic Egg 2"},{"floor":40,"key":"MawBank"},{"floor":48,"key":"CeramicFish"}],"event_choices":[{"damage_healed":0.0,"max_hp_gain":0.0,"max_hp_loss":0.0,"gold_gain":0.0,"event_name":"Scrap Ooze","player_choice":"Success","floor":6.0,"gold_loss":0.0,"damage_taken":3.0,"relics_obtained":["hubris:MysteriousPyramids"]},{"damage_healed":0,"gold_gain":0,"cards_transformed":["hexamod:Strike","hexamod:Strike"],"player_choice":"Became Test Subject","damage_taken":0,"max_hp_gain":0,"max_hp_loss":0,"event_name":"Drug Dealer","floor":20,"gold_loss":0,"cards_obtained":["hexamod:NightmareStrike","hexamod:RecurringNightmare"]}],"is_beta":false,"boss_relics":[{"not_picked":["hubris:VirtuousBlindfold","hexamod:UnbrokenSoul"],"picked":"hubris:TerracottaHorce"},{"not_picked":["Coffee Dripper","Runic Pyramid"],"picked":"Cursed Key"}],"items_purged_floors":[38,43],"is_endless":false,"potions_floor_spawned":[4,9,11,13,19,22,28,29,39,40,47,48],"ascension_level":1}}