{"host":"k2mw1od0xoi9pcfj","time":1611182567,"event":{"mods":["Act Like it!","Aspiration","BaseMod","Downfall","Energized Spire","Highlight Path","Minty Spire (QoL Compilation)","Relic Stats","Retaliation","StSLib","TheHeartMod"],"gold_per_floor":[109,124,142,159,159,159,189,189,269,288,319,319,350,350,350,350,350],"floor_reached":16,"language":"ENG","playtime":927,"items_purged":[],"score":126,"play_id":"2fab2f1c-d9cc-4333-bbbc-25a4d23c6a6e","local_time":"20210120164247","is_ascension_mode":true,"campfire_choices":[{"data":"Zap","floor":6,"key":"SMITH"},{"data":"Zap","floor":8,"key":"SMITH"},{"data":"Redo","floor":12,"key":"SMITH"},{"floor":15,"key":"RECALL"}],"circlet_count":0,"master_deck":["Strike_B","Strike_B","Strike_B","Strike_B","Defend_B","Defend_B","Defend_B","Defend_B","Zap+1","Dualcast","Chaos","Gash","aspiration:Polymerization","Go for the Eyes","Stack","Zap+1","Go for the Eyes","Redo+1","Electrodynamics"],"relics":["aspiration:FutureDiary","Akabeko","Strawberry","Darkstone Periapt"],"acts_visited":["Exordium"],"potions_floor_usage":[10,13,16,16],"damage_taken":[{"damage":1,"enemies":"Cultist","floor":1,"turns":3},{"damage":5,"enemies":"Small Slimes","floor":2,"turns":3},{"damage":0,"enemies":"2 Louse","floor":3,"turns":3},{"damage":5,"enemies":"Large Slime","floor":4,"turns":6},{"damage":11,"enemies":"Lagavulin","floor":7,"turns":6},{"damage":2,"enemies":"3 Louse","floor":10,"turns":4},{"damage":39,"enemies":"Gremlin Nob","floor":11,"turns":5},{"damage":16,"enemies":"Lagavulin","floor":13,"turns":6},{"damage":23,"enemies":"Hexaghost","floor":16,"turns":8}],"seed_played":"-5927572437766268745","potions_obtained":[{"floor":1,"key":"DDmod:CleansePotion"},{"floor":2,"key":"Regen Potion"},{"floor":4,"key":"LiquidMemories"},{"floor":11,"key":"GamblersBrew"},{"floor":14,"key":"Energy Potion"},{"floor":14,"key":"Swift Potion"}],"is_trial":false,"path_per_floor":["M","M","M","M","?","R","E","R","T","M","E","R","E","?","R","B"],"character_chosen":"DEFECT","items_purchased":[],"campfire_rested":0,"item_purchase_floors":[],"current_hp_per_floor":[74,69,69,64,64,64,53,53,53,51,19,19,18,18,18,0,0],"gold":350,"neow_bonus":"BOSS_RELIC","is_daily":false,"chose_seed":false,"campfire_upgraded":3,"win_rate":0.0,"timestamp":1611182567,"path_taken":["M","?","M","M","?","R","E","R","T","?","E","R","E","?","R","BOSS"],"items_purchased_type":[],"build_version":"2020-12-22","purchased_purges":0,"victory":false,"max_hp_per_floor":[75,75,75,75,75,75,75,75,75,75,82,82,82,82,82,82,82],"relic_stats":{"Darkstone Periapt":0,"counters":[9,44],"obtain_stats":[{"Darkstone Periapt":13,"Strawberry":11,"aspiration:FutureDiary":0,"Cracked Core":0,"Akabeko":7},{"Darkstone Periapt":8,"Strawberry":7,"aspiration:FutureDiary":0,"Cracked Core":0,"Akabeko":5},{"Darkstone Periapt":36,"Strawberry":30,"aspiration:FutureDiary":0,"Cracked Core":0,"Akabeko":21}]},"card_choices":[{"not_picked":["Sweeping Beam","Barrage"],"picked":"Chaos","floor":1},{"not_picked":["Sweeping Beam","Cold Snap"],"picked":"Gash","floor":2},{"not_picked":["Glacier","Steam"],"picked":"aspiration:Polymerization","floor":3},{"not_picked":["Genetic Algorithm","Hello World"],"picked":"Go for the Eyes","floor":4},{"not_picked":["Static Discharge","Ball Lightning","Compile Driver"],"picked":"SKIP","floor":7},{"not_picked":["Beam Cell","Heatsinks"],"picked":"Go for the Eyes","floor":10},{"not_picked":["Barrage","Coolheaded"],"picked":"Redo","floor":11},{"not_picked":["Buffer","Hologram"],"picked":"Electrodynamics","floor":13}],"player_experience":656483,"relics_obtained":[{"floor":7,"key":"Akabeko"},{"floor":11,"key":"Strawberry"},{"floor":13,"key":"Darkstone Periapt"}],"event_choices":[{"damage_healed":0,"gold_gain":0,"player_choice":"2 cards matched","damage_taken":0,"max_hp_gain":0,"max_hp_loss":0,"event_name":"Match and Keep!","floor":5,"gold_loss":0,"cards_obtained":["Stack","Zap"]},{"damage_healed":0,"gold_gain":0,"player_choice":"Got Potions","damage_taken":0,"max_hp_gain":0,"max_hp_loss":0,"event_name":"Lab","floor":14,"gold_loss":0}],"is_beta":false,"boss_relics":[],"items_purged_floors":[],"is_endless":false,"potions_floor_spawned":[1,2,4,11],"killed_by":"Hexaghost","ascension_level":1}}