{"host":"soyfmymeou4emntr","time":1611119006,"event":{"mods":["BaseMod","BetterRewards","Minty Spire (QoL Compilation)","Relic Sorter","Relic Stats","StSLib"],"gold_per_floor":[115,128,278,356,20,20,54,54,54,82,82,96,38,67,67,145,145,161,161,161,180,194,194,23,35,81,93,14,48,60,60,60,131,131,144,144,144,11,25,25,58,58,129,0,15,35,51,64,64,64,64,64],"floor_reached":51,"language":"ENG","playtime":3946,"items_purged":["Doubt"],"score":1555,"play_id":"586cdc94-ff0a-485a-8122-99cdcb34fd19","local_time":"20210119220326","is_ascension_mode":true,"campfire_choices":[{"data":"ReachHeaven","floor":6.0,"key":"SMITH"},{"data":"CutThroughFate","floor":8.0,"key":"SMITH"},{"data":"CutThroughFate","floor":11.0,"key":"SMITH"},{"data":"Consecrate","floor":15.0,"key":"SMITH"},{"floor":23.0,"key":"REST"},{"data":"Tantrum","floor":32.0,"key":"SMITH"},{"data":"TalkToTheHand","floor":40,"key":"SMITH"},{"data":"Blasphemy","floor":42,"key":"SMITH"},{"data":"BattleHymn","floor":49,"key":"SMITH"}],"circlet_count":0,"master_deck":["AscendersBane","Defend_P","Defend_P","Defend_P","Defend_P","Eruption","Vigilance","WheelKick","ReachHeaven+1","CutThroughFate+1","CutThroughFate+1","ClearTheMind","Consecrate+1","ConjureBlade","Bite","Bite","Bite","Bite","Bite","Necronomicurse","EmptyFist","EmptyBody","Tantrum+1","FlurryOfBlows","Blasphemy+1","Panacea","TalkToTheHand+1","Protect","SashWhip","ForeignInfluence+1","BattleHymn+1","FearNoEvil"],"relics":["Busted Crown","Akabeko","Pear","TeardropLocket","MealTicket","Orichalcum","VioletLotus","Necronomicon","Happy Flower","Blood Vial","Bag of Preparation","Coffee Dripper","Meat on the Bone","Letter Opener","Red Mask"],"acts_visited":["Exordium","TheCity","TheBeyond"],"potions_floor_usage":[41,50,50],"damage_taken":[{"damage":12.0,"enemies":"Small Slimes","floor":1.0,"turns":2.0},{"damage":4.0,"enemies":"Jaw Worm","floor":2.0,"turns":3.0},{"damage":10.0,"enemies":"Lagavulin","floor":7.0,"turns":3.0},{"damage":0.0,"enemies":"3 Sentries","floor":10.0,"turns":3.0},{"damage":0.0,"enemies":"2 Louse","floor":12.0,"turns":1.0},{"damage":15.0,"enemies":"Lagavulin","floor":14.0,"turns":3.0},{"damage":0.0,"enemies":"Slime Boss","floor":16.0,"turns":3.0},{"damage":0.0,"enemies":"Spheric Guardian","floor":18.0,"turns":2.0},{"damage":25.0,"enemies":"Shell Parasite","floor":21.0,"turns":4.0},{"damage":31.0,"enemies":"Shelled Parasite and Fungi","floor":22.0,"turns":4.0},{"damage":2.0,"enemies":"Snecko","floor":25.0,"turns":3.0},{"damage":8.0,"enemies":"Centurion and Healer","floor":27.0,"turns":4.0},{"damage":13.0,"enemies":"Slavers","floor":29.0,"turns":3.0},{"damage":0.0,"enemies":"Snake Plant","floor":30.0,"turns":2.0},{"damage":59.0,"enemies":"Collector","floor":33.0,"turns":6.0},{"damage":32.0,"enemies":"3 Shapes","floor":35.0,"turns":4.0},{"damage":15.0,"enemies":"Orb Walker","floor":39.0,"turns":2.0},{"damage":0,"enemies":"Giant Head","floor":41,"turns":4},{"damage":6,"enemies":"Jaw Worm Horde","floor":45,"turns":3},{"damage":4,"enemies":"Writhing Mass","floor":46,"turns":5},{"damage":0,"enemies":"Sphere and 2 Shapes","floor":47,"turns":3},{"damage":0,"enemies":"4 Shapes","floor":48,"turns":1},{"damage":51,"enemies":"Awakened One","floor":50,"turns":8},{"damage":30,"enemies":"Time Eater","floor":51,"turns":3}],"seed_played":"5267454671570652311","potions_obtained":[{"floor":1.0,"key":"EntropicBrew"},{"floor":7.0,"key":"FairyPotion"},{"floor":25.0,"key":"SteroidPotion"},{"floor":29.0,"key":"Swift Potion"},{"floor":31.0,"key":"Regen Potion"},{"floor":33.0,"key":"Explosive Potion"},{"floor":35.0,"key":"EssenceOfSteel"},{"floor":39,"key":"DistilledChaos"},{"floor":47,"key":"Weak Potion"}],"is_trial":false,"path_per_floor":["M","M","?","?","$","R","E","R","T","E","R","M","$","E","R","B",null,"M","?","?","M","M","R","$","M","T","M","$","E","M","?","R","B",null,"M","?","?","$","M","R","E","R","T","?","M","M","M","M","R","B","B"],"character_chosen":"WATCHER","items_purchased":["Akabeko","ReachHeaven","Consecrate","Happy Flower","Tantrum","TalkToTheHand","Protect"],"campfire_rested":1,"item_purchase_floors":[5,5,13,24,28,38,38],"current_hp_per_floor":[49,45,45,45,45,45,45,45,45,45,45,45,60,45,45,45,70,70,54,33,14,2,18,33,39,39,43,54,44,52,52,52,14,44,18,18,18,33,24,24,36,36,36,36,38,44,50,51,51,24,0,0],"gold":64,"neow_bonus":"BOSS_RELIC","is_daily":false,"chose_seed":false,"campfire_upgraded":8,"win_rate":0.0,"timestamp":1611119006,"path_taken":["M","M","?","?","$","R","E","R","T","E","R","M","$","E","R","BOSS","M","?","?","M","M","R","$","M","T","M","?","E","M","?","R","BOSS","M","?","?","$","M","R","E","R","T","?","M","M","?","M","R","BOSS","BOSS"],"items_purchased_type":["Relic","Card","Card","Relic","Card","Card","Card"],"build_version":"2020-12-22","purchased_purges":1,"victory":false,"max_hp_per_floor":[68,68,68,68,68,68,78,78,78,78,78,78,78,78,78,78,78,78,54,54,54,54,54,54,54,54,54,54,54,54,54,54,54,54,54,54,51,51,51,51,51,51,51,51,51,51,51,51,51,51,51,51],"relic_stats":{"Blood Vial":21,"Busted Crown":48,"Happy Flower":[17],"counters":[24,79],"MealTicket":56,"VioletLotus":[24],"Necronomicon":[29],"Bag of Preparation":[22],"Letter Opener":[29],"Orichalcum":[108],"obtain_stats":[{"Pear":7,"Happy Flower":24,"Bag of Preparation":29,"TeardropLocket":9,"Letter Opener":43,"Orichalcum":14,"Akabeko":5,"Blood Vial":26,"Busted Crown":0,"MealTicket":10,"VioletLotus":17,"Necronomicon":20,"Coffee Dripper":34,"Red Mask":44,"PureWater":0,"Meat on the Bone":41},{"Pear":3,"Happy Flower":10,"Bag of Preparation":13,"TeardropLocket":3,"Letter Opener":18,"Orichalcum":6,"Akabeko":2,"Blood Vial":11,"Busted Crown":0,"MealTicket":4,"VioletLotus":7,"Necronomicon":8,"Coffee Dripper":15,"Red Mask":18,"PureWater":0,"Meat on the Bone":18},{"Pear":8,"Happy Flower":28,"Bag of Preparation":38,"TeardropLocket":8,"Letter Opener":56,"Orichalcum":15,"Akabeko":5,"Blood Vial":31,"Busted Crown":0,"MealTicket":11,"VioletLotus":18,"Necronomicon":20,"Coffee Dripper":46,"Red Mask":56,"PureWater":0,"Meat on the Bone":56}],"Meat on the Bone":12},"card_choices":[{"not_picked":[],"picked":"WheelKick","floor":1.0},{"not_picked":["Pray"],"picked":"SKIP","floor":2.0},{"not_picked":[],"picked":"CutThroughFate","floor":7.0},{"not_picked":[],"picked":"CutThroughFate","floor":10.0},{"not_picked":[],"picked":"ClearTheMind","floor":12.0},{"not_picked":["FlyingSleeves"],"picked":"SKIP","floor":14.0},{"not_picked":[],"picked":"ConjureBlade","floor":16.0},{"not_picked":["Prostrate"],"picked":"SKIP","floor":18.0},{"not_picked":[],"picked":"EmptyFist","floor":21.0},{"not_picked":["Study+1"],"picked":"SKIP","floor":22.0},{"not_picked":["Vengeance"],"picked":"SKIP","floor":25.0},{"not_picked":[],"picked":"EmptyBody","floor":27.0},{"not_picked":[],"picked":"FlurryOfBlows","floor":29.0},{"not_picked":["FollowUp"],"picked":"SKIP","floor":30.0},{"not_picked":[],"picked":"Blasphemy","floor":33.0},{"not_picked":["Prostrate+1"],"picked":"SKIP","floor":35.0},{"not_picked":[],"picked":"Panacea","floor":36.0},{"not_picked":[],"picked":"SashWhip","floor":39},{"not_picked":[],"picked":"ForeignInfluence+1","floor":41},{"not_picked":["Evaluate"],"picked":"SKIP","floor":45},{"not_picked":["PathToVictory"],"picked":"SKIP","floor":46},{"not_picked":[],"picked":"BattleHymn","floor":47},{"not_picked":[],"picked":"FearNoEvil","floor":48}],"player_experience":2868569,"relics_obtained":[{"floor":7.0,"key":"Pear"},{"floor":9.0,"key":"TeardropLocket"},{"floor":10.0,"key":"MealTicket"},{"floor":14.0,"key":"Orichalcum"},{"floor":20.0,"key":"Necronomicon"},{"floor":26.0,"key":"Blood Vial"},{"floor":29.0,"key":"Bag of Preparation"},{"floor":41,"key":"Meat on the Bone"},{"floor":43,"key":"Letter Opener"}],"event_choices":[{"damage_healed":0.0,"max_hp_gain":0.0,"max_hp_loss":0.0,"gold_gain":150.0,"event_name":"Liars Game","player_choice":"AGREE","floor":3.0,"gold_loss":0.0,"damage_taken":0.0,"cards_obtained":["Doubt"]},{"damage_healed":0.0,"max_hp_gain":0.0,"max_hp_loss":0.0,"gold_gain":78.0,"event_name":"Golden Wing","player_choice":"Gained Gold","floor":4.0,"gold_loss":0.0,"damage_taken":0.0},{"damage_healed":0.0,"max_hp_gain":0.0,"max_hp_loss":24.0,"gold_gain":0.0,"event_name":"Vampires","player_choice":"Became a vampire","floor":19.0,"gold_loss":0.0,"damage_taken":0.0,"cards_obtained":["Bite","Bite","Bite","Bite","Bite"]},{"damage_healed":0.0,"max_hp_gain":0.0,"max_hp_loss":0.0,"gold_gain":0.0,"event_name":"Cursed Tome","player_choice":"Obtained Book","floor":20.0,"gold_loss":0.0,"damage_taken":21.0},{"damage_healed":0.0,"max_hp_gain":0.0,"max_hp_loss":0.0,"gold_gain":0.0,"event_name":"Lab","player_choice":"Got Potions","floor":31.0,"gold_loss":0.0,"damage_taken":0.0},{"damage_healed":0.0,"max_hp_gain":0.0,"max_hp_loss":0.0,"gold_gain":0.0,"event_name":"SensoryStone","player_choice":"Memory 1","floor":36.0,"gold_loss":0.0,"damage_taken":0.0},{"damage_healed":0.0,"max_hp_gain":0.0,"max_hp_loss":3.0,"gold_gain":0.0,"event_name":"Winding Halls","player_choice":"Max HP","floor":37.0,"gold_loss":0.0,"damage_taken":0.0},{"damage_healed":0,"gold_gain":0,"player_choice":"Paid","damage_taken":0,"relics_obtained":["Red Mask"],"max_hp_gain":0,"max_hp_loss":0,"event_name":"Tomb of Lord Red Mask","floor":44,"gold_loss":129}],"is_beta":false,"boss_relics":[{"not_picked":["Black Star","Cursed Key"],"picked":"VioletLotus"},{"not_picked":["Sozu","Calling Bell"],"picked":"Coffee Dripper"}],"items_purged_floors":[5],"is_endless":false,"potions_floor_spawned":[1,7,10,14,25,29,33,35,39,47],"killed_by":"Time Eater","ascension_level":20}}