{"host":"s8eu5oacnz2jj6un","time":1611102264,"event":{"mods":["AchievementEnabler","Act Like it!","Astrologer","BaseMod","Colored Powertips","KinomotoSakuraMod(????)","Lobotomy","Marisa????????","Minty Spire (QoL Compilation)","Remilia??????","Replay The Spire","Shop Mod","StSLib","The Senshi","The Servant 0.9.4","Yuri Mod"],"gold_per_floor":[117,117,136,28,40,65,80,80,161,172,172,61,73,73,73,171,171,187,187,187,187,167,167,180,180,180,230,279,279,292,318,318,419,419,439,439,452,469,469,469,495,495,495,507,523,11,11,22,22,22,22],"floor_reached":50,"language":"ENG","playtime":10422,"items_purged":["Regret","ReplayTheSpireMod:Splinters"],"score":543,"play_id":"43509493-5e43-41c0-8f2c-c87e95f962f5","local_time":"20210120012424","is_ascension_mode":true,"campfire_choices":[{"floor":8,"key":"RECALL"},{"floor":11,"key":"REST"},{"floor":15,"key":"DIG"},{"floor":23,"key":"REST"},{"floor":25,"key":"REST"},{"floor":29,"key":"REST"},{"floor":32,"key":"REST"},{"floor":40,"key":"REST"},{"floor":42,"key":"REST"},{"floor":47,"key":"REST"},{"floor":49,"key":"REST"}],"circlet_count":0,"master_deck":["Strike_P+1","Strike_P+1","Strike_P","Strike_P","Defend_P","Defend_P","Defend_P","Defend_P+1","Eruption+1","Vigilance","Replay:ManipulateFuture","Adaptation","FearNoEvil","DeceiveReality+1","CutThroughFate","Nirvana","ThirdEye","ConjureBlade+1","JustLucky+1","FollowUp+1","Parasite","Replay:LoomingThreat+1","Nirvana+1","Replay:ManipulateFuture","ForeignInfluence+1","ClearTheMind","Devotion+1","ThirdEye","Judgement+1","ClearTheMind+1","PathToVictory+1","Conclude+1"],"relics":["HolyWater","Lizard Tail","Tiny Chest","Replay:Accelerometer","Gremlin Food","Golden Egg","ReplayTheSpireMod:Shallot","Pen Nib","Replay:Wax Seal","Busted Crown","Bottled Tornado","Blue Candle","HornCleat","Membership Card","Bronze Scales","Calipers"],"acts_visited":["Exordium","TheCity","TheBeyond"],"potions_floor_usage":[13,16,16,24,24,30,33,38,44,45],"damage_taken":[{"damage":8,"enemies":"Small Slimes","floor":1,"turns":6},{"damage":1,"enemies":"Cultist","floor":3,"turns":2},{"damage":0,"enemies":"2 Louse","floor":5,"turns":2},{"damage":4,"enemies":"Lagavulin","floor":6,"turns":5},{"damage":12,"enemies":"Large Slime","floor":7,"turns":6},{"damage":5,"enemies":"3 Louse","floor":10,"turns":4},{"damage":21,"enemies":"2 Fungi Beasts","floor":13,"turns":4},{"damage":8,"enemies":"Fading Forest","floor":16,"turns":11},{"damage":25,"enemies":"Shell Parasite","floor":18,"turns":11},{"damage":17,"enemies":"2 Thieves","floor":22,"turns":4},{"damage":20,"enemies":"Snake Plant","floor":24,"turns":3},{"damage":32,"enemies":"Snecko","floor":30,"turns":9},{"damage":8,"enemies":"Replay:Snechameleon","floor":31,"turns":8},{"damage":50,"enemies":"Champ","floor":33,"turns":13},{"damage":46,"enemies":"3 Darklings","floor":35,"turns":8},{"damage":0,"enemies":"3 Shapes","floor":37,"turns":4},{"damage":20,"enemies":"Jaw Worm Horde","floor":38,"turns":5},{"damage":53,"enemies":"Nemesis","floor":41,"turns":7},{"damage":49,"enemies":"3 Darklings","floor":44,"turns":7},{"damage":10,"enemies":"Maw","floor":45,"turns":7},{"damage":0,"enemies":"Transient","floor":48,"turns":5},{"damage":84,"enemies":"Time Eater","floor":50,"turns":7}],"seed_played":"6053091046583710055","potions_obtained":[{"floor":3,"key":"ColorlessPotion"},{"floor":5,"key":"Ambrosia"},{"floor":6,"key":"ColorlessPotion"},{"floor":10,"key":"Death Potion"},{"floor":13,"key":"Weak Potion"},{"floor":22,"key":"PowerPotion"},{"floor":24,"key":"ColorlessPotion"},{"floor":31,"key":"Regen Potion"},{"floor":33,"key":"SpeedPotion"},{"floor":37,"key":"ColorlessPotion"},{"floor":38,"key":"Languid Potion"},{"floor":41,"key":"Weak Potion"}],"is_trial":false,"path_per_floor":["M","?","M","$","M","E","M","R","T","M","R","$","M","?","R","B",null,"M","T","?","?","M","R","M","R","T","?","T","R","M","E","R","B",null,"M","?","M","M","T","R","E","R","T","M","M","$","R","M","R","B"],"character_chosen":"WATCHER","items_purchased":["FearNoEvil","DeceiveReality","JustLucky+1","Membership Card","Bronze Scales","Calipers","FairyPotion","Conclude"],"campfire_rested":9,"item_purchase_floors":[4,4,12,46,46,46,46,46],"current_hp_per_floor":[64,64,63,63,63,59,47,47,47,42,63,63,42,60,60,66,72,47,47,47,34,17,40,20,43,43,43,43,66,34,26,49,14,77,31,31,31,11,11,34,38,61,61,12,2,2,25,25,48,0,0],"gold":22,"neow_bonus":"RANDOM_EVENT","is_daily":false,"chose_seed":false,"campfire_upgraded":0,"win_rate":0.0,"timestamp":1611102264,"path_taken":["M","?","M","$","M","E","M","R","T","M","R","?","?","?","R","BOSS","M","?","?","?","M","R","M","R","T","?","?","R","M","E","R","BOSS","M","?","?","?","?","R","E","R","T","M","M","?","R","M","R","BOSS"],"items_purchased_type":["Card","Card","Card","Relic","Relic","Relic","Potion","Card"],"build_version":"2020-12-22","purchased_purges":2,"victory":false,"max_hp_per_floor":[72,72,72,72,72,72,72,72,72,72,72,72,72,72,72,72,72,72,72,72,77,77,77,77,77,77,77,77,77,77,77,77,77,77,77,77,77,77,77,77,77,77,77,77,77,77,77,77,77,77,77],"card_choices":[{"not_picked":["CrushJoints","Consecrate"],"picked":"Replay:ManipulateFuture","floor":1},{"not_picked":["Replay:Anticipation","ClearTheMind"],"picked":"Adaptation","floor":3},{"not_picked":["Protect","BowlingBash"],"picked":"CutThroughFate","floor":5},{"not_picked":["Adaptation","CutThroughFate"],"picked":"Nirvana","floor":6},{"not_picked":["Sanctity","WaveOfTheHand"],"picked":"ThirdEye","floor":7},{"not_picked":["FlyingSleeves","Fasting2"],"picked":"ConjureBlade","floor":10},{"not_picked":["CrushJoints","ThirdEye"],"picked":"FollowUp","floor":13},{"not_picked":["Ragnarok","Vault"],"picked":"Replay:LoomingThreat","floor":16},{"not_picked":["Replay:BluntJabs+1","Protect","CrushJoints"],"picked":"SKIP","floor":18},{"not_picked":["EmptyBody","Crescendo"],"picked":"Nirvana","floor":22},{"not_picked":["SashWhip","PathToVictory"],"picked":"Replay:ManipulateFuture","floor":24},{"not_picked":["Swivel","CarveReality"],"picked":"ForeignInfluence","floor":27},{"not_picked":["Prostrate","SashWhip"],"picked":"ClearTheMind","floor":27},{"not_picked":["Indignation","TalkToTheHand+1"],"picked":"Devotion","floor":30},{"not_picked":["CutThroughFate","JustLucky"],"picked":"ThirdEye","floor":31},{"not_picked":["Vault","Blasphemy"],"picked":"Judgement","floor":33},{"not_picked":[],"picked":"ClearTheMind+1","floor":35},{"not_picked":["WheelKick"],"picked":"SKIP","floor":37},{"not_picked":[],"picked":"PathToVictory+1","floor":38},{"not_picked":["BowlingBash+1"],"picked":"SKIP","floor":41},{"not_picked":["Protect"],"picked":"SKIP","floor":44},{"not_picked":["Prostrate+1"],"picked":"SKIP","floor":45},{"not_picked":["FlyingSleeves"],"picked":"SKIP","floor":48}],"player_experience":713934,"relics_obtained":[{"floor":6,"key":"Tiny Chest"},{"floor":15,"key":"Replay:Accelerometer"},{"floor":19,"key":"Gremlin Food"},{"floor":26,"key":"Golden Egg"},{"floor":27,"key":"ReplayTheSpireMod:Shallot"},{"floor":28,"key":"Pen Nib"},{"floor":31,"key":"Replay:Wax Seal"},{"floor":39,"key":"Bottled Tornado"},{"floor":41,"key":"Blue Candle"},{"floor":43,"key":"HornCleat"}],"event_choices":[{"damage_healed":0,"gold_gain":0,"player_choice":"Box","damage_taken":0,"relics_obtained":["Lizard Tail"],"max_hp_gain":0,"max_hp_loss":0,"event_name":"Big Fish","floor":0,"gold_loss":0,"cards_obtained":["Regret"]},{"damage_healed":0,"gold_gain":0,"player_choice":"Upgraded","damage_taken":0,"max_hp_gain":0,"max_hp_loss":0,"event_name":"Upgrade Shrine","floor":2,"gold_loss":0,"cards_upgraded":["Eruption"]},{"damage_healed":18,"gold_gain":0,"player_choice":"Healed and dodged fight","damage_taken":0,"max_hp_gain":0,"max_hp_loss":0,"event_name":"Mushrooms","floor":14,"gold_loss":0,"cards_obtained":["Parasite"]},{"damage_healed":0,"gold_gain":0,"player_choice":"Ignored","damage_taken":0,"max_hp_gain":0,"max_hp_loss":0,"event_name":"Vampires","floor":20,"gold_loss":0},{"damage_healed":0,"gold_gain":0,"player_choice":"Shed Blood","damage_taken":18,"max_hp_gain":5,"max_hp_loss":0,"event_name":"Forgotten Altar","floor":21,"gold_loss":0},{"damage_healed":0,"gold_gain":0,"player_choice":"Forge","damage_taken":0,"max_hp_gain":0,"max_hp_loss":0,"event_name":"Accursed Blacksmith","floor":36,"gold_loss":0,"cards_upgraded":["ConjureBlade"]}],"is_beta":false,"boss_relics":[{"not_picked":["Kintsugi","Cursed Key"],"picked":"HolyWater"},{"not_picked":["ReplayTheSpireMod:DimensionalGlitch","Painkiller Herb"],"picked":"Busted Crown"}],"items_purged_floors":[12,46],"is_endless":false,"potions_floor_spawned":[3,5,6,10,13,22,24,31,33,37,38,41],"killed_by":"Time Eater","ascension_level":1}}