{"host":"j4g6ia6asvpyu2b0","time":1611185027,"event":{"mods":["BaseMod","Colored Map","Minty Spire (QoL Compilation)","Permanent Neow","Quick Restart","Relic Stats","StSLib","Unceasing Turn Reminder"],"gold_per_floor":[112,112,128,139,154,154,183,183,210,210,210],"floor_reached":10,"language":"ENG","playtime":279,"items_purged":[],"score":112,"play_id":"d12abb35-6028-4175-b968-a65106ed5871","local_time":"20210120162347","is_ascension_mode":true,"campfire_choices":[{"data":"Predator","floor":6.0,"key":"SMITH"},{"data":"Riddle With Holes","floor":8,"key":"SMITH"}],"circlet_count":0,"master_deck":["AscendersBane","Strike_G","Strike_G","Strike_G","Strike_G","Strike_G","Defend_G","Defend_G","Defend_G","Defend_G","Defend_G","Survivor","Neutralize","Dodge and Roll","Wraith Form v2","Riddle With Holes+1","Predator+1","Endless Agony","Backflip","Flying Knee"],"relics":["Ring of the Snake","Turnip","Bag of Marbles","MealTicket"],"acts_visited":["Exordium"],"potions_floor_usage":[7,10],"damage_taken":[{"damage":0.0,"enemies":"2 Louse","floor":1.0,"turns":5.0},{"damage":1.0,"enemies":"Cultist","floor":3.0,"turns":4.0},{"damage":9.0,"enemies":"Jaw Worm","floor":4.0,"turns":4.0},{"damage":4.0,"enemies":"Looter","floor":5.0,"turns":3.0},{"damage":18,"enemies":"3 Sentries","floor":7,"turns":8},{"damage":32,"enemies":"Lagavulin","floor":10,"turns":6}],"seed_played":"7508693319475964738","potions_obtained":[{"floor":3.0,"key":"Energy Potion"},{"floor":5.0,"key":"Weak Potion"}],"is_trial":false,"path_per_floor":["M","?","M","M","M","R","E","R","T","E"],"character_chosen":"THE_SILENT","items_purchased":[],"campfire_rested":0,"item_purchase_floors":[],"current_hp_per_floor":[63,63,62,53,49,49,31,31,31,0,0],"gold":210,"neow_bonus":"ONE_RARE_RELIC","is_daily":false,"chose_seed":false,"campfire_upgraded":2,"win_rate":0.0,"timestamp":1611185027,"path_taken":["M","?","M","M","M","R","E","R","T","E"],"items_purchased_type":[],"build_version":"2020-12-22","purchased_purges":0,"victory":false,"max_hp_per_floor":[63,63,63,63,63,63,63,63,63,63,63],"relic_stats":{"counters":[6,30],"MealTicket":0,"Turnip":[0],"obtain_stats":[{"MealTicket":9,"Turnip":0,"Bag of Marbles":7,"Ring of the Snake":0},{"MealTicket":5,"Turnip":0,"Bag of Marbles":5,"Ring of the Snake":0},{"MealTicket":24,"Turnip":0,"Bag of Marbles":24,"Ring of the Snake":0}],"Ring of the Snake":[13]},"card_choices":[{"not_picked":["Outmaneuver","Bane"],"picked":"Dodge and Roll","floor":1.0},{"not_picked":["Infinite Blades","PiercingWail"],"picked":"Predator","floor":3.0},{"not_picked":["Cloak And Dagger","Quick Slash"],"picked":"Endless Agony","floor":4.0},{"not_picked":["Dagger Throw","Acrobatics"],"picked":"Backflip","floor":5.0},{"not_picked":["Heel Hook","Phantasmal Killer"],"picked":"Flying Knee","floor":7}],"player_experience":890835,"relics_obtained":[{"floor":7,"key":"Bag of Marbles"},{"floor":9,"key":"MealTicket"}],"event_choices":[{"damage_healed":0.0,"max_hp_gain":0.0,"max_hp_loss":0.0,"gold_gain":0.0,"event_name":"Match and Keep!","player_choice":"2 cards matched","floor":2.0,"gold_loss":0.0,"damage_taken":0.0,"cards_obtained":["Wraith Form v2","Riddle With Holes"]}],"is_beta":false,"boss_relics":[],"items_purged_floors":[],"is_endless":false,"potions_floor_spawned":[3,5],"killed_by":"Lagavulin","ascension_level":13}}