{"host":"Arid","time":1611148857,"event":{"mods":["AchievementEnabler","BaseMod","Downfall","Hermit","Jorbs\u0027s Wanderer Trilogy","Minty Spire (QoL Compilation)","StSLib"],"gold_per_floor":[0,12,23,43,43,69,123,273,301,2,13,24,24,35,51,150,150,50,65,83,103,113,113,161,71,71,105,121,138,38,38,88,231,231,231,287,287,57,107,176,202,275,334,391,291,308,308,368,428,428,428,495,141,141,141,141],"floor_reached":57,"language":"ENG","playtime":6076,"items_purged":["bronze:Strike","bronze:Strike","bronze:Strike","bronze:Strike"],"score":1298,"play_id":"9c8fd253-d9ec-45b8-a8e3-e0ef22de377b","local_time":"20210120082057","is_ascension_mode":true,"campfire_choices":[{"floor":1,"key":"RECALL"},{"data":"bronze:Verify","floor":13,"key":"SMITH"},{"data":"bronze:SpaghettiCode","floor":18,"key":"SMITH"},{"data":"bronze:Goto","floor":26,"key":"SMITH"},{"data":"bronze:BitShift","floor":30,"key":"SMITH"},{"data":"bronze:Assembly","floor":35,"key":"SMITH"},{"data":"bronze:Boost","floor":45,"key":"SMITH"},{"data":"bronze:Assembly","floor":47,"key":"SMITH"},{"data":"expansioncontent:YouAreMine","floor":54,"key":"SMITH"}],"circlet_count":0,"master_deck":["bronze:Defend","bronze:Defend","bronze:Defend","bronze:Defend","bronze:Replicate","bronze:Goto+1","bronze:CutThrough","bronze:GetLatest","bronze:NullPointer","bronze:Verify+1","bronze:Virus+1","bronze:BitShift+1","bronze:Fortify+1","bronze:SpaghettiCode+1","bronze:Iterate+1","bronze:MaxOutput+1","bronze:Boost+1","bronze:CutThrough+1","bronze:Repair","bronze:Terminator+1","bronze:Assembly+1","expansioncontent:Chronoboost","expansioncontent:YouAreMine+1","expansioncontent:Chronoboost","bronze:MaxOutput+1","bronze:Frontload+1","bronze:Assembly+1","bronze:Shell+1","bronze:Boost+1","bronze:FineTuning+1"],"relics":["bronze:BronzeCore","Oddly Smooth Stone","Molten Egg 2","ClockworkSouvenir","sneckomod:SneckoTalon","downfall:HeartBlessingRed","Orichalcum","Eternal Feather","downfall:HeartBlessingGreen","downfall:KnowingSkull","Sozu","DollysMirror","Mercury Hourglass","Bottled Tornado","Membership Card","Art of War","downfall:HeartBlessingBlue","Du-Vu Doll","Nunchaku","Letter Opener","Guardian:BottledAnomaly"],"acts_visited":["Exordium","TheCity","TheBeyond","TheEnding"],"potions_floor_usage":[19,27,27,33,56],"damage_taken":[{"damage":0,"enemies":"2 Louse","floor":2,"turns":4},{"damage":1,"enemies":"Cultist","floor":3,"turns":3},{"damage":3,"enemies":"Jaw Worm","floor":4,"turns":3},{"damage":13,"enemies":"Gremlin Nob","floor":6,"turns":4},{"damage":12,"enemies":"Lagavulin","floor":9,"turns":6},{"damage":4,"enemies":"downfall:FleeingMerchant","floor":10,"turns":4},{"damage":0,"enemies":"Red Slaver","floor":11,"turns":2},{"damage":6,"enemies":"2 Fungi Beasts","floor":12,"turns":2},{"damage":3,"enemies":"Exordium Thugs","floor":14,"turns":2},{"damage":0,"enemies":"3 Louse","floor":15,"turns":4},{"damage":28,"enemies":"SI_SHIV_ARCHETYPE","floor":16,"turns":9},{"damage":13,"enemies":"3 Byrds","floor":19,"turns":5},{"damage":0,"enemies":"Chosen","floor":20,"turns":3},{"damage":8,"enemies":"Shelled Parasite and Fungi","floor":21,"turns":5},{"damage":9,"enemies":"Centurion and Healer","floor":22,"turns":4},{"damage":0,"enemies":"downfall:FleeingMerchant","floor":25,"turns":4},{"damage":22,"enemies":"Gremlin Leader","floor":27,"turns":6},{"damage":0,"enemies":"Snecko","floor":28,"turns":2},{"damage":0,"enemies":"Cultist and Chosen","floor":29,"turns":4},{"damage":3,"enemies":"Sentry and Sphere","floor":32,"turns":3},{"damage":33,"enemies":"IC_MUSHROOM_ARCHETYPE","floor":33,"turns":9},{"damage":4,"enemies":"3 Darklings","floor":36,"turns":3},{"damage":3,"enemies":"downfall:FleeingMerchant","floor":38,"turns":4},{"damage":24,"enemies":"3 Shapes","floor":39,"turns":3},{"damage":19,"enemies":"Reptomancer","floor":40,"turns":3},{"damage":3,"enemies":"Nemesis","floor":42,"turns":5},{"damage":16,"enemies":"Jaw Worm Horde","floor":43,"turns":4},{"damage":0,"enemies":"downfall:FleeingMerchant","floor":44,"turns":1},{"damage":8,"enemies":"4 Shapes","floor":46,"turns":4},{"damage":3,"enemies":"3 Darklings","floor":48,"turns":3},{"damage":3,"enemies":"Spire Growth","floor":49,"turns":3},{"damage":10,"enemies":"WA_ARCHETYPE_DIVINITY","floor":50,"turns":7},{"damage":55,"enemies":"downfall:CharBossMerchant","floor":52,"turns":7},{"damage":0,"enemies":"downfall:NeowBoss","floor":55,"turns":11},{"damage":48,"enemies":"downfall:NeowBossFinal","floor":56,"turns":10}],"seed_played":"5275561009884337144","potions_obtained":[{"floor":3,"key":"Guardian:BlockOnCardUsePotion"},{"floor":4,"key":"LiquidBronze"},{"floor":12,"key":"Block Potion"},{"floor":22,"key":"Dexterity Potion"},{"floor":27,"key":"BlessingOfTheForge"},{"floor":28,"key":"DuplicationPotion"},{"floor":32,"key":"Weak Potion"}],"is_trial":false,"path_per_floor":["R","M","M","M","?","E","T","?","E","$","M","M","R","M","M","B",null,"R","M","M","M","M","?","T","$","R","E","M","M","R","?","M","B",null,"R","M","?","$","M","E","T","E","M","$","R","M","R","M","M","B",null,"E","$","R","B","B",null],"character_chosen":"THE_AUTOMATON","items_purchased":["ClockworkSouvenir","bronze:Virus+1","DollysMirror","Membership Card","Art of War","Nunchaku","Letter Opener","Guardian:BottledAnomaly"],"campfire_rested":0,"item_purchase_floors":[10,10,38,44,44,53,53,53],"current_hp_per_floor":[84,84,83,80,80,67,67,67,55,51,51,45,45,42,42,14,84,84,71,71,63,54,54,54,54,54,32,32,39,51,44,48,22,84,84,84,74,78,61,49,49,53,44,44,69,68,83,87,84,81,94,45,45,63,70,29],"gold":141,"neow_bonus":"TWENTY_PERCENT_HP_BONUS","is_daily":false,"chose_seed":false,"campfire_upgraded":8,"win_rate":0.0,"timestamp":1611148857,"path_taken":["R","M","M","M","?","E","T","?","E","$","M","?","R","M","M","BOSS","R","M","M","M","M","?","T","$","R","E","M","M","R","?","M","BOSS","R","M","?","$","M","E","T","E","M","$","R","M","R","M","M","BOSS","E","$","R","BOSS","BOSS"],"items_purchased_type":["Relic","Card","Relic","Relic","Relic","Relic","Relic","Relic"],"build_version":"2020-12-18","purchased_purges":4,"victory":true,"max_hp_per_floor":[84,84,84,84,84,84,84,84,84,84,84,84,84,84,84,84,84,84,84,84,84,84,84,84,84,84,84,84,84,84,84,84,84,84,84,84,84,84,84,84,84,84,84,84,94,94,94,94,94,94,94,94,94,94,94,94],"card_choices":[{"not_picked":["bronze:BuggyMess","bronze:FineTuning"],"picked":"bronze:CutThrough","floor":2},{"not_picked":["bronze:Iterate","bronze:Deprecate"],"picked":"bronze:GetLatest","floor":3},{"not_picked":["bronze:Frontload","bronze:Philosophize"],"picked":"bronze:NullPointer","floor":4},{"not_picked":["bronze:MaxOutput","bronze:Deprecate","bronze:WhirlingStrike"],"picked":"SKIP","floor":6},{"not_picked":["bronze:DelayedSlice+1","bronze:Deprecate"],"picked":"bronze:Verify","floor":9},{"not_picked":["bronze:FineTuning","bronze:NullPointer+1","bronze:ForceShield"],"picked":"SKIP","floor":10},{"not_picked":["bronze:Overheat+1","bronze:Constructor","bronze:Overload"],"picked":"SKIP","floor":11},{"not_picked":["bronze:FollowUp+1","bronze:BuggyMess","bronze:Frontload"],"picked":"SKIP","floor":12},{"not_picked":["bronze:Overload","bronze:Iterate+1"],"picked":"bronze:BitShift","floor":14},{"not_picked":["bronze:BuggyMess","bronze:Shell"],"picked":"bronze:Fortify+1","floor":15},{"not_picked":["bronze:Break+1","bronze:Verify"],"picked":"bronze:SpaghettiCode","floor":16},{"not_picked":["bronze:ClassDefault","bronze:Safeguard"],"picked":"bronze:Iterate+1","floor":19},{"not_picked":["bronze:Safeguard","bronze:WildBeam+1"],"picked":"bronze:MaxOutput+1","floor":20},{"not_picked":["bronze:Separator+1","bronze:Iterate+1"],"picked":"bronze:Boost","floor":21},{"not_picked":["bronze:DigitalCarnage+1","bronze:Frontload","bronze:DarkDash+1"],"picked":"SKIP","floor":22},{"not_picked":["bronze:Backtrace+1","bronze:BitShift","bronze:WildBeam+1"],"picked":"SKIP","floor":25},{"not_picked":["bronze:DelayedGuard","bronze:DigitalCarnage+1","bronze:Safeguard"],"picked":"SKIP","floor":27},{"not_picked":["bronze:ForceShield","bronze:Frontload+1"],"picked":"bronze:Repair","floor":28},{"not_picked":["bronze:DelayedSlice+1","bronze:BronzeArmor"],"picked":"bronze:Terminator+1","floor":29},{"not_picked":["bronze:Turbo","bronze:Invalidate","bronze:DelayedGuard"],"picked":"SKIP","floor":32},{"not_picked":["bronze:Break+1","bronze:HardenedForm"],"picked":"bronze:Assembly","floor":33},{"not_picked":["bronze:Constructor+1","bronze:BitShift","bronze:DelayedSlice+1"],"picked":"SKIP","floor":36},{"not_picked":["expansioncontent:Hexaburn","expansioncontent:GuardianWhirl+1"],"picked":"expansioncontent:Chronoboost","floor":37},{"not_picked":["expansioncontent:LastStand","expansioncontent:Hexaburn"],"picked":"expansioncontent:YouAreMine","floor":37},{"not_picked":["expansioncontent:PolyBeam+1","expansioncontent:GuardianWhirl+1"],"picked":"expansioncontent:Chronoboost","floor":37},{"not_picked":["bronze:Optimize+1","bronze:Shell","bronze:DelayedSlice+1"],"picked":"SKIP","floor":38},{"not_picked":["bronze:Shield+1","bronze:Iterate+1","bronze:Invalidate+1"],"picked":"SKIP","floor":39},{"not_picked":["bronze:Format","bronze:FollowUp+1"],"picked":"bronze:Frontload+1","floor":40},{"not_picked":["bronze:MaxOutput+1","bronze:Optimize+1"],"picked":"bronze:Assembly","floor":42},{"not_picked":["bronze:CutThrough+1","bronze:BronzeArmor+1","bronze:BuggyMess"],"picked":"SKIP","floor":43},{"not_picked":["bronze:BuggyMess","bronze:Invalidate+1","bronze:ChosenStrike+1"],"picked":"SKIP","floor":44},{"not_picked":["bronze:Verify","bronze:BitShift+1","bronze:Safeguard"],"picked":"SKIP","floor":46},{"not_picked":["bronze:Philosophize","bronze:Invalidate+1"],"picked":"bronze:Shell+1","floor":48},{"not_picked":["bronze:Separator+1","bronze:Overheat+1"],"picked":"bronze:Boost+1","floor":49},{"not_picked":["bronze:GetLatest","bronze:Shield"],"picked":"bronze:FineTuning+1","floor":52}],"player_experience":348151,"relics_obtained":[{"floor":6,"key":"Oddly Smooth Stone"},{"floor":7,"key":"Bronze Scales"},{"floor":9,"key":"Molten Egg 2"},{"floor":24,"key":"Orichalcum"},{"floor":27,"key":"Eternal Feather"},{"floor":40,"key":"Mercury Hourglass"},{"floor":42,"key":"Bottled Tornado"},{"floor":52,"key":"Du-Vu Doll"}],"event_choices":[{"damage_healed":0,"gold_gain":0,"player_choice":"Read","damage_taken":0,"max_hp_gain":0,"max_hp_loss":0,"event_name":"The Library","floor":23,"gold_loss":0,"cards_obtained":["bronze:CutThrough"]}],"is_beta":true,"boss_relics":[{"not_picked":["Busted Crown","Astrolabe"],"picked":"sneckomod:SneckoTalon"},{"not_picked":["Philosopher\u0027s Stone","Tiny House"],"picked":"Sozu"}],"items_purged_floors":[25,38,44,53],"is_endless":false,"potions_floor_spawned":[3,4,12,15,16,22,27,28,32,39,40,43,46,49,52],"ascension_level":1}}