{"host":"fmb9x04chdot191d","time":1611179885,"event":{"mods":["2.2 Compatiblity","AchievementEnabler","BaseMod","Downfall","Hermit","Highlight Path","Marisa（霧雨　魔理沙）","Minty Spire (QoL Compilation)","Quick Restart","Rare Cards Sparkle","StSLib","The Cursed"],"gold_per_floor":[117,117,130,130,130,162,162,173,173,202,212,223,235,43,43,143,143,143,143],"floor_reached":18,"language":"ENG","playtime":1104,"items_purged":["Bash"],"score":197,"play_id":"cd143b18-5378-487a-a468-8a883562bf76","local_time":"20210121105805","is_ascension_mode":false,"campfire_choices":[{"data":"Searing Blow","floor":7,"key":"SMITH"},{"data":"Searing Blow+1","floor":15,"key":"SMITH"}],"circlet_count":0,"master_deck":["Strike_R","Strike_R","Strike_R","Defend_R","Defend_R","Defend_R","Flex","Bash","Searing Blow+2","Searing Blow","Rage","Battle Trance","Body Slam","Ghostly Armor","Demon Form"],"relics":["Burning Blood","NeowsBlessing","Sundial","Thread and Needle","HornCleat","Blood Vial","Empty Cage"],"acts_visited":["Exordium","TheCity"],"potions_floor_usage":[16],"damage_taken":[{"damage":0,"enemies":"Jaw Worm","floor":1,"turns":1},{"damage":0,"enemies":"2 Louse","floor":3,"turns":1},{"damage":0,"enemies":"Gremlin Nob","floor":6,"turns":1},{"damage":0,"enemies":"Cultist","floor":8,"turns":3},{"damage":13,"enemies":"3 Sentries","floor":10,"turns":10},{"damage":5,"enemies":"3 Louse","floor":11,"turns":3},{"damage":0,"enemies":"Exordium Wildlife","floor":12,"turns":4},{"damage":1,"enemies":"Looter","floor":13,"turns":3},{"damage":65,"enemies":"The Guardian","floor":16,"turns":15},{"damage":0,"enemies":"3 Byrds","floor":18,"turns":1}],"seed_played":"652676571693800550","potions_obtained":[{"floor":3,"key":"Strength Potion"},{"floor":11,"key":"Block Potion"},{"floor":13,"key":"LiquidMemories"},{"floor":16,"key":"Fruit Juice"}],"is_trial":false,"path_per_floor":["M","?","M","?","?","E","R","M","T","E","M","M","M","$","R","B",null,"M"],"character_chosen":"IRONCLAD","items_purchased":["Body Slam","Ghostly Armor"],"campfire_rested":0,"item_purchase_floors":[14,14],"current_hp_per_floor":[80,80,80,77,77,80,80,80,80,73,76,80,80,80,80,21,80,80,80],"gold":143,"neow_bonus":"THREE_ENEMY_KILL","is_daily":false,"chose_seed":false,"campfire_upgraded":2,"win_rate":0.0,"timestamp":1611179885,"path_taken":["M","?","M","?","?","E","R","M","T","E","?","M","M","$","R","BOSS","M"],"items_purchased_type":["Card","Card"],"build_version":"2020-12-22","purchased_purges":1,"victory":false,"max_hp_per_floor":[80,80,80,80,80,80,80,80,80,80,80,80,80,80,80,80,80,80,80],"card_choices":[{"not_picked":["Anger","Perfected Strike"],"picked":"Flex","floor":1},{"not_picked":["Anger","True Grit","Warcry"],"picked":"SKIP","floor":3},{"not_picked":["Power Through","Thunderclap"],"picked":"Searing Blow","floor":6},{"not_picked":["Iron Wave","True Grit"],"picked":"Searing Blow","floor":8},{"not_picked":["Clash","Anger"],"picked":"Rage","floor":11},{"not_picked":["Clash","Thunderclap"],"picked":"Battle Trance","floor":12},{"not_picked":["Pummel","Headbutt","Intimidate"],"picked":"SKIP","floor":13},{"not_picked":["Brutality","Corruption"],"picked":"Demon Form","floor":16}],"player_experience":10290,"relics_obtained":[{"floor":6,"key":"Thread and Needle"},{"floor":9,"key":"HornCleat"},{"floor":10,"key":"Blood Vial"}],"event_choices":[{"cards_removed":["Strike_R"],"damage_healed":0,"gold_gain":0,"player_choice":"Forget","damage_taken":0,"max_hp_gain":0,"max_hp_loss":0,"event_name":"Living Wall","floor":2,"gold_loss":0},{"damage_healed":0,"gold_gain":0,"player_choice":"Success","damage_taken":3,"relics_obtained":["Sundial"],"max_hp_gain":0,"max_hp_loss":0,"event_name":"Scrap Ooze","floor":4,"gold_loss":0},{"damage_healed":0,"gold_gain":0,"player_choice":"1 cards matched","damage_taken":0,"max_hp_gain":0,"max_hp_loss":0,"event_name":"Match and Keep!","floor":5,"gold_loss":0,"cards_obtained":["Bash"]},{"damage_healed":0,"gold_gain":0,"player_choice":"1 cards matched","damage_taken":0,"max_hp_gain":0,"max_hp_loss":0,"event_name":"Match and Keep!","floor":5,"gold_loss":0,"cards_obtained":["Bash"]}],"is_beta":false,"boss_relics":[{"not_picked":["Mark of Pain","Runic Cube"],"picked":"Empty Cage"}],"items_purged_floors":[14],"is_endless":false,"potions_floor_spawned":[3,11,13,16],"killed_by":"3 Byrds","ascension_level":0}}