{"host":"6jrd8fn9k88n08be","time":1611162605,"event":{"mods":["BaseMod","Minty Spire (QoL Compilation)","StSLib"],"gold_per_floor":[117,67,67,85,37,37,67,67,67,67,92,118,132,165,165,266,316,327,327,327,19,48,64,64,97,97,97,17,17,63,63,63,63,63],"floor_reached":33,"language":"ENG","playtime":1679,"items_purged":["Strike_B"],"score":353,"play_id":"b71568cc-6980-4564-8f75-7aeee9979d2e","local_time":"20210120121005","is_ascension_mode":true,"campfire_choices":[{"data":"Beam Cell","floor":6,"key":"SMITH"},{"data":"Barrage","floor":8,"key":"SMITH"},{"data":"Zap","floor":10,"key":"SMITH"},{"floor":15,"key":"REST"},{"floor":24,"key":"REST"},{"data":"Fusion","floor":27,"key":"SMITH"},{"floor":32,"key":"REST"}],"circlet_count":0,"master_deck":["Strike_B","Strike_B","Defend_B+1","Defend_B","Defend_B","Defend_B","Zap+1","Dualcast","Beam Cell+1","Barrage+1","Coolheaded","Capacitor","Coolheaded","Ball Lightning","Thunder Strike","Reboot","Streamline","Rebound","Chaos","Fusion+1","Coolheaded","Rebound","Defragment"],"relics":["Cracked Core","Shuriken","Toy Ornithopter","Pear","Strawberry","Bag of Preparation","Bronze Scales","Tiny House","ClockworkSouvenir","Red Mask","Bottled Lightning","Gremlin Horn"],"acts_visited":["Exordium","TheCity"],"potions_floor_usage":[7,11,16,18,22,23,33],"damage_taken":[{"damage":3,"enemies":"Small Slimes","floor":1,"turns":3},{"damage":2,"enemies":"Jaw Worm","floor":4,"turns":3},{"damage":8,"enemies":"Gremlin Nob","floor":7,"turns":3},{"damage":15,"enemies":"3 Sentries","floor":11,"turns":5},{"damage":3,"enemies":"2 Louse","floor":13,"turns":2},{"damage":29,"enemies":"Gremlin Nob","floor":14,"turns":4},{"damage":27,"enemies":"Hexaghost","floor":16,"turns":6},{"damage":4,"enemies":"Chosen","floor":18,"turns":5},{"damage":51,"enemies":"Masked Bandits","floor":22,"turns":4},{"damage":20,"enemies":"Shell Parasite","floor":23,"turns":6},{"damage":29,"enemies":"Book of Stabbing","floor":25,"turns":6},{"damage":62,"enemies":"Champ","floor":33,"turns":8}],"seed_played":"-2473405569663605752","potions_obtained":[{"floor":1,"key":"LiquidMemories"},{"floor":4,"key":"ColorlessPotion"},{"floor":11,"key":"SpeedPotion"},{"floor":14,"key":"DistilledChaos"},{"floor":17,"key":"EssenceOfDarkness"},{"floor":22,"key":"SkillPotion"},{"floor":25,"key":"SkillPotion"}],"is_trial":false,"path_per_floor":["M","?","?","M","$","R","E","R","T","R","E","T","M","E","R","B",null,"M","?","?","$","?","M","R","E","T","R","$","?","T","$","R","B"],"character_chosen":"DEFECT","items_purchased":["Coolheaded","ClockworkSouvenir","Fusion","Defragment"],"campfire_rested":3,"item_purchase_floors":[5,21,21,28],"current_hp_per_floor":[79,79,67,65,65,65,57,57,67,67,64,64,61,32,61,39,104,102,81,81,81,35,20,52,23,23,23,23,23,23,23,55,0,0],"gold":63,"neow_bonus":"TEN_PERCENT_HP_BONUS","is_daily":false,"chose_seed":false,"campfire_upgraded":4,"win_rate":0.0,"timestamp":1611162605,"path_taken":["M","?","?","M","?","R","E","R","T","R","E","?","M","E","R","BOSS","M","?","?","$","?","M","R","E","T","R","$","?","?","?","R","BOSS"],"items_purchased_type":["Card","Relic","Card","Card"],"build_version":"2020-12-22","purchased_purges":1,"victory":false,"max_hp_per_floor":[82,82,82,82,82,82,82,82,92,92,99,99,99,99,99,99,104,104,109,109,109,109,109,109,109,109,109,109,109,109,109,109,109,109],"card_choices":[{"not_picked":["Chill","Leap"],"picked":"Beam Cell","floor":1},{"not_picked":["Hello World","Redo"],"picked":"Barrage","floor":4},{"not_picked":["Sunder","Consume"],"picked":"Capacitor","floor":7},{"not_picked":["Compile Driver","Reprogram"],"picked":"Coolheaded","floor":11},{"not_picked":["Hologram","Steam"],"picked":"Ball Lightning","floor":13},{"not_picked":["Steam","Darkness"],"picked":"Thunder Strike","floor":14},{"not_picked":["Multi-Cast","Thunder Strike"],"picked":"Reboot","floor":16},{"not_picked":["Steam Power","Stack"],"picked":"Streamline","floor":17},{"not_picked":["Reinforced Body+1","Barrage"],"picked":"Rebound","floor":18},{"not_picked":["Turbo+1","Scrape"],"picked":"Coolheaded","floor":23},{"not_picked":["Hello World","Heatsinks+1"],"picked":"Rebound","floor":25}],"player_experience":98373,"relics_obtained":[{"floor":7,"key":"Toy Ornithopter"},{"floor":9,"key":"Pear"},{"floor":11,"key":"Strawberry"},{"floor":12,"key":"Bag of Preparation"},{"floor":14,"key":"Bronze Scales"},{"floor":22,"key":"Red Mask"},{"floor":25,"key":"Bottled Lightning"},{"floor":26,"key":"Gremlin Horn"}],"event_choices":[{"cards_removed":["Strike_B"],"damage_healed":0,"gold_gain":0,"player_choice":"Card Removal","damage_taken":0,"max_hp_gain":0,"max_hp_loss":0,"event_name":"The Cleric","floor":2,"gold_loss":50},{"damage_healed":0,"gold_gain":0,"player_choice":"Success","damage_taken":12,"relics_obtained":["Shuriken"],"max_hp_gain":0,"max_hp_loss":0,"event_name":"Scrap Ooze","floor":3,"gold_loss":0},{"damage_healed":0,"gold_gain":0,"player_choice":"Shed Blood","damage_taken":26,"max_hp_gain":5,"max_hp_loss":0,"event_name":"Forgotten Altar","floor":19,"gold_loss":0},{"damage_healed":0,"gold_gain":0,"player_choice":"Read","damage_taken":0,"max_hp_gain":0,"max_hp_loss":0,"event_name":"The Library","floor":20,"gold_loss":0,"cards_obtained":["Chaos"]},{"damage_healed":0,"gold_gain":0,"player_choice":"Fought Bandits","damage_taken":0,"max_hp_gain":0,"max_hp_loss":0,"event_name":"Masked Bandits","floor":22,"gold_loss":0},{"damage_healed":0,"gold_gain":0,"player_choice":"Ignored","damage_taken":0,"max_hp_gain":0,"max_hp_loss":0,"event_name":"Cursed Tome","floor":29,"gold_loss":0}],"is_beta":false,"boss_relics":[{"not_picked":["SacredBark","Sozu"],"picked":"Tiny House"}],"items_purged_floors":[21],"is_endless":false,"potions_floor_spawned":[1,4,11,14,22,25],"killed_by":"Champ","ascension_level":2}}