{"host":"sc0o2qwpf9j16a4i","time":1611160679,"event":{"mods":["AchievementEnabler","BaseMod","BetterRewards","Block Reminder","Colored Map","Colored Powertips","Custom Start","Highlight Path","Minty Spire (QoL Compilation)","Relic Stats"],"gold_per_floor":[119,119,134,99,116,147,72,94,94,94,94,121,135,153,153,225,225,242,262,262,282,182,182,207,207,232,247,247,247,247],"floor_reached":29,"language":"ENG","playtime":939,"items_purged":["Strike_P","Strike_P"],"score":806,"play_id":"5d178f78-9d40-4526-b85c-6e40c566e389","local_time":"20210120183759","is_ascension_mode":true,"campfire_choices":[{"data":"BattleHymn","floor":11,"key":"SMITH"},{"data":"Worship","floor":15,"key":"SMITH"},{"floor":23,"key":"REST"},{"floor":25,"key":"REST"}],"circlet_count":0,"master_deck":["AscendersBane","Strike_P","Strike_P","Defend_P","Defend_P","Defend_P","Defend_P","Eruption","Vigilance","Wallop","BattleHymn+1","Protect","CutThroughFate","CarveReality","EmptyMind","BowlingBash","ClearTheMind","Tantrum","SpiritShield","ThirdEye","Worship+1","Brilliance","SandsOfTime","Meditate","Prostrate"],"relics":["PureWater","Gremlin Horn","Frozen Eye","Omamori","Odd Mushroom","Bag of Preparation","VioletLotus","Nunchaku","Anchor"],"acts_visited":["Exordium","TheCity"],"potions_floor_usage":[8,14,27,29],"damage_taken":[{"damage":2,"enemies":"2 Louse","floor":1,"turns":4},{"damage":0,"enemies":"Jaw Worm","floor":3,"turns":4},{"damage":1,"enemies":"Small Slimes","floor":5,"turns":4},{"damage":0,"enemies":"Gremlin Nob","floor":6,"turns":3},{"damage":0,"enemies":"The Mushroom Lair","floor":8,"turns":3},{"damage":0,"enemies":"Lagavulin","floor":12,"turns":4},{"damage":0,"enemies":"Looter","floor":13,"turns":3},{"damage":0,"enemies":"Gremlin Gang","floor":14,"turns":4},{"damage":12,"enemies":"Slime Boss","floor":16,"turns":6},{"damage":11,"enemies":"Chosen","floor":18,"turns":4},{"damage":5,"enemies":"2 Thieves","floor":19,"turns":4},{"damage":26,"enemies":"Centurion and Healer","floor":21,"turns":5},{"damage":15,"enemies":"Gremlin Leader","floor":24,"turns":5},{"damage":31,"enemies":"Cultist and Chosen","floor":27,"turns":5},{"damage":43,"enemies":"Book of Stabbing","floor":29,"turns":5}],"seed_played":"-6179411374252324672","potions_obtained":[{"floor":5,"key":"SkillPotion"},{"floor":6,"key":"LiquidBronze"},{"floor":8,"key":"StancePotion"},{"floor":16,"key":"SteroidPotion"},{"floor":24,"key":"Regen Potion"}],"is_trial":false,"path_per_floor":["M","?","M","?","M","E","$","?","T","$","R","E","M","M","R","B",null,"M","M","?","M","$","R","E","R","T","M","?","E"],"character_chosen":"WATCHER","items_purchased":["Gremlin Horn","Frozen Eye","Wallop","BattleHymn","Protect","CutThroughFate"],"campfire_rested":2,"item_purchase_floors":[0,0,0,0,0,0],"current_hp_per_floor":[37,37,37,54,53,53,53,53,53,53,53,53,53,53,53,41,61,50,45,45,19,19,39,24,44,44,22,22,0,0],"gold":247,"neow_bonus":"","is_daily":false,"chose_seed":false,"campfire_upgraded":2,"win_rate":0.0,"timestamp":1611160679,"path_taken":["M","?","M","?","M","E","$","?","T","?","R","E","M","M","R","BOSS","M","M","?","M","$","R","E","R","T","M","?","E"],"items_purchased_type":["Relic","Relic","Card","Card","Card","Card"],"build_version":"2020-12-22","purchased_purges":2,"victory":false,"max_hp_per_floor":[68,68,68,68,68,68,68,68,68,68,68,68,68,68,68,68,68,68,68,68,68,68,68,68,68,68,68,68,68,68],"relic_stats":{"Nunchaku":[1],"Gremlin Horn":[36,36],"counters":[155,716],"VioletLotus":[11],"Bag of Preparation":[60],"obtain_stats":[{"Ice Cream":28,"Gremlin Horn":31,"CeramicFish":9,"Whetstone":6,"Old Coin":24,"Blood Vial":0,"Centennial Puzzle":44,"HornCleat":7,"FaceOfCleric":12,"MealTicket":7,"Prayer Wheel":0,"VioletLotus":34,"Kunai":40,"Girya":0,"Pear":30,"Happy Flower":9,"Blue Candle":30,"Oddly Smooth Stone":7,"Eternal Feather":24,"Akabeko":0,"WarpedTongs":2,"SlaversCollar":34,"OrangePellets":0,"Shuriken":0,"Bronze Scales":9,"Bird Faced Urn":0,"Snecko Eye":17,"Pandora\u0027s Box":34,"Molten Egg 2":46,"NlothsMask":4,"Meat on the Bone":0,"Lantern":0,"Regal Pillow":14,"Torii":47,"Singing Bowl":40,"StoneCalendar":7,"Bag of Preparation":29,"Incense Burner":0,"Ancient Tea Set":0,"Smiling Mask":28,"ClockworkSouvenir":0,"Frozen Eye":0,"Dream Catcher":0,"Nunchaku":24,"Shovel":37,"Mummified Hand":26,"Pantograph":9,"Tiny Chest":0,"Red Mask":28,"InkBottle":53,"Runic Pyramid":17,"Lee\u0027s Waffle":0,"Golden Idol":8,"Damaru":44,"PreservedInsect":9,"The Courier":26,"Omamori":0,"Orichalcum":11,"Odd Mushroom":13,"GoldenEye":8,"MawBank":26,"Mercury Hourglass":0,"Peace Pipe":31,"Strange Spoon":30,"Anchor":42,"Busted Crown":17,"Ornamental Fan":9,"Orrery":20,"Bag of Marbles":0,"Membership Card":13,"Bottled Lightning":27,"PureWater":0,"TungstenRod":36,"Toy Ornithopter":49},{"Ice Cream":86,"Gremlin Horn":32,"CeramicFish":103,"Whetstone":4,"Old Coin":26,"Blood Vial":99,"Centennial Puzzle":66,"HornCleat":49,"FaceOfCleric":77,"MealTicket":20,"Prayer Wheel":99,"VioletLotus":61,"Kunai":64,"Girya":71,"Pear":30,"Happy Flower":132,"Blue Candle":112,"Oddly Smooth Stone":11,"Eternal Feather":57,"Akabeko":128,"WarpedTongs":16,"SlaversCollar":114,"OrangePellets":128,"Shuriken":71,"Bronze Scales":49,"Bird Faced Urn":71,"Snecko Eye":23,"Pandora\u0027s Box":89,"Molten Egg 2":122,"NlothsMask":36,"Meat on the Bone":45,"Lantern":99,"Regal Pillow":136,"Torii":68,"Singing Bowl":93,"StoneCalendar":75,"Bag of Preparation":59,"Incense Burner":128,"Ancient Tea Set":0,"Smiling Mask":29,"ClockworkSouvenir":71,"Frozen Eye":140,"Dream Catcher":7,"Nunchaku":153,"Shovel":117,"Mummified Hand":111,"Pantograph":5,"Tiny Chest":128,"Red Mask":59,"InkBottle":126,"Runic Pyramid":43,"Lee\u0027s Waffle":45,"Golden Idol":11,"Damaru":66,"PreservedInsect":11,"The Courier":84,"Omamori":99,"Orichalcum":40,"Odd Mushroom":105,"GoldenEye":5,"MawBank":27,"Mercury Hourglass":71,"Peace Pipe":32,"Strange Spoon":87,"Anchor":66,"Busted Crown":80,"Ornamental Fan":20,"Orrery":82,"Bag of Marbles":33,"Membership Card":21,"Bottled Lightning":58,"PureWater":0,"TungstenRod":91,"Toy Ornithopter":124},{"Ice Cream":408,"Gremlin Horn":154,"CeramicFish":492,"Whetstone":15,"Old Coin":132,"Blood Vial":480,"Centennial Puzzle":317,"HornCleat":239,"FaceOfCleric":377,"MealTicket":104,"Prayer Wheel":480,"VioletLotus":288,"Kunai":302,"Girya":358,"Pear":147,"Happy Flower":621,"Blue Candle":529,"Oddly Smooth Stone":57,"Eternal Feather":271,"Akabeko":614,"WarpedTongs":84,"SlaversCollar":540,"OrangePellets":614,"Shuriken":358,"Bronze Scales":239,"Bird Faced Urn":358,"Snecko Eye":118,"Pandora\u0027s Box":424,"Molten Egg 2":574,"NlothsMask":172,"Meat on the Bone":227,"Lantern":480,"Regal Pillow":631,"Torii":328,"Singing Bowl":445,"StoneCalendar":367,"Bag of Preparation":276,"Incense Burner":614,"Ancient Tea Set":0,"Smiling Mask":142,"ClockworkSouvenir":358,"Frozen Eye":653,"Dream Catcher":28,"Nunchaku":706,"Shovel":549,"Mummified Hand":523,"Pantograph":22,"Tiny Chest":614,"Red Mask":276,"InkBottle":605,"Runic Pyramid":214,"Lee\u0027s Waffle":227,"Golden Idol":57,"Damaru":317,"PreservedInsect":57,"The Courier":397,"Omamori":480,"Orichalcum":195,"Odd Mushroom":499,"GoldenEye":22,"MawBank":135,"Mercury Hourglass":358,"Peace Pipe":154,"Strange Spoon":412,"Anchor":317,"Busted Crown":388,"Ornamental Fan":104,"Orrery":392,"Bag of Marbles":162,"Membership Card":106,"Bottled Lightning":273,"PureWater":0,"TungstenRod":436,"Toy Ornithopter":585}]},"card_choices":[{"not_picked":["WheelKick","PathToVictory"],"picked":"CarveReality","floor":1},{"not_picked":["Evaluate","FlurryOfBlows"],"picked":"EmptyMind","floor":3},{"not_picked":["Vengeance","Fasting2"],"picked":"BowlingBash","floor":5},{"not_picked":["FlyingSleeves","CutThroughFate"],"picked":"ClearTheMind","floor":6},{"not_picked":["MentalFortress","Evaluate"],"picked":"Tantrum","floor":8},{"not_picked":["Swivel","PathToVictory"],"picked":"SpiritShield","floor":12},{"not_picked":["EmptyMind","EmptyFist"],"picked":"ThirdEye","floor":13},{"not_picked":["Crescendo","FlyingSleeves"],"picked":"Worship","floor":14},{"not_picked":["Ragnarok","Judgement"],"picked":"Brilliance","floor":16},{"not_picked":["EmptyBody","CutThroughFate+1"],"picked":"SandsOfTime","floor":18},{"not_picked":["Vengeance+1","InnerPeace"],"picked":"Meditate","floor":19},{"not_picked":["Collect","Evaluate","FollowUp"],"picked":"SKIP","floor":21},{"not_picked":["CrushJoints","CutThroughFate","ReachHeaven"],"picked":"SKIP","floor":24},{"not_picked":["Evaluate","PathToVictory","Tantrum"],"picked":"SKIP","floor":27}],"player_experience":796362,"relics_obtained":[{"floor":6,"key":"Omamori"},{"floor":8,"key":"Odd Mushroom"},{"floor":12,"key":"Bag of Preparation"},{"floor":24,"key":"Nunchaku"},{"floor":26,"key":"Anchor"}],"event_choices":[{"damage_healed":0,"gold_gain":0,"player_choice":"Ignored","damage_taken":0,"max_hp_gain":0,"max_hp_loss":0,"event_name":"Liars Game","floor":2,"gold_loss":0},{"damage_healed":17,"gold_gain":0,"player_choice":"Healed","damage_taken":0,"max_hp_gain":0,"max_hp_loss":0,"event_name":"The Cleric","floor":4,"gold_loss":35},{"damage_healed":0,"gold_gain":0,"player_choice":"Fought Mushrooms","damage_taken":0,"max_hp_gain":0,"max_hp_loss":0,"event_name":"Mushrooms","floor":8,"gold_loss":0},{"damage_healed":0,"gold_gain":0,"player_choice":"Read","damage_taken":0,"max_hp_gain":0,"max_hp_loss":0,"event_name":"The Library","floor":20,"gold_loss":0,"cards_obtained":["Prostrate"]},{"damage_healed":0,"gold_gain":0,"player_choice":"Ignored","damage_taken":0,"max_hp_gain":0,"max_hp_loss":0,"event_name":"Cursed Tome","floor":28,"gold_loss":0}],"is_beta":false,"boss_relics":[{"not_picked":["SacredBark","Black Star"],"picked":"VioletLotus"}],"items_purged_floors":[7,22],"is_endless":false,"potions_floor_spawned":[5,6,8,16,24],"killed_by":"Book of Stabbing","ascension_level":20}}