{"host":"1a3cjta80tad0aqj","time":1611135490,"event":{"mods":["2.2 Compatiblity","AchievementEnabler","BaseMod","Colored Map","DeckTracker","KOR Keyword Fix","Keyboard Shortcuts","Minty Spire (QoL Compilation)","Permanent Neow","Quick Restart","Random Character Button","StSLib","SuperFastMode","everything is the same but u backflip on backflip"],"gold_per_floor":[310,310,310,328,82,82,99,109,109,109,123,139,139,89,89,89,89],"floor_reached":16,"language":"KOR","playtime":549,"items_purged":["Strike_P","Defend_P"],"score":184,"play_id":"c0bcd2a4-133a-4e52-8779-709397db9aef","local_time":"20210120183810","is_ascension_mode":true,"campfire_choices":[{"data":"Eruption","floor":6.0,"key":"SMITH"},{"floor":13.0,"key":"REST"},{"data":"InnerPeace","floor":15.0,"key":"SMITH"}],"circlet_count":0,"master_deck":["AscendersBane","Strike_P","Strike_P","Strike_P","Defend_P","Defend_P","Eruption+1","Vigilance","MentalFortress","InnerPeace+1","Halt"],"relics":["PureWater","Old Coin","Membership Card","Ginger","Bottled Tornado"],"acts_visited":["Exordium"],"potions_floor_usage":[],"damage_taken":[{"damage":8.0,"enemies":"2 Louse","floor":1.0,"turns":4.0},{"damage":7.0,"enemies":"Small Slimes","floor":4.0,"turns":3.0},{"damage":2.0,"enemies":"Jaw Worm","floor":7.0,"turns":5.0},{"damage":25.0,"enemies":"Gremlin Gang","floor":8.0,"turns":6.0},{"damage":2.0,"enemies":"2 Fungi Beasts","floor":11.0,"turns":5.0},{"damage":0.0,"enemies":"Blue Slaver","floor":12.0,"turns":1.0},{"damage":25,"enemies":"Slime Boss","floor":16,"turns":7}],"seed_played":"-2063624149759861173","potions_obtained":[{"floor":1.0,"key":"BlessingOfTheForge"},{"floor":11.0,"key":"DuplicationPotion"}],"is_trial":false,"path_per_floor":["M","?","?","M","$","R","M","M","T","T","M","M","R","$","R","B"],"character_chosen":"WATCHER","items_purchased":["Membership Card","InnerPeace"],"campfire_rested":1,"item_purchase_floors":[5,5],"current_hp_per_floor":[53,46,46,39,39,39,37,12,12,12,10,10,30,30,30,5,5],"gold":89,"neow_bonus":"ONE_RARE_RELIC","is_daily":false,"chose_seed":false,"campfire_upgraded":2,"win_rate":0.0,"timestamp":1611135490,"path_taken":["M","?","?","M","$","R","M","M","T","?","M","?","R","$","R","BOSS"],"items_purchased_type":["Relic","Card"],"build_version":"2020-12-22","purchased_purges":2,"victory":false,"max_hp_per_floor":[68,68,68,68,68,68,68,68,68,68,68,68,68,68,68,68,68],"card_choices":[{"not_picked":["JustLucky","Pray","ThirdEye"],"picked":"SKIP","floor":1.0},{"not_picked":["FollowUp","EmptyBody"],"picked":"MentalFortress","floor":4.0},{"not_picked":["ThirdEye","Study","Vengeance"],"picked":"SKIP","floor":7.0},{"not_picked":["WindmillStrike","FollowUp","Prostrate"],"picked":"SKIP","floor":8.0},{"not_picked":["EmptyBody","Worship","FollowUp"],"picked":"SKIP","floor":11.0},{"not_picked":["Consecrate","Protect"],"picked":"Halt","floor":12.0}],"player_experience":808186,"relics_obtained":[{"floor":9.0,"key":"Ginger"},{"floor":10.0,"key":"Bottled Tornado"}],"event_choices":[{"cards_removed":["Defend_P"],"damage_healed":0.0,"max_hp_gain":0.0,"max_hp_loss":0.0,"gold_gain":0.0,"event_name":"Golden Wing","player_choice":"Card Removal","floor":2.0,"gold_loss":0.0,"damage_taken":7.0},{"damage_healed":0.0,"max_hp_gain":0.0,"max_hp_loss":0.0,"gold_gain":0.0,"event_name":"Liars Game","player_choice":"Ignored","floor":3.0,"gold_loss":0.0,"damage_taken":0.0}],"is_beta":false,"boss_relics":[],"items_purged_floors":[5,14],"is_endless":false,"potions_floor_spawned":[1,11],"killed_by":"Slime Boss","ascension_level":20}}