{"host":"sc0o2qwpf9j16a4i","time":1611183407,"event":{"mods":["AchievementEnabler","BaseMod","BetterRewards","Block Reminder","Colored Map","Colored Powertips","Custom Start","Highlight Path","Minty Spire (QoL Compilation)","Relic Stats"],"gold_per_floor":[109,129,60,73,90,90,125,141,141,44,44,44,64,64,64,141,141,153,167,167,182,194,194,221,221,221,221,289,302,331,301,301,376,376,391,404,424,435,1,1,32,32,32,58,58,70,70,85,85,85,85],"floor_reached":50,"language":"ENG","playtime":1546,"items_purged":["Strike_R"],"score":1513,"play_id":"7431de75-95c7-43cf-9f3c-490b9bdf24e2","local_time":"20210121005647","is_ascension_mode":true,"campfire_choices":[{"floor":6,"key":"REST"},{"floor":11,"key":"REST"},{"data":"Rupture","floor":15,"key":"SMITH"},{"floor":23,"key":"REST"},{"floor":25,"key":"REST"},{"floor":27,"key":"REST"},{"data":"Armaments","floor":32,"key":"SMITH"},{"floor":40,"key":"REST"},{"floor":42,"key":"REST"},{"floor":49,"key":"RECALL"}],"circlet_count":0,"master_deck":["AscendersBane","Strike_R+1","Strike_R+1","Strike_R+1","Strike_R+1","Defend_R+1","Defend_R+1","Defend_R+1","Defend_R+1","Bash","Offering","Whirlwind","Anger+1","Combust","Iron Wave+1","Thunderclap+1","Rupture+1","Uppercut+1","Feed+1","Armaments+1","Flame Barrier","Shrug It Off","Iron Wave+1","Evolve+1","Offering","Corruption+1","Second Wind","Seeing Red","Fiend Fire+1","Demon Form+1","Exhume","Rupture+1","Shrug It Off"],"relics":["Burning Blood","Molten Egg 2","Oddly Smooth Stone","OrangePellets","Lantern","Toy Ornithopter","Tiny Chest","Anchor","Philosopher\u0027s Stone","Matryoshka","Orichalcum","Calipers","The Courier","Frozen Egg 2","Bottled Tornado","Runic Pyramid","Medical Kit","Charon\u0027s Ashes","Art of War","Sundial"],"acts_visited":["Exordium","TheCity","TheBeyond"],"potions_floor_usage":[5,18,21,22,30,30,33,44,46,46],"damage_taken":[{"damage":2,"enemies":"Cultist","floor":1,"turns":3},{"damage":6,"enemies":"Jaw Worm","floor":2,"turns":2},{"damage":6,"enemies":"Small Slimes","floor":4,"turns":1},{"damage":15,"enemies":"Exordium Wildlife","floor":5,"turns":5},{"damage":25,"enemies":"3 Sentries","floor":7,"turns":4},{"damage":0,"enemies":"3 Louse","floor":8,"turns":1},{"damage":15,"enemies":"Gremlin Gang","floor":13,"turns":3},{"damage":34,"enemies":"Hexaghost","floor":16,"turns":5},{"damage":28,"enemies":"3 Byrds","floor":18,"turns":3},{"damage":15,"enemies":"Shell Parasite","floor":19,"turns":3},{"damage":23,"enemies":"Chosen and Byrds","floor":21,"turns":4},{"damage":16,"enemies":"Shelled Parasite and Fungi","floor":22,"turns":3},{"damage":29,"enemies":"Book of Stabbing","floor":24,"turns":5},{"damage":7,"enemies":"Snake Plant","floor":29,"turns":4},{"damage":31,"enemies":"Slavers","floor":30,"turns":5},{"damage":21,"enemies":"Automaton","floor":33,"turns":10},{"damage":7,"enemies":"Orb Walker","floor":35,"turns":2},{"damage":25,"enemies":"3 Shapes","floor":36,"turns":7},{"damage":29,"enemies":"Maw","floor":37,"turns":7},{"damage":28,"enemies":"Jaw Worm Horde","floor":38,"turns":5},{"damage":35,"enemies":"Reptomancer","floor":41,"turns":5},{"damage":61,"enemies":"Giant Head","floor":44,"turns":6},{"damage":8,"enemies":"Transient","floor":46,"turns":6},{"damage":6,"enemies":"Writhing Mass","floor":48,"turns":5},{"damage":69,"enemies":"Time Eater","floor":50,"turns":5}],"seed_played":"-865485036463791148","potions_obtained":[{"floor":1,"key":"DuplicationPotion"},{"floor":5,"key":"SpeedPotion"},{"floor":7,"key":"Dexterity Potion"},{"floor":19,"key":"EssenceOfSteel"},{"floor":24,"key":"AttackPotion"},{"floor":29,"key":"Fire Potion"},{"floor":31,"key":"GamblersBrew"},{"floor":31,"key":"PowerPotion"},{"floor":33,"key":"SpeedPotion"},{"floor":44,"key":"DuplicationPotion"},{"floor":48,"key":"Ancient Potion"}],"is_trial":false,"path_per_floor":["M","M","?","M","M","R","E","M","T","$","R","?","M","$","R","B",null,"M","M","?","M","M","R","E","R","T","R","T","M","E","?","R","B",null,"M","M","M","M","$","R","E","R","T","E","$","M","T","M","R","B"],"character_chosen":"IRONCLAD","items_purchased":["Offering","Whirlwind","Molten Egg 2","Oddly Smooth Stone","OrangePellets","Lantern","Anger+1","Combust","Rupture","Energy Potion","Medical Kit","Seeing Red","Fiend Fire+1","Demon Form+1","PowerPotion"],"campfire_rested":7,"item_purchase_floors":[0,0,0,0,0,0,0,0,10,10,39,39,39,39,39],"current_hp_per_floor":[27,27,27,27,23,45,26,32,32,32,54,54,45,45,45,17,61,44,35,35,23,22,45,22,45,45,68,68,71,60,60,60,54,82,81,66,47,29,29,59,34,66,66,16,16,24,24,24,24,0,0],"gold":85,"neow_bonus":"","is_daily":false,"chose_seed":false,"campfire_upgraded":2,"win_rate":0.0,"timestamp":1611183407,"path_taken":["M","?","?","M","M","R","E","M","T","?","R","?","M","$","R","BOSS","M","M","?","M","M","R","E","R","T","R","?","?","E","?","R","BOSS","M","M","?","M","$","R","E","R","T","E","$","M","?","M","R","BOSS"],"items_purchased_type":["Card","Card","Relic","Relic","Relic","Relic","Card","Card","Card","Potion","Relic","Card","Card","Card","Potion"],"build_version":"2020-12-22","purchased_purges":1,"victory":false,"max_hp_per_floor":[75,75,75,75,75,75,75,75,75,75,75,75,75,75,75,75,75,75,75,75,75,79,79,79,79,79,79,79,83,87,87,87,91,91,91,95,99,103,103,103,107,107,107,107,107,107,107,107,107,107,107],"relic_stats":{"OrangePellets":[7],"counters":[81,338],"Sundial":[0],"Tiny Chest":2,"Charon\u0027s Ashes":[157],"Art of War":[2],"Orichalcum":[162],"Medical Kit":[22],"obtain_stats":[{"Calipers":26,"Gremlin Horn":24,"CeramicFish":14,"Ginger":6,"Bottled Tornado":30,"Boot":41,"Sozu":34,"Lizard Tail":11,"HornCleat":7,"Sundial":47,"MealTicket":26,"Philosopher\u0027s Stone":17,"Necronomicon":21,"Happy Flower":9,"Oddly Smooth Stone":31,"Pen Nib":14,"Charon\u0027s Ashes":41,"War Paint":20,"Question Card":45,"OrangePellets":30,"Brimstone":0,"Molten Egg 2":0,"Black Star":17,"Meat on the Bone":23,"Darkstone Periapt":11,"Lantern":26,"Regal Pillow":44,"Singing Bowl":0,"Mango":31,"Bag of Preparation":22,"Juzu Bracelet":24,"Burning Blood":0,"Matryoshka":24,"Tiny Chest":7,"Red Mask":28,"Chemical X":22,"Red Skull":9,"Runic Pyramid":34,"Potion Belt":31,"Golden Idol":10,"The Courier":28,"Omamori":31,"Orichalcum":20,"Frozen Egg 2":28,"Medical Kit":0,"Anchor":0,"Busted Crown":0,"Bag of Marbles":7,"Art of War":44,"Membership Card":4,"Toy Ornithopter":3},{"Calipers":69,"Gremlin Horn":14,"CeramicFish":25,"Ginger":37,"Bottled Tornado":71,"Boot":54,"Sozu":49,"Lizard Tail":6,"HornCleat":22,"Sundial":79,"MealTicket":15,"Philosopher\u0027s Stone":26,"Necronomicon":45,"Happy Flower":22,"Oddly Smooth Stone":34,"Pen Nib":9,"Charon\u0027s Ashes":77,"War Paint":28,"Question Card":55,"OrangePellets":33,"Brimstone":35,"Molten Egg 2":56,"Black Star":10,"Meat on the Bone":30,"Darkstone Periapt":38,"Lantern":45,"Regal Pillow":54,"Singing Bowl":17,"Mango":48,"Bag of Preparation":13,"Juzu Bracelet":14,"Burning Blood":0,"Matryoshka":69,"Tiny Chest":61,"Red Mask":47,"Chemical X":45,"Red Skull":4,"Runic Pyramid":72,"Potion Belt":16,"Golden Idol":22,"The Courier":69,"Omamori":16,"Orichalcum":12,"Frozen Egg 2":69,"Medical Kit":17,"Anchor":35,"Busted Crown":0,"Bag of Marbles":4,"Art of War":78,"Membership Card":36,"Toy Ornithopter":58},{"Calipers":271,"Gremlin Horn":57,"CeramicFish":101,"Ginger":169,"Bottled Tornado":280,"Boot":223,"Sozu":204,"Lizard Tail":20,"HornCleat":91,"Sundial":328,"MealTicket":62,"Philosopher\u0027s Stone":111,"Necronomicon":190,"Happy Flower":91,"Oddly Smooth Stone":150,"Pen Nib":29,"Charon\u0027s Ashes":316,"War Paint":119,"Question Card":227,"OrangePellets":143,"Brimstone":162,"Molten Egg 2":229,"Black Star":39,"Meat on the Bone":128,"Darkstone Periapt":172,"Lantern":190,"Regal Pillow":223,"Singing Bowl":71,"Mango":198,"Bag of Preparation":51,"Juzu Bracelet":57,"Burning Blood":0,"Matryoshka":271,"Tiny Chest":244,"Red Mask":194,"Chemical X":190,"Red Skull":13,"Runic Pyramid":290,"Potion Belt":66,"Golden Idol":91,"The Courier":271,"Omamori":66,"Orichalcum":48,"Frozen Egg 2":271,"Medical Kit":71,"Anchor":162,"Busted Crown":0,"Bag of Marbles":13,"Art of War":322,"Membership Card":165,"Toy Ornithopter":234}],"Burning Blood":339,"Toy Ornithopter":50},"card_choices":[{"not_picked":["Dropkick+1","Twin Strike+1"],"picked":"Iron Wave+1","floor":1},{"not_picked":["Warcry","Bloodletting","Anger+1"],"picked":"SKIP","floor":2},{"not_picked":["Dark Embrace","Pummel+1","Clash+1"],"picked":"SKIP","floor":4},{"not_picked":["Pummel+1","Power Through"],"picked":"Thunderclap+1","floor":5},{"not_picked":["Warcry","Exhume","Thunderclap+1"],"picked":"SKIP","floor":7},{"not_picked":["Pummel+1","Wild Strike+1","Sentinel"],"picked":"SKIP","floor":8},{"not_picked":["Battle Trance","Shrug It Off"],"picked":"Uppercut+1","floor":13},{"not_picked":["Fiend Fire+1","Demon Form"],"picked":"Feed+1","floor":16},{"not_picked":["Thunderclap+1","Flex"],"picked":"Armaments","floor":18},{"not_picked":["Anger+1","Heavy Blade+1"],"picked":"Flame Barrier","floor":19},{"not_picked":["Carnage+1","Havoc"],"picked":"Shrug It Off","floor":21},{"not_picked":["Havoc","Rage","Infernal Blade"],"picked":"SKIP","floor":22},{"not_picked":["Evolve","Dropkick+1"],"picked":"Iron Wave+1","floor":24},{"not_picked":["Thunderclap+1","Twin Strike+1"],"picked":"Evolve+1","floor":29},{"not_picked":["Headbutt+1","Anger+1"],"picked":"Offering","floor":30},{"not_picked":["Immolate+1","Demon Form+1"],"picked":"Corruption+1","floor":33},{"not_picked":["Wild Strike+1","Carnage+1","Twin Strike+1"],"picked":"SKIP","floor":35},{"not_picked":["Shrug It Off","Flex"],"picked":"Second Wind","floor":36},{"not_picked":["Fire Breathing+1","Perfected Strike+1","Whirlwind+1"],"picked":"SKIP","floor":37},{"not_picked":["Body Slam+1","Heavy Blade+1","Intimidate+1"],"picked":"SKIP","floor":38},{"not_picked":["Warcry","Cleave+1"],"picked":"Exhume","floor":41},{"not_picked":["Dropkick+1","Headbutt+1"],"picked":"Rupture+1","floor":44},{"not_picked":["Heavy Blade+1","Flex"],"picked":"Shrug It Off","floor":46},{"not_picked":["Havoc","Sword Boomerang+1","Heavy Blade+1"],"picked":"SKIP","floor":48}],"player_experience":818229,"relics_obtained":[{"floor":7,"key":"Tiny Chest"},{"floor":9,"key":"Anchor"},{"floor":24,"key":"Matryoshka"},{"floor":26,"key":"Orichalcum"},{"floor":26,"key":"Calipers"},{"floor":28,"key":"The Courier"},{"floor":28,"key":"Frozen Egg 2"},{"floor":30,"key":"Bottled Tornado"},{"floor":41,"key":"Charon\u0027s Ashes"},{"floor":44,"key":"Art of War"},{"floor":47,"key":"Sundial"}],"event_choices":[{"damage_healed":0,"gold_gain":0,"player_choice":"Paid Gold","damage_taken":0,"relics_obtained":["Toy Ornithopter"],"max_hp_gain":0,"max_hp_loss":0,"event_name":"WeMeetAgain","floor":3,"gold_loss":69},{"damage_healed":0,"gold_gain":0,"player_choice":"Ignored","damage_taken":0,"max_hp_gain":0,"max_hp_loss":0,"event_name":"Liars Game","floor":12,"gold_loss":0},{"damage_healed":0,"gold_gain":0,"player_choice":"Simplicity","damage_taken":0,"max_hp_gain":0,"max_hp_loss":0,"event_name":"Back to Basics","floor":20,"gold_loss":0,"cards_upgraded":["Strike_R","Strike_R","Strike_R","Strike_R","Defend_R","Defend_R","Defend_R","Defend_R"]},{"damage_healed":0,"gold_gain":0,"player_choice":"Bought 2 Potions","damage_taken":0,"max_hp_gain":0,"max_hp_loss":0,"event_name":"The Woman in Blue","floor":31,"gold_loss":0}],"is_beta":false,"boss_relics":[{"not_picked":["Busted Crown","Calling Bell"],"picked":"Philosopher\u0027s Stone"},{"not_picked":["SlaversCollar","Runic Dome"],"picked":"Runic Pyramid"}],"items_purged_floors":[0],"is_endless":false,"potions_floor_spawned":[1,5,7,16,19,24,29,33,35,41,44,48],"killed_by":"Time Eater","ascension_level":20}}