{"host":"lnt5dzsuhru0aonl","time":1611149203,"event":{"mods":["2.2 Compatiblity","BaseMod","Colored Map","Colored Powertips","DeckTracker","Keyboard Shortcuts","Minty Spire (QoL Compilation)","Permanent Neow","Rare Cards Sparkle","StSLib","SuperFastMode","everything is the same but u backflip on backflip"],"gold_per_floor":[112,112,124,124,124,152,77,77,77,94,107,182,182,201,201,279,279,279,279,279,279,279,279,279,279,279,279,179,179,179,179,179,179,179],"floor_reached":33,"language":"KOR","playtime":684,"items_purged":["Strike_G","Strike_G"],"score":536,"play_id":"9c5b46c5-cdb3-4316-9f16-1587f0465348","local_time":"20210120222643","is_ascension_mode":true,"campfire_choices":[{"data":"Deadly Poison","floor":8,"key":"SMITH"},{"data":"Bouncing Flask","floor":13,"key":"SMITH"},{"data":"Neutralize","floor":15,"key":"SMITH"},{"data":"After Image","floor":23,"key":"SMITH"},{"data":"Crippling Poison","floor":25,"key":"SMITH"},{"data":"Acrobatics","floor":27,"key":"SMITH"},{"floor":32,"key":"REST"}],"circlet_count":0,"master_deck":["AscendersBane","Strike_G","Strike_G","Strike_G","Defend_G","Defend_G","Defend_G","Defend_G","Defend_G","Survivor","Neutralize+1","Deadly Poison+1","Underhanded Strike","Dagger Spray","Well Laid Plans","Bouncing Flask+1","After Image+1","Noxious Fumes+1","Acrobatics+1","Crippling Poison+1","PiercingWail+1"],"relics":["Ring of the Snake","NeowsBlessing","WarpedTongs","Art of War","Mercury Hourglass","Ectoplasm","Darkstone Periapt","Potion Belt","Red Mask"],"acts_visited":["Exordium","TheCity"],"potions_floor_usage":[14,16],"damage_taken":[{"damage":0,"enemies":"Jaw Worm","floor":1,"turns":1},{"damage":1,"enemies":"Cultist","floor":3,"turns":1},{"damage":0,"enemies":"Lagavulin","floor":6,"turns":1},{"damage":0,"enemies":"2 Louse","floor":10,"turns":2},{"damage":7,"enemies":"Large Slime","floor":11,"turns":5},{"damage":0,"enemies":"Exordium Wildlife","floor":14,"turns":3},{"damage":14,"enemies":"Hexaghost","floor":16,"turns":8},{"damage":7,"enemies":"Chosen","floor":18,"turns":4},{"damage":8,"enemies":"Spheric Guardian","floor":20,"turns":3},{"damage":16,"enemies":"Masked Bandits","floor":29,"turns":3},{"damage":11,"enemies":"Shelled Parasite and Fungi","floor":30,"turns":5},{"damage":16,"enemies":"3 Cultists","floor":31,"turns":5},{"damage":31,"enemies":"Collector","floor":33,"turns":6}],"seed_played":"6826217294758761083","potions_obtained":[{"floor":1,"key":"Block Potion"},{"floor":11,"key":"Dexterity Potion"},{"floor":18,"key":"SteroidPotion"}],"is_trial":false,"path_per_floor":["M","?","M","?","?","E","$","R","T","M","M","?","R","M","R","B",null,"M","?","M","?","?","R","T","R","T","R","$","?","M","M","R","B"],"character_chosen":"THE_SILENT","items_purchased":[],"campfire_rested":1,"item_purchase_floors":[],"current_hp_per_floor":[59,59,58,51,56,56,56,56,56,56,49,38,38,38,38,24,59,52,52,44,44,44,44,44,44,44,44,44,28,17,1,22,0,0],"gold":179,"neow_bonus":"THREE_ENEMY_KILL","is_daily":false,"chose_seed":false,"campfire_upgraded":6,"win_rate":0.0,"timestamp":1611149203,"path_taken":["M","?","?","?","?","E","?","R","T","M","M","?","R","M","R","BOSS","M","?","M","?","?","R","?","R","T","R","$","?","M","M","R","BOSS"],"items_purchased_type":[],"build_version":"2020-12-22","purchased_purges":2,"victory":false,"max_hp_per_floor":[66,66,66,66,71,71,71,71,71,71,71,71,71,71,71,71,71,71,71,71,71,71,71,71,71,71,71,71,71,71,71,71,71,71],"card_choices":[{"not_picked":["Escape Plan","Bane"],"picked":"Deadly Poison","floor":1},{"not_picked":["Outmaneuver","Cloak And Dagger"],"picked":"Underhanded Strike","floor":3},{"not_picked":["Expertise","Bane"],"picked":"Dagger Spray","floor":6},{"not_picked":["Underhanded Strike","Dash"],"picked":"Well Laid Plans","floor":10},{"not_picked":["Blade Dance","Prepared"],"picked":"Bouncing Flask","floor":11},{"not_picked":["All Out Attack","Poisoned Stab","Underhanded Strike"],"picked":"SKIP","floor":14},{"not_picked":["Storm of Steel","Night Terror"],"picked":"After Image","floor":16},{"not_picked":["Flying Knee","Crippling Poison+1"],"picked":"Noxious Fumes+1","floor":18},{"not_picked":["Dagger Spray","Cloak And Dagger"],"picked":"Acrobatics","floor":20},{"not_picked":["Dodge and Roll","Underhanded Strike+1","Riddle With Holes"],"picked":"SKIP","floor":30},{"not_picked":["Caltrops","Noxious Fumes"],"picked":"PiercingWail+1","floor":31}],"player_experience":714746,"relics_obtained":[{"floor":6,"key":"Art of War"},{"floor":9,"key":"Mercury Hourglass"},{"floor":24,"key":"Darkstone Periapt"},{"floor":26,"key":"Potion Belt"},{"floor":29,"key":"Red Mask"}],"event_choices":[{"damage_healed":0,"gold_gain":0,"player_choice":"Rummage","damage_taken":0,"relics_obtained":["WarpedTongs"],"max_hp_gain":0,"max_hp_loss":0,"event_name":"Accursed Blacksmith","floor":2,"gold_loss":0,"cards_obtained":["Pain"]},{"cards_removed":["Pain"],"damage_healed":0,"gold_gain":0,"player_choice":"Card Removal","damage_taken":7,"max_hp_gain":0,"max_hp_loss":0,"event_name":"Golden Wing","floor":4,"gold_loss":0},{"damage_healed":0,"gold_gain":0,"player_choice":"Donut","damage_taken":0,"max_hp_gain":5,"max_hp_loss":0,"event_name":"Big Fish","floor":5,"gold_loss":0},{"damage_healed":0,"gold_gain":75,"player_choice":"Gather Gold","damage_taken":11,"max_hp_gain":0,"max_hp_loss":0,"event_name":"World of Goop","floor":12,"gold_loss":0},{"damage_healed":0,"gold_gain":0,"player_choice":"Ignored","damage_taken":0,"max_hp_gain":0,"max_hp_loss":0,"event_name":"Ghosts","floor":19,"gold_loss":0},{"damage_healed":0,"gold_gain":50,"player_choice":"Stole From Cult","damage_taken":0,"max_hp_gain":0,"max_hp_loss":0,"event_name":"Nest","floor":21,"gold_loss":0},{"damage_healed":0,"gold_gain":0,"player_choice":"Read","damage_taken":0,"max_hp_gain":0,"max_hp_loss":0,"event_name":"The Library","floor":22,"gold_loss":0,"cards_obtained":["Crippling Poison"]},{"damage_healed":0,"gold_gain":0,"player_choice":"Fought Bandits","damage_taken":0,"max_hp_gain":0,"max_hp_loss":0,"event_name":"Masked Bandits","floor":29,"gold_loss":0}],"is_beta":false,"boss_relics":[{"not_picked":["Empty Cage","Coffee Dripper"],"picked":"Ectoplasm"}],"items_purged_floors":[7,28],"is_endless":false,"potions_floor_spawned":[1,11,18],"killed_by":"Collector","ascension_level":20}}