{"host":"hwrdjx5eod2cxh09","time":1611145128,"event":{"mods":["AchievementEnabler","BaseMod","Bestiary","Minty Spire (QoL Compilation)","Relic Stats"],"gold_per_floor":[216,35,35,52,78,93,126,126,172,198,211,242,262,291,291,386,386,409,41,41,140,140,174,174,189,189,204,204,223,253,26,26,126,126,139,39,39,56,75,109,121,121,146,146,166,192,209,224,224,224,224,224,100,133,133,133],"floor_reached":55,"language":"ENG","playtime":4986,"items_purged":["Strike_B","Strike_B"],"score":964,"play_id":"b6aae27f-2aaa-4e8c-8ebb-d6ea2f7e91c9","local_time":"20210120211848","is_ascension_mode":true,"campfire_choices":[{"floor":8.0,"key":"REST"},{"floor":15.0,"key":"DIG"},{"floor":24.0,"key":"DIG"},{"floor":32.0,"key":"DIG"},{"floor":42.0,"key":"RECALL"},{"floor":49,"key":"DIG"},{"floor":52,"key":"DIG"}],"circlet_count":0,"master_deck":["Defend_B","Defend_B","Defend_B","Defend_B","Zap","Dualcast","Reinforced Body","Apotheosis+1","Sunder","Capacitor","Coolheaded","Consume","Reboot","Loop","Seek","CurseOfTheBell","Capacitor","Lockon","Fission","Cold Snap+1","Turbo","Coolheaded+1","Barrage","Recycle","Static Discharge+1","Hologram","Fusion","Turbo+1","Loop","Ball Lightning","Capacitor"],"relics":["FrozenCore","Potion Belt","Oddly Smooth Stone","Pen Nib","Shovel","InkBottle","Bag of Preparation","Sundial","Calling Bell","MawBank","Shuriken","Dead Branch","Emotion Chip","Bird Faced Urn","Art of War","Gambling Chip","Orrery","Strawberry","Bottled Lightning","PreservedInsect","Boot","Singing Bowl","Gremlin Horn","Bottled Flame","Kunai"],"acts_visited":["Exordium","TheCity","TheBeyond","TheEnding"],"potions_floor_usage":[54,54,55,55],"damage_taken":[{"damage":0.0,"enemies":"2 Louse","floor":1.0,"turns":2.0},{"damage":6.0,"enemies":"Jaw Worm","floor":4.0,"turns":3.0},{"damage":0.0,"enemies":"Cultist","floor":6.0,"turns":3.0},{"damage":18.0,"enemies":"Gremlin Nob","floor":7.0,"turns":4.0},{"damage":16.0,"enemies":"3 Sentries","floor":10.0,"turns":6.0},{"damage":0.0,"enemies":"Exordium Wildlife","floor":11.0,"turns":3.0},{"damage":0.0,"enemies":"Lagavulin","floor":12.0,"turns":5.0},{"damage":6.0,"enemies":"2 Fungi Beasts","floor":13.0,"turns":3.0},{"damage":0.0,"enemies":"Gremlin Nob","floor":14.0,"turns":3.0},{"damage":32.0,"enemies":"Hexaghost","floor":16.0,"turns":10.0},{"damage":6.0,"enemies":"Spheric Guardian","floor":18.0,"turns":5.0},{"damage":21.0,"enemies":"Slavers","floor":23.0,"turns":5.0},{"damage":2.0,"enemies":"Chosen","floor":25.0,"turns":7.0},{"damage":21.0,"enemies":"Snake Plant","floor":27.0,"turns":3.0},{"damage":2.0,"enemies":"Centurion and Healer","floor":29.0,"turns":6.0},{"damage":5.0,"enemies":"Gremlin Leader","floor":30.0,"turns":4.0},{"damage":6.0,"enemies":"Collector","floor":33.0,"turns":16.0},{"damage":10.0,"enemies":"Orb Walker","floor":35.0,"turns":5.0},{"damage":0.0,"enemies":"3 Shapes","floor":38.0,"turns":5.0},{"damage":18.0,"enemies":"Transient","floor":39.0,"turns":5.0},{"damage":0.0,"enemies":"Nemesis","floor":40.0,"turns":7.0},{"damage":0.0,"enemies":"Spire Growth","floor":41.0,"turns":5.0},{"damage":0.0,"enemies":"4 Shapes","floor":45.0,"turns":8.0},{"damage":16.0,"enemies":"Reptomancer","floor":46.0,"turns":8.0},{"damage":12.0,"enemies":"Jaw Worm Horde","floor":47.0,"turns":4.0},{"damage":0.0,"enemies":"Sphere and 2 Shapes","floor":48.0,"turns":5.0},{"damage":18,"enemies":"Donu and Deca","floor":50,"turns":8},{"damage":33,"enemies":"Shield and Spear","floor":54,"turns":6},{"damage":78,"enemies":"The Heart","floor":55,"turns":14}],"seed_played":"-5604374289103537718","potions_obtained":[{"floor":4.0,"key":"LiquidMemories"},{"floor":10.0,"key":"Explosive Potion"},{"floor":11.0,"key":"Energy Potion"},{"floor":14.0,"key":"DuplicationPotion"},{"floor":16.0,"key":"Fire Potion"},{"floor":18.0,"key":"FocusPotion"},{"floor":27.0,"key":"Dexterity Potion"},{"floor":29.0,"key":"Fire Potion"},{"floor":33.0,"key":"SmokeBomb"},{"floor":35.0,"key":"Dexterity Potion"},{"floor":38.0,"key":"DuplicationPotion"},{"floor":45.0,"key":"BlessingOfTheForge"},{"floor":54,"key":"EssenceOfDarkness"}],"is_trial":false,"path_per_floor":["M","$","?","M","T","M","E","R","T","E","M","E","M","E","R","B",null,"M","$","?","?","?","E","R","M","T","M","?","M","E","$","R","B",null,"M","$","?","M","M","E","M","R","T","?","M","E","M","M","R","B",null,"R","$","E","B"],"character_chosen":"DEFECT","items_purchased":["Apotheosis","Capacitor","Emotion Chip","Orrery","Swift Potion","Swift Potion","Ball Lightning"],"campfire_rested":1,"item_purchase_floors":[2,19,19,31,53,53,53],"current_hp_per_floor":[75,75,75,69,69,69,51,73,73,57,57,57,51,51,51,19,75,69,69,69,69,69,48,48,58,58,39,39,41,46,46,53,61,82,78,78,78,82,68,80,82,82,82,82,82,84,78,86,86,86,86,86,86,59,0,0],"gold":133,"neow_bonus":"HUNDRED_GOLD","is_daily":false,"chose_seed":false,"campfire_upgraded":0,"win_rate":0.0,"timestamp":1611145128,"path_taken":["M","$","?","M","?","M","E","R","T","E","M","E","M","E","R","BOSS","M","$","?","?","?","E","R","M","T","M","?","M","E","?","R","BOSS","M","$","?","M","M","E","M","R","T","?","M","E","M","?","R","BOSS","R","$","E","BOSS"],"items_purchased_type":["Card","Card","Relic","Relic","Potion","Potion","Card"],"build_version":"2020-12-22","purchased_purges":2,"victory":false,"max_hp_per_floor":[75,75,75,75,75,75,75,75,75,75,75,75,75,75,75,75,75,75,75,75,75,75,75,75,75,75,75,75,75,75,75,82,82,82,82,82,82,82,82,82,82,82,82,82,82,84,86,86,86,86,86,86,86,86,86,86],"relic_stats":{"Singing Bowl":4,"Gremlin Horn":[0,0],"counters":[29,166],"Dead Branch":[128],"Pen Nib":[15],"PreservedInsect":128,"Bag of Preparation":[40],"MawBank":24,"Boot":[16],"FrozenCore":[39],"Emotion Chip":[61,24,32,0,5],"Shovel":5,"Sundial":[28],"Shuriken":[10],"Bird Faced Urn":[134],"Gambling Chip":[48],"Art of War":[41],"Kunai":[1],"obtain_stats":[{"Singing Bowl":46,"Gremlin Horn":49,"Bag of Preparation":14,"Boot":44,"FrozenCore":34,"Emotion Chip":19,"Shovel":10,"Sundial":15,"Gambling Chip":30,"Strawberry":32,"Kunai":54,"Cracked Core":0,"InkBottle":12,"Potion Belt":5,"Dead Branch":17,"Oddly Smooth Stone":7,"Pen Nib":9,"PreservedInsect":43,"MawBank":17,"Calling Bell":17,"Bottled Flame":52,"Shuriken":17,"Bird Faced Urn":23,"Orrery":31,"Art of War":24,"Bottled Lightning":40},{"Singing Bowl":24,"Gremlin Horn":26,"Bag of Preparation":9,"Boot":22,"FrozenCore":17,"Emotion Chip":11,"Shovel":5,"Sundial":9,"Gambling Chip":16,"Strawberry":16,"Kunai":28,"Cracked Core":0,"InkBottle":7,"Potion Belt":2,"Dead Branch":10,"Oddly Smooth Stone":4,"Pen Nib":4,"PreservedInsect":22,"MawBank":10,"Calling Bell":10,"Bottled Flame":27,"Shuriken":10,"Bird Faced Urn":12,"Orrery":16,"Art of War":12,"Bottled Lightning":21},{"Singing Bowl":129,"Gremlin Horn":138,"Bag of Preparation":32,"Boot":113,"FrozenCore":86,"Emotion Chip":46,"Shovel":18,"Sundial":32,"Gambling Chip":70,"Strawberry":70,"Kunai":152,"Cracked Core":0,"InkBottle":26,"Potion Belt":5,"Dead Branch":41,"Oddly Smooth Stone":12,"Pen Nib":12,"PreservedInsect":113,"MawBank":41,"Calling Bell":41,"Bottled Flame":146,"Shuriken":41,"Bird Faced Urn":50,"Orrery":70,"Art of War":50,"Bottled Lightning":108}],"InkBottle":[66]},"card_choices":[{"not_picked":["Sweeping Beam","Cold Snap"],"picked":"Reinforced Body","floor":1.0},{"not_picked":["Heatsinks","Gash"],"picked":"Sunder","floor":4.0},{"not_picked":["Buffer","Sunder"],"picked":"Capacitor","floor":6.0},{"not_picked":["Reprogram","Rainbow"],"picked":"Coolheaded","floor":7.0},{"not_picked":["BootSequence","Force Field"],"picked":"Consume","floor":10.0},{"not_picked":["Barrage","Recycle","Leap"],"picked":"SKIP","floor":11.0},{"not_picked":["Aggregate","Rebound"],"picked":"Reboot","floor":12.0},{"not_picked":["Doom and Gloom","Barrage","Beam Cell"],"picked":"SKIP","floor":13.0},{"not_picked":["Heatsinks","Gash"],"picked":"Loop","floor":14.0},{"not_picked":["Thunder Strike","Core Surge"],"picked":"Seek","floor":16.0},{"not_picked":["Rebound","Rip and Tear+1","Hello World"],"picked":"SKIP","floor":18.0},{"not_picked":["Go for the Eyes","Redo"],"picked":"Cold Snap+1","floor":23.0},{"not_picked":["Heatsinks+1","Rebound+1"],"picked":"Turbo","floor":25.0},{"not_picked":["Meteor Strike","Streamline","Rip and Tear+1"],"picked":"SKIP","floor":27.0},{"not_picked":["Streamline","Leap"],"picked":"Coolheaded+1","floor":29.0},{"not_picked":["Streamline+1","Reinforced Body","Rainbow"],"picked":"SKIP","floor":30.0},{"not_picked":["Streamline+1","Reinforced Body","Rainbow"],"picked":"SKIP","floor":30.0},{"not_picked":["Reinforced Body","FTL+1"],"picked":"Barrage","floor":31.0},{"not_picked":["Streamline","Beam Cell+1"],"picked":"Recycle","floor":31.0},{"not_picked":["Barrage","Doom and Gloom+1"],"picked":"Static Discharge+1","floor":31.0},{"not_picked":["Static Discharge+1","Leap","Barrage+1"],"picked":"SKIP","floor":35.0},{"not_picked":["Ball Lightning","Rip and Tear+1"],"picked":"Hologram","floor":38.0},{"not_picked":["Ball Lightning","Heatsinks+1","Sweeping Beam+1"],"picked":"SKIP","floor":39.0},{"not_picked":["Ball Lightning","Reprogram"],"picked":"Fusion","floor":40.0},{"not_picked":["Chill","Gash+1"],"picked":"Turbo+1","floor":41.0},{"not_picked":["Rip and Tear+1","Turbo","Ball Lightning"],"picked":"SKIP","floor":45.0},{"not_picked":["Sweeping Beam","Fusion+1","Redo+1"],"picked":"Singing Bowl","floor":46.0},{"not_picked":["Beam Cell","Doom and Gloom","Force Field+1"],"picked":"Singing Bowl","floor":47.0},{"not_picked":["Beam Cell","Sunder+1"],"picked":"Loop","floor":48.0},{"not_picked":["Turbo+1","Reboot"],"picked":"Capacitor","floor":54}],"player_experience":198913,"relics_obtained":[{"floor":5.0,"key":"Potion Belt"},{"floor":7.0,"key":"Oddly Smooth Stone"},{"floor":9.0,"key":"Pen Nib"},{"floor":10.0,"key":"Shovel"},{"floor":12.0,"key":"InkBottle"},{"floor":14.0,"key":"Bag of Preparation"},{"floor":15.0,"key":"Sundial"},{"floor":17.0,"key":"MawBank"},{"floor":17.0,"key":"Shuriken"},{"floor":17.0,"key":"Dead Branch"},{"floor":23.0,"key":"Bird Faced Urn"},{"floor":24.0,"key":"Art of War"},{"floor":30.0,"key":"Gambling Chip"},{"floor":32.0,"key":"Strawberry"},{"floor":40.0,"key":"Bottled Lightning"},{"floor":43.0,"key":"PreservedInsect"},{"floor":46.0,"key":"Singing Bowl"},{"floor":49,"key":"Gremlin Horn"},{"floor":52,"key":"Bottled Flame"},{"floor":54,"key":"Kunai"}],"event_choices":[{"damage_healed":0.0,"max_hp_gain":0.0,"max_hp_loss":0.0,"gold_gain":0.0,"event_name":"Living Wall","player_choice":"Grow","floor":3.0,"gold_loss":0.0,"damage_taken":0.0,"cards_upgraded":["Apotheosis"]},{"damage_healed":0.0,"max_hp_gain":0.0,"max_hp_loss":0.0,"gold_gain":0.0,"event_name":"Ghosts","player_choice":"Ignored","floor":20.0,"gold_loss":0.0,"damage_taken":0.0},{"damage_healed":0.0,"max_hp_gain":0.0,"max_hp_loss":0.0,"gold_gain":99.0,"event_name":"Nest","player_choice":"Stole From Cult","floor":21.0,"gold_loss":0.0,"damage_taken":0.0},{"damage_healed":0.0,"max_hp_gain":0.0,"max_hp_loss":0.0,"gold_gain":0.0,"cards_transformed":["Strike_B","Strike_B"],"event_name":"Drug Dealer","player_choice":"Became Test Subject","floor":22.0,"gold_loss":0.0,"damage_taken":0.0,"cards_obtained":["Lockon","Fission"]},{"damage_healed":0.0,"max_hp_gain":0.0,"max_hp_loss":0.0,"gold_gain":0.0,"event_name":"The Mausoleum","player_choice":"Ignored","floor":28.0,"gold_loss":0.0,"damage_taken":0.0},{"damage_healed":0.0,"max_hp_gain":0.0,"max_hp_loss":0.0,"gold_gain":0.0,"event_name":"SensoryStone","player_choice":"Memory 1","floor":37.0,"gold_loss":0.0,"damage_taken":0.0},{"damage_healed":0.0,"max_hp_gain":0.0,"max_hp_loss":0.0,"gold_gain":0.0,"event_name":"WeMeetAgain","player_choice":"Gave Potion","floor":44.0,"gold_loss":0.0,"damage_taken":0.0,"relics_obtained":["Boot"]}],"is_beta":false,"boss_relics":[{"not_picked":["Philosopher\u0027s Stone","Tiny House"],"picked":"Calling Bell"},{"not_picked":["Coffee Dripper","Nuclear Battery"],"picked":"FrozenCore"}],"items_purged_floors":[31,36],"is_endless":false,"potions_floor_spawned":[4,10,11,14,16,18,27,29,33,35,38,41,45,54],"killed_by":"The Heart","ascension_level":1}}