{"host":"cxvb37eaaiijvrl4","time":1611118144,"event":{"mods":["ATMod(°¢èªMod)","BaseMod","Better Third Choice","Minty Spire (QoL Compilation)","MostiFishMod","Quick Restart","Rare Cards Sparkle","Shop Mod","Spicy Shops","StSLib","TestMod","Uncapped","²ÐÁôÖ®Îï"],"gold_per_floor":[118,132,132,149,149,149,169,187,212,247,261,29,62,73,73,152,202,221,121,140,156,168,168,199,210,235,235,235,253,268,293,293,366,366,379,404,107,147,183,338,338,388,388,425,425,479,479,635,635,660,785,785,785,21,104,129],"floor_reached":57,"language":"ZHS","playtime":1838,"items_purged":["Strike_R","Strike_R","Strike_R+1","Bash+1"],"score":3777,"play_id":"14769172-83d6-4fbe-9a3e-2ac79e6ad527","local_time":"20210119204904","is_ascension_mode":true,"campfire_choices":[{"data":"Feed","floor":6.0,"key":"SMITH"},{"data":"MostiFishMod:RacingGame","floor":15.0,"key":"SMITH"},{"data":"Body Slam","floor":23.0,"key":"SMITH"},{"data":"AT_BodySlamDance","floor":32.0,"key":"SMITH"},{"data":"MostiFishMod:RacingGame","floor":41.0,"key":"SMITH"},{"data":"Burning Pact","floor":45.0,"key":"SMITH"},{"floor":49,"key":"RECALL"},{"data":"Dark Embrace","floor":53,"key":"SMITH"}],"circlet_count":0,"master_deck":["AscendersBane","Defend_R","Defend_R","Defend_R","Defend_R","Dark Embrace+1","MostiFishMod:PathToVictory+1","Feed+1","Body Slam+1","Evolve","MostiFishMod:RacingGame+1","AT_BodySlamDance+1","MostiFishMod:404NotFound+1","Seeing Red","Limit Break","Battle Trance+1","MostiFishMod:RacingGame+1","Feel No Pain","Feel No Pain","Burning Pact+1","Feel No Pain"],"relics":["testmod-TestBox","DaveBox","AT_ATBox","GreenFoldingFan","testmod-Justice","testmod-BloodSacrificeSpiritualization","SynthV:TestCard","Red Skull","Lantern","Civilization","Molten Egg 2","Tiny House","SentryEyes","AT_BladeRuinedKing","Tiny Chest","testmod-EnergyCheck","Girya","AT_MibuBalloonWealth","PlaceholderMod:DaolothFragment","AT_EbonyIvory","Eternal Feather","Singing Bowl","Membership Card","testmod-BalancedPeriapt","Bottled Tornado","Pen Nib","testmod-OneHitWonder","Sling","Bag of Preparation"],"acts_visited":["Exordium","TheCity","TheBeyond","TheEnding"],"potions_floor_usage":[56],"damage_taken":[{"damage":6.0,"enemies":"2 Louse","floor":1.0,"turns":3.0},{"damage":7.0,"enemies":"Small Slimes","floor":2.0,"turns":3.0},{"damage":7.0,"enemies":"Cultist","floor":4.0,"turns":3.0},{"damage":14.0,"enemies":"3 Louse","floor":7.0,"turns":3.0},{"damage":35.0,"enemies":"Large Slime","floor":8.0,"turns":5.0},{"damage":42.0,"enemies":"Lagavulin","floor":10.0,"turns":6.0},{"damage":2.0,"enemies":"Looter","floor":11.0,"turns":1.0},{"damage":20.0,"enemies":"3 Sentries","floor":13.0,"turns":5.0},{"damage":13.0,"enemies":"2 Fungi Beasts","floor":14.0,"turns":2.0},{"damage":16.0,"enemies":"The Guardian","floor":16.0,"turns":5.0},{"damage":6.0,"enemies":"3 Byrds","floor":18.0,"turns":3.0},{"damage":2.0,"enemies":"Chosen","floor":20.0,"turns":1.0},{"damage":14.0,"enemies":"Snake Plant","floor":21.0,"turns":3.0},{"damage":4.0,"enemies":"Centurion and Healer","floor":22.0,"turns":2.0},{"damage":16.0,"enemies":"Slavers","floor":24.0,"turns":1.0},{"damage":34.0,"enemies":"Shelled Parasite and Fungi","floor":25.0,"turns":3.0},{"damage":6.0,"enemies":"Snecko","floor":29.0,"turns":3.0},{"damage":6.0,"enemies":"Sentry and Sphere","floor":30.0,"turns":3.0},{"damage":20.0,"enemies":"Book of Stabbing","floor":31.0,"turns":1.0},{"damage":8.0,"enemies":"Collector","floor":33.0,"turns":4.0},{"damage":21.0,"enemies":"3 Shapes","floor":35.0,"turns":2.0},{"damage":14.0,"enemies":"Mind Bloom Boss Battle","floor":36.0,"turns":4.0},{"damage":4.0,"enemies":"Orb Walker","floor":38.0,"turns":2.0},{"damage":2.0,"enemies":"Writhing Mass","floor":39.0,"turns":1.0},{"damage":4.0,"enemies":"Reptomancer","floor":40.0,"turns":2.0},{"damage":8.0,"enemies":"Giant Head","floor":42.0,"turns":4.0},{"damage":6.0,"enemies":"Maw","floor":44.0,"turns":3.0},{"damage":2.0,"enemies":"Nemesis","floor":46.0,"turns":1.0},{"damage":6.0,"enemies":"Reptomancer","floor":48.0,"turns":3.0},{"damage":2,"enemies":"Time Eater","floor":50,"turns":1},{"damage":6,"enemies":"Awakened One","floor":51,"turns":3},{"damage":4,"enemies":"Shield and Spear","floor":55,"turns":2},{"damage":73,"enemies":"The Heart","floor":56,"turns":5}],"seed_played":"8892336481265638987","potions_obtained":[{"floor":1.0,"key":"LiquidBronze"},{"floor":2.0,"key":"testmod-SpacePotion"},{"floor":7.0,"key":"SteroidPotion"},{"floor":14.0,"key":"Dexterity Potion"},{"floor":16.0,"key":"SpeedPotion"},{"floor":17.0,"key":"testmod-TestPotion"},{"floor":21.0,"key":"Strength Potion"},{"floor":33.0,"key":"DistilledChaos"},{"floor":35.0,"key":"GamblersBrew"},{"floor":38.0,"key":"Fruit Juice"},{"floor":39.0,"key":"Fruit Juice"},{"floor":48,"key":"Swift Potion"}],"is_trial":false,"path_per_floor":["M","M","?","M","?","R","M","M","T","E","M","$","E","M","R","B",null,"M","$","M","M","M","R","E","M","T","?","?","M","M","E","R","B",null,"M","?","$","M","M","E","R","E","T","M","R","E","?","E","R","B","B",null,"R","$","E","B",null],"character_chosen":"IRONCLAD","items_purchased":["Civilization","AT_MibuBalloonWealth","Membership Card","testmod-BalancedPeriapt","Bottled Tornado","Feel No Pain","Pen Nib","testmod-OneHitWonder","Sling","PlaceholderMod:PlaceholderPotion"],"campfire_rested":0,"item_purchase_floors":[12,37,54,54,54,54,54,54,54,54],"current_hp_per_floor":[72,75,67,70,70,70,70,49,49,17,29,29,26,32,32,35,98,107,107,120,125,140,140,139,124,124,124,73,86,99,94,94,105,173,171,176,176,196,214,229,229,240,240,249,261,268,264,279,285,290,295,295,295,295,295,259],"gold":129,"neow_bonus":"BOSS_RELIC","is_daily":false,"chose_seed":false,"campfire_upgraded":7,"win_rate":0.0,"timestamp":1611118144,"path_taken":["M","M","?","M","?","R","M","M","T","E","M","$","E","?","R","BOSS","M","$","M","M","M","R","E","M","T","?","?","M","M","E","R","BOSS","M","?","$","M","M","E","R","E","T","M","R","E","?","E","R","BOSS","BOSS","R","$","E","BOSS"],"items_purchased_type":["Relic","Relic","Relic","Relic","Relic","Card","Relic","Relic","Relic","Potion"],"build_version":"2020-12-22","purchased_purges":4,"victory":true,"max_hp_per_floor":[75,75,75,75,75,75,79,83,83,83,87,87,94,103,103,112,117,122,122,127,136,145,145,150,159,159,159,164,173,182,187,187,196,196,205,214,214,228,238,247,247,256,256,261,261,268,274,285,285,290,295,295,295,295,295,295],"card_choices":[{"not_picked":["Intimidate","AT_IchimonjiDouble","Seeing Red"],"picked":"SKIP","floor":1.0},{"not_picked":["Clothesline","Pommel Strike","Uppercut","Bloodletting"],"picked":"Dark Embrace","floor":2.0},{"not_picked":["Thunderclap","Rupture","True Grit","Warcry"],"picked":"Feed","floor":4.0},{"not_picked":["MostiFishMod:BrandingRite","Dual Wield","Entrench","Searing Blow"],"picked":"Body Slam","floor":7.0},{"not_picked":["AT_GerminateFire","Havoc","Uppercut","Warcry"],"picked":"Evolve","floor":8.0},{"not_picked":["AT_DiedThrough","Iron Wave","AT_ManFootWork","Dropkick"],"picked":"MostiFishMod:RacingGame","floor":10.0},{"not_picked":["Power Through","Wild Strike","Anger","Perfected Strike"],"picked":"AT_BodySlamDance","floor":11.0},{"not_picked":["Rage","AT_BodySlamDance","Whirlwind+1","Rampage+1","Wild Strike+1"],"picked":"SKIP","floor":13.0},{"not_picked":["AT_IchimonjiDouble+1","Body Slam+1","Pommel Strike+1","Spot Weakness","Thunderclap+1"],"picked":"SKIP","floor":14.0},{"not_picked":["Offering","MostiFishMod:HellRitual","Reaper+1","MostiFishMod:FireWorks"],"picked":"MostiFishMod:404NotFound+1","floor":16.0},{"not_picked":["Headbutt+1","Metallicize","Sentinel","AT_BodySlamDance","AT_GerminateFire"],"picked":"SKIP","floor":18.0},{"not_picked":["Warcry","Dark Embrace","Thunderclap+1","Disarm","True Grit"],"picked":"SKIP","floor":20.0},{"not_picked":["Sword Boomerang+1","Headbutt+1","Wild Strike+1","Shrug It Off"],"picked":"Seeing Red","floor":21.0},{"not_picked":["AT_ManFootWork","Flex","Clothesline+1","Power Through","Evolve"],"picked":"SKIP","floor":22.0},{"not_picked":["Limit Break","Twin Strike+1","Shrug It Off","AT_CaressingTears","Sword Boomerang+1"],"picked":"SKIP","floor":24.0},{"not_picked":["Twin Strike+1","Shrug It Off","AT_CaressingTears","Sword Boomerang+1"],"picked":"Limit Break","floor":24.0},{"not_picked":["Dropkick+1","Cleave+1","Iron Wave+1","Anger+1","Seeing Red"],"picked":"SKIP","floor":25.0},{"not_picked":["Wild Strike+1","Havoc","Clothesline+1","Cleave+1","AT_BodySlamDance"],"picked":"SKIP","floor":29.0},{"not_picked":["Armaments","Headbutt+1","True Grit","Cleave+1"],"picked":"Battle Trance+1","floor":30.0},{"not_picked":["Dropkick+1","MostiFishMod:UltimateDefense","Body Slam+1","MostiFishMod:BrandingRite","Armaments"],"picked":"SKIP","floor":31.0},{"not_picked":["MostiFishMod:404NotFound+1","Juggernaut","Offering","Impervious"],"picked":"MostiFishMod:RacingGame","floor":33.0},{"not_picked":["AT_DiedThrough","Body Slam+1","Clash+1","Twin Strike+1","Rupture"],"picked":"SKIP","floor":35.0},{"not_picked":["Exhume","Second Wind+1","Seeing Red","Burning Pact"],"picked":"Feel No Pain","floor":38.0},{"not_picked":["Seeing Red","Wild Strike+1","Twin Strike+1","Bloodletting"],"picked":"Feel No Pain","floor":39.0},{"not_picked":["AT_DrawKnifeCut+1","Metallicize","Flex","MostiFishMod:HellRitual","Shrug It Off"],"picked":"SKIP","floor":40.0},{"not_picked":["Pommel Strike+1","True Grit+1","Cleave+1","Warcry+1"],"picked":"Burning Pact","floor":42.0},{"not_picked":["Iron Wave+1","Clash+1","Dark Embrace","Second Wind","Anger+1"],"picked":"SKIP","floor":44.0},{"not_picked":["Clothesline+1","Whirlwind+1","Cleave+1","Pommel Strike+1","Perfected Strike+1"],"picked":"Singing Bowl","floor":46.0},{"not_picked":["Dark Shackles","testmod-HandmadeProducts","testmod-PainDetonator+1","testmod-Recap","testmod-RabbitOfFibonacci+1"],"picked":"Singing Bowl","floor":47.0},{"not_picked":["AT_FamilyPortrait","Trip","Finesse","Dark Shackles","testmod-Wormhole"],"picked":"Singing Bowl","floor":47.0},{"not_picked":["Swift Strike+1","MostiFishMod:MusicBox","testmod-DeathImprint+1","AT_EmpoweredMortalDraw+1","Finesse"],"picked":"Singing Bowl","floor":47.0},{"not_picked":["True Grit+1","Anger+1","Burning Pact","Pummel+1","MostiFishMod:#F4004"],"picked":"Singing Bowl","floor":48},{"not_picked":["Twin Strike+1","Headbutt+1","Clash+1","MostiFishMod:RacingGame","Body Slam+1"],"picked":"Singing Bowl","floor":55}],"player_experience":703447,"relics_obtained":[{"floor":1.0,"key":"SynthV:TestCard"},{"floor":10.0,"key":"Lantern"},{"floor":13.0,"key":"Molten Egg 2"},{"floor":24.0,"key":"SentryEyes"},{"floor":26.0,"key":"AT_BladeRuinedKing"},{"floor":31.0,"key":"Tiny Chest"},{"floor":36.0,"key":"Girya"},{"floor":40.0,"key":"PlaceholderMod:DaolothFragment"},{"floor":42.0,"key":"AT_EbonyIvory"},{"floor":43.0,"key":"Eternal Feather"},{"floor":46.0,"key":"Singing Bowl"},{"floor":55,"key":"Bag of Preparation"}],"event_choices":[{"cards_removed":["Strike_R"],"damage_healed":0.0,"max_hp_gain":0.0,"max_hp_loss":0.0,"gold_gain":0.0,"event_name":"Purifier","player_choice":"Purged","floor":5.0,"gold_loss":0.0,"damage_taken":0.0},{"cards_removed":["Strike_R"],"damage_healed":0.0,"max_hp_gain":0.0,"max_hp_loss":0.0,"gold_gain":0.0,"event_name":"betterThird:BetterWriting","player_choice":"Elegance","floor":27.0,"gold_loss":0.0,"damage_taken":0.0},{"damage_healed":0.0,"max_hp_gain":5.0,"max_hp_loss":0.0,"gold_gain":0.0,"event_name":"Forgotten Altar","player_choice":"Shed Blood","floor":28.0,"gold_loss":0.0,"damage_taken":56.0},{"damage_healed":0.0,"max_hp_gain":0.0,"max_hp_loss":0.0,"gold_gain":0.0,"event_name":"MindBloom","player_choice":"Fight","floor":36.0,"gold_loss":0.0,"damage_taken":0.0},{"damage_healed":0.0,"max_hp_gain":0.0,"max_hp_loss":0.0,"gold_gain":0.0,"event_name":"SensoryStone","player_choice":"Memory 3","floor":47.0,"gold_loss":0.0,"damage_taken":10.0}],"is_beta":false,"boss_relics":[{"not_picked":["Velvet Choker","SlaversCollar"],"picked":"Tiny House"},{"not_picked":["TimeKeys","FixedStarFall"],"picked":"testmod-EnergyCheck"}],"items_purged_floors":[12,19,37,54],"is_endless":false,"potions_floor_spawned":[1,2,7,14,16,20,21,29,30,33,35,38,39,48,55],"ascension_level":20}}