{"host":"vc42n08di9czm3e7","time":1611110992,"event":{"mods":["AchievementEnabler","Act Like it!","BaseMod","Colored Powertips","Downfall","Friendly Minions","GifTheSpireLib","Minty Spire (QoL Compilation)","Quick Restart","Rare Cards Sparkle","StSLib"],"gold_per_floor":[13,30,48,61,80,105,123,123,146,163,163,163,163],"floor_reached":12,"language":"ENG","playtime":431,"items_purged":[],"score":84,"play_id":"46fef4e7-bab7-4466-8c8d-3ca75acc5d88","local_time":"20210119214952","is_ascension_mode":false,"campfire_choices":[{"floor":8,"key":"REST"},{"data":"White Noise","floor":11,"key":"SMITH"}],"circlet_count":0,"master_deck":["Strike_B","Strike_B","Strike_B","Strike_B","Defend_B","Defend_B","Defend_B","Defend_B","Zap","Dualcast","Seek","Steam","Skim","Capacitor","Coolheaded","FTL","Self Repair","Heatsinks","White Noise+1"],"relics":["Cracked Core","Darkstone Periapt","Oddly Smooth Stone"],"acts_visited":["Exordium"],"potions_floor_usage":[5],"damage_taken":[{"damage":4,"enemies":"Small Slimes","floor":1,"turns":3},{"damage":0,"enemies":"2 Louse","floor":2,"turns":3},{"damage":0,"enemies":"Cultist","floor":3,"turns":3},{"damage":2,"enemies":"Red Slaver","floor":4,"turns":3},{"damage":10,"enemies":"Lots of Slimes","floor":5,"turns":2},{"damage":42,"enemies":"Gremlin Nob","floor":6,"turns":5},{"damage":16,"enemies":"2 Fungi Beasts","floor":7,"turns":5},{"damage":6,"enemies":"Blue Slaver","floor":10,"turns":5},{"damage":2,"enemies":"3 Sentries","floor":12,"turns":2}],"seed_played":"-2146861971898973849","potions_obtained":[{"floor":1,"key":"PowerPotion"},{"floor":6,"key":"Strength Potion"},{"floor":10,"key":"Swift Potion"}],"is_trial":false,"path_per_floor":["M","M","M","M","M","E","M","R","T","M","R","E"],"character_chosen":"DEFECT","items_purchased":[],"campfire_rested":1,"item_purchase_floors":[],"current_hp_per_floor":[71,71,71,69,59,17,8,30,30,31,31,29,29],"gold":163,"neow_bonus":"THREE_RARE_CARDS","is_daily":false,"chose_seed":false,"campfire_upgraded":1,"win_rate":0.0,"timestamp":1611110992,"path_taken":["M","M","M","M","M","E","M","R","T","M","R","E"],"items_purchased_type":[],"build_version":"2020-12-22","purchased_purges":0,"victory":false,"max_hp_per_floor":[75,75,75,75,75,75,75,75,75,75,75,75,75],"card_choices":[{"not_picked":["Buffer","Multi-Cast"],"picked":"Seek","floor":0},{"not_picked":["Heatsinks","Redo"],"picked":"Steam","floor":1},{"not_picked":["Hologram","Leap"],"picked":"Skim","floor":2},{"not_picked":["Barrage","Reinforced Body"],"picked":"Capacitor","floor":3},{"not_picked":["Sweeping Beam","Leap"],"picked":"Coolheaded","floor":4},{"not_picked":["Conserve Battery","Beam Cell"],"picked":"FTL","floor":5},{"not_picked":["Fission","Go for the Eyes"],"picked":"Self Repair","floor":6},{"not_picked":["Gash","Redo"],"picked":"Heatsinks","floor":7},{"not_picked":["Steam","Heatsinks"],"picked":"White Noise","floor":10}],"player_experience":282772,"relics_obtained":[{"floor":6,"key":"Darkstone Periapt"},{"floor":9,"key":"Oddly Smooth Stone"}],"event_choices":[],"is_beta":false,"boss_relics":[],"items_purged_floors":[],"is_endless":false,"potions_floor_spawned":[1,6,10],"killed_by":"3 Sentries","ascension_level":0}}