{"host":"gk9qdtkqd8dwfeg2","time":1611129290,"event":{"mods":["Act Like it!","Aspiration","BaseMod","Colored Powertips","KomeijiMod","Minty Spire (QoL Compilation)","Quick Restart","Replay The Spire","Shop Mod","StSLib","TestMod","The Gatherer","The Servant 0.9.4","Waifu the Spire","WarShipGirlsR/战舰少女R mod","Yuri Mod","【遗物卡牌】REMEMod"],"gold_per_floor":[113,130,280,280,305,305,305],"floor_reached":6,"language":"ZHS","playtime":97,"items_purged":[],"score":72,"play_id":"52bd7a92-cd0a-4c75-805d-18b48ecafbe3","local_time":"20210120155450","is_ascension_mode":true,"campfire_choices":[],"circlet_count":0,"master_deck":["AscendersBane","Strike_P","Strike_P","Strike_P","Strike_P","Defend_P","Defend_P","Defend_P","Defend_P","Eruption","Vigilance","Feed","CutThroughFate","REME_Repentance","Doubt"],"relics":["PureWater","testmod-TestBox","REME_ComplimentaryCards","testmod-Nine","NeowsBlessing","Golden Idol"],"acts_visited":["Exordium"],"potions_floor_usage":[],"damage_taken":[{"damage":0,"enemies":"Cultist","floor":1,"turns":1},{"damage":0,"enemies":"Jaw Worm","floor":2,"turns":1},{"damage":0,"enemies":"2 Louse","floor":5,"turns":1},{"damage":10,"enemies":"Gremlin Nob","floor":6,"turns":3}],"seed_played":"-4269095344886609186","potions_obtained":[],"is_trial":false,"path_per_floor":["M","M","?","?","M","E"],"character_chosen":"WATCHER","items_purchased":[],"campfire_rested":0,"item_purchase_floors":[],"current_hp_per_floor":[64,67,67,42,45,35,35],"gold":305,"neow_bonus":"THREE_ENEMY_KILL","is_daily":false,"chose_seed":false,"campfire_upgraded":0,"win_rate":0.0,"timestamp":1611129290,"path_taken":["M","M","?","?","?","E"],"items_purchased_type":[],"build_version":"2020-12-22","purchased_purges":0,"victory":false,"max_hp_per_floor":[71,74,74,74,77,77,77],"card_choices":[{"not_picked":["ThirdEye","EmptyFist"],"picked":"CutThroughFate","floor":1},{"not_picked":["Replay:BluntJabs","Evaluate"],"picked":"REME_Repentance","floor":2},{"not_picked":["ForeignInfluence","Replay:BluntJabs","CarveReality"],"picked":"SKIP","floor":5}],"player_experience":665830,"relics_obtained":[],"event_choices":[{"damage_healed":0,"gold_gain":150,"player_choice":"AGREE","damage_taken":0,"max_hp_gain":0,"max_hp_loss":0,"event_name":"Liars Game","floor":3,"gold_loss":0,"cards_obtained":["Doubt"]},{"damage_healed":0,"gold_gain":0,"player_choice":"Take Damage","damage_taken":25,"relics_obtained":["Golden Idol"],"max_hp_gain":0,"max_hp_loss":0,"event_name":"Golden Idol","floor":4,"gold_loss":0}],"is_beta":false,"boss_relics":[],"items_purged_floors":[],"is_endless":false,"potions_floor_spawned":[],"killed_by":"Gremlin Nob","ascension_level":20}}