{"host":"dlyy4wv9zatha4f7","time":1611164176,"event":{"mods":["BaseMod","Better Third Choice","Colored Map","GifTheSpireLib","Minty Spire (QoL Compilation)","Spicy Shops","StSLib","SuperFastMode","Unceasing Turn Reminder"],"gold_per_floor":[218,36,55,55,55,65,65,81,81,115,129,129,79,93,93,191,191,201,116,135,135,155,182,182,214,261,291,291,37,57,57,57,153,153,163,113,124,32,42,42,56,85,85,111,124,124,124,124,124,124],"floor_reached":51,"language":"ENG","playtime":2629,"items_purged":["Decay","Strike_G","Strike_G"],"score":1329,"play_id":"fc6e4345-cae6-4f8a-a437-ccfe20b934f8","local_time":"20210120193616","is_ascension_mode":true,"campfire_choices":[{"data":"Apotheosis","floor":7.0,"key":"SMITH"},{"data":"Crippling Poison","floor":12.0,"key":"SMITH"},{"data":"Venomology","floor":15.0,"key":"SMITH"},{"data":"Insight","floor":24.0,"key":"SMITH"},{"data":"Terror","floor":28.0,"key":"SMITH"},{"floor":32.0,"key":"DIG"},{"floor":40.0,"key":"DIG"},{"floor":46,"key":"DIG"},{"floor":49,"key":"DIG"}],"circlet_count":0,"master_deck":["Strike_G","Defend_G","Defend_G+1","Defend_G","Defend_G","Defend_G+1","Survivor","Neutralize","Dagger Throw","Apotheosis+1","Deflect","Venomology+1","Crippling Poison+1","Backstab+1","Bane+1","Venomology","Unload+1","Backflip","Insight+1","Predator+1","Terror+1","Footwork","Dagger Throw+1","Adrenaline","Poisoned Stab+1","Backflip","Backflip+1","Dodge and Roll+1"],"relics":["Ring of the Snake","Molten Egg 2","Calipers","Anchor","SlaversCollar","War Paint","Darkstone Periapt","The Courier","Orichalcum","White Beast Statue","Membership Card","Shovel","CaptainsWheel","Fusion Hammer","TwistedFunnel","Toy Ornithopter","Mercury Hourglass","StrikeDummy","Singing Bowl","Strawberry","Thread and Needle","Unceasing Top"],"acts_visited":["Exordium","TheCity","TheBeyond"],"potions_floor_usage":[41,41,42,42,44,44,45,45,50,50,50,50,50],"damage_taken":[{"damage":0.0,"enemies":"Cultist","floor":1.0,"turns":4.0},{"damage":6.0,"enemies":"2 Louse","floor":3.0,"turns":3.0},{"damage":0.0,"enemies":"Small Slimes","floor":6.0,"turns":4.0},{"damage":5.0,"enemies":"Exordium Thugs","floor":8.0,"turns":4.0},{"damage":8.0,"enemies":"Gremlin Nob","floor":10.0,"turns":3.0},{"damage":5.0,"enemies":"Lots of Slimes","floor":11.0,"turns":5.0},{"damage":0.0,"enemies":"3 Louse","floor":14.0,"turns":2.0},{"damage":7.0,"enemies":"Hexaghost","floor":16.0,"turns":6.0},{"damage":3.0,"enemies":"Shell Parasite","floor":18.0,"turns":5.0},{"damage":0.0,"enemies":"2 Thieves","floor":20.0,"turns":4.0},{"damage":1.0,"enemies":"Centurion and Healer","floor":22.0,"turns":7.0},{"damage":0.0,"enemies":"Slavers","floor":23.0,"turns":6.0},{"damage":0.0,"enemies":"Book of Stabbing","floor":25.0,"turns":5.0},{"damage":2.0,"enemies":"Slavers","floor":27.0,"turns":4.0},{"damage":0.0,"enemies":"Cultist and Chosen","floor":30.0,"turns":5.0},{"damage":56.0,"enemies":"Champ","floor":33.0,"turns":14.0},{"damage":0.0,"enemies":"Orb Walker","floor":35.0,"turns":1.0},{"damage":2.0,"enemies":"3 Darklings","floor":37.0,"turns":5.0},{"damage":0.0,"enemies":"4 Shapes","floor":39.0,"turns":4.0},{"damage":0,"enemies":"Maw","floor":41,"turns":6},{"damage":0,"enemies":"Giant Head","floor":42,"turns":6},{"damage":0,"enemies":"Nemesis","floor":44,"turns":6},{"damage":0,"enemies":"3 Darklings","floor":45,"turns":6},{"damage":0,"enemies":"Awakened One","floor":50,"turns":16}],"seed_played":"-487018369717850899","potions_obtained":[{"floor":1.0,"key":"Poison Potion"},{"floor":11.0,"key":"DuplicationPotion"},{"floor":16.0,"key":"SmokeBomb"},{"floor":18.0,"key":"Block Potion"},{"floor":25.0,"key":"Dexterity Potion"},{"floor":27.0,"key":"ColorlessPotion"},{"floor":30.0,"key":"Block Potion"},{"floor":33.0,"key":"SkillPotion"},{"floor":35.0,"key":"PowerPotion"},{"floor":41,"key":"PowerPotion"},{"floor":45,"key":"Weak Potion"}],"is_trial":false,"path_per_floor":["M","$","M","?","?","M","R","M","T","E","M","R","?","M","R","B",null,"M","?","M","?","M","E","R","E","T","E","R","$","M","?","R","B",null,"M","$","M","$","M","R","M","E","T","E","M","R","?","T","R","B",null],"character_chosen":"THE_SILENT","items_purchased":["Apotheosis","Membership Card","Shovel","Footwork","TwistedFunnel"],"campfire_rested":0,"item_purchase_floors":[2,29,29,29,38],"current_hp_per_floor":[63,63,57,57,57,57,57,52,52,44,39,39,39,39,39,32,61,58,58,58,58,57,57,57,57,57,55,55,61,61,61,61,5,58,58,58,56,56,56,56,66,76,76,76,78,85,81,81,81,91],"gold":124,"neow_bonus":"HUNDRED_GOLD","is_daily":false,"chose_seed":false,"campfire_upgraded":5,"win_rate":0.0,"timestamp":1611164176,"path_taken":["M","?","M","?","?","?","R","M","T","E","?","R","?","M","R","BOSS","M","?","M","?","M","E","R","E","T","E","R","$","M","?","R","BOSS","M","$","M","$","?","R","M","E","T","E","M","R","?","?","R","BOSS"],"items_purchased_type":["Card","Relic","Relic","Card","Relic"],"build_version":"2020-12-22","purchased_purges":3,"victory":true,"max_hp_per_floor":[70,70,70,70,70,70,70,70,70,70,70,70,70,70,70,70,70,70,70,70,70,70,70,70,70,70,70,70,76,76,76,76,76,76,76,76,76,76,76,76,76,76,76,76,78,85,91,91,91,91],"card_choices":[{"not_picked":["Reflex","Caltrops"],"picked":"Dagger Throw","floor":1.0},{"not_picked":["Cloak And Dagger","Acrobatics"],"picked":"Deflect","floor":3.0},{"not_picked":["Underhanded Strike+1","Acrobatics"],"picked":"Crippling Poison","floor":6.0},{"not_picked":["Dagger Throw+1","Finisher+1"],"picked":"Backstab+1","floor":8.0},{"not_picked":["Distraction","Flying Knee+1"],"picked":"Bane+1","floor":10.0},{"not_picked":["Dagger Throw+1","Deflect"],"picked":"Venomology","floor":11.0},{"not_picked":["Deflect","Infinite Blades","Blade Dance"],"picked":"SKIP","floor":14.0},{"not_picked":["Bullet Time","A Thousand Cuts"],"picked":"Unload+1","floor":16.0},{"not_picked":["Calculated Gamble","Cloak And Dagger"],"picked":"Backflip","floor":18.0},{"not_picked":["Backstab+1","Riddle With Holes+1","Slice+1"],"picked":"SKIP","floor":20.0},{"not_picked":["Eviscerate+1","Quick Slash+1","Cloak And Dagger+1"],"picked":"SKIP","floor":22.0},{"not_picked":["Accuracy+1","Sucker Punch+1","Dagger Throw+1"],"picked":"SKIP","floor":23.0},{"not_picked":["Skewer+1","Outmaneuver+1"],"picked":"Predator+1","floor":25.0},{"not_picked":["Tactician","Prepared"],"picked":"Terror","floor":27.0},{"not_picked":["Accuracy","Dagger Throw+1","Slice+1"],"picked":"SKIP","floor":30.0},{"not_picked":["Phantasmal Killer","Corpse Explosion"],"picked":"Adrenaline","floor":33.0},{"not_picked":["Outmaneuver","Flying Knee+1"],"picked":"Poisoned Stab+1","floor":35.0},{"not_picked":["Choke+1","Poisoned Stab+1","Cloak And Dagger+1"],"picked":"SKIP","floor":37.0},{"not_picked":["Blur","Distraction"],"picked":"Backflip","floor":39.0},{"not_picked":["Crippling Poison+1","Cloak And Dagger+1","Prepared+1"],"picked":"SKIP","floor":41},{"not_picked":["Deflect","Tactician+1"],"picked":"Backflip+1","floor":42},{"not_picked":["Heel Hook+1","Concentrate+1"],"picked":"Dodge and Roll+1","floor":44},{"not_picked":["Setup","Poisoned Stab+1","Acrobatics+1"],"picked":"Singing Bowl","floor":45},{"not_picked":["Blind","Enlightenment","Jack Of All Trades"],"picked":"Singing Bowl","floor":47},{"not_picked":["Impatience","Jack Of All Trades","Good Instincts"],"picked":"Singing Bowl","floor":47},{"not_picked":["Jack Of All Trades","Good Instincts","Discovery"],"picked":"Singing Bowl","floor":47}],"player_experience":2254660,"relics_obtained":[{"floor":9.0,"key":"Calipers"},{"floor":10.0,"key":"Anchor"},{"floor":23.0,"key":"Darkstone Periapt"},{"floor":25.0,"key":"The Courier"},{"floor":26.0,"key":"Orichalcum"},{"floor":27.0,"key":"White Beast Statue"},{"floor":32.0,"key":"CaptainsWheel"},{"floor":40.0,"key":"Toy Ornithopter"},{"floor":42,"key":"Mercury Hourglass"},{"floor":43,"key":"StrikeDummy"},{"floor":44,"key":"Singing Bowl"},{"floor":46,"key":"Strawberry"},{"floor":48,"key":"Thread and Needle"},{"floor":49,"key":"Unceasing Top"}],"event_choices":[{"damage_healed":0.0,"max_hp_gain":0.0,"max_hp_loss":0.0,"gold_gain":0.0,"event_name":"Big Fish","player_choice":"Box","floor":4.0,"gold_loss":0.0,"damage_taken":0.0,"relics_obtained":["Molten Egg 2"],"cards_obtained":["Regret"]},{"cards_removed":["Regret"],"damage_healed":0.0,"max_hp_gain":0.0,"max_hp_loss":0.0,"gold_gain":0.0,"event_name":"NoteForYourself","player_choice":"Took Card","floor":5.0,"gold_loss":0.0,"damage_taken":0.0,"cards_obtained":["Venomology"]},{"cards_removed":["Strike_G"],"damage_healed":0.0,"max_hp_gain":0.0,"max_hp_loss":0.0,"gold_gain":0.0,"event_name":"The Cleric","player_choice":"Card Removal","floor":13.0,"gold_loss":50.0,"damage_taken":0.0},{"damage_healed":0.0,"max_hp_gain":0.0,"max_hp_loss":0.0,"gold_gain":0.0,"event_name":"Addict","player_choice":"Obtained Relic","floor":19.0,"gold_loss":85.0,"damage_taken":0.0,"relics_obtained":["War Paint"]},{"damage_healed":0.0,"max_hp_gain":0.0,"max_hp_loss":0.0,"gold_gain":0.0,"event_name":"betterThird:BetterWriting","player_choice":"Insight","floor":21.0,"gold_loss":0.0,"damage_taken":0.0,"cards_obtained":["Insight"]},{"damage_healed":0.0,"max_hp_gain":0.0,"max_hp_loss":0.0,"gold_gain":0.0,"cards_transformed":["Strike_G"],"event_name":"Transmorgrifier","player_choice":"Transformed","floor":31.0,"gold_loss":0.0,"damage_taken":0.0,"cards_obtained":["Dagger Throw"]},{"damage_healed":0,"gold_gain":0,"player_choice":"Memory 3","damage_taken":10,"max_hp_gain":0,"max_hp_loss":0,"event_name":"SensoryStone","floor":47,"gold_loss":0}],"is_beta":false,"boss_relics":[{"not_picked":["Ectoplasm","Coffee Dripper"],"picked":"SlaversCollar"},{"not_picked":["Astrolabe","Cursed Key"],"picked":"Fusion Hammer"}],"items_purged_floors":[29,36,38],"is_endless":false,"potions_floor_spawned":[1,11,16,18,25,27,30,33,35,37,39,41,42,44,45],"ascension_level":9}}