{"host":"ss2ocoam53r2lno0","time":1611182826,"event":{"mods":["Act Like it!","BaseMod","ChefMod","Clockwork Mod","Colored Powertips","Curses Come First","Displayed Cursed Tome","Downfall","Evolution","Googly Eyes","Hallownest","Highlight Path","Minty Spire (QoL Compilation)","Poor People Problems","Rare Cards Sparkle","Robot Space Explorer","Shade Mod","Shop Mod","Spicy Shops","StSLib","The Marked"],"gold_per_floor":[114,131,131,131,147,147,147],"floor_reached":6,"language":"ENG","playtime":389,"items_purged":[],"score":61,"play_id":"91ef8a27-1913-4501-8781-22291e81edc2","local_time":"20210120234706","is_ascension_mode":true,"campfire_choices":[],"circlet_count":0,"master_deck":["AscendersBane","Clockwork:ChargingBlade+1","Clockwork:ChargingBlade","Clockwork:ChargingBlade","Clockwork:Shield","Clockwork:Shield","Clockwork:Shield","Clockwork:Shield","Clockwork:Tinker","Clockwork:WarmUp","Clockwork:RevUp"],"relics":["Clockwork:MomentumEngine","EVO:Axolotl","NlothsMask"],"acts_visited":["Exordium"],"potions_floor_usage":[],"damage_taken":[{"damage":6,"enemies":"2 Louse","floor":1,"turns":8},{"damage":16,"enemies":"Small Slimes","floor":2,"turns":6},{"damage":8,"enemies":"Cultist","floor":5,"turns":7},{"damage":45,"enemies":"Gremlin Nob","floor":6,"turns":7}],"seed_played":"3988035652868038349","potions_obtained":[],"is_trial":false,"path_per_floor":["M","M","?","?","M","E"],"character_chosen":"CLOCKWORK","items_purchased":[],"campfire_rested":0,"item_purchase_floors":[],"current_hp_per_floor":[65,49,49,49,41,0,0],"gold":147,"neow_bonus":"UPGRADE_CARD","is_daily":false,"chose_seed":false,"campfire_upgraded":0,"win_rate":0.0,"timestamp":1611182826,"path_taken":["M","M","?","?","M","E"],"items_purchased_type":[],"build_version":"2020-12-22","purchased_purges":0,"victory":false,"max_hp_per_floor":[79,79,79,79,79,79,79],"card_choices":[{"not_picked":["Clockwork:Redundancy","Clockwork:CogShield","Clockwork:EnthusiasticStrike"],"picked":"SKIP","floor":1},{"not_picked":["Clockwork:LogisticRegression","Clockwork:Pluck"],"picked":"Clockwork:RevUp","floor":2},{"not_picked":["Clockwork:Improve","Clockwork:AdaptiveCannon","Clockwork:ForgeStrike"],"picked":"SKIP","floor":5}],"player_experience":808832,"relics_obtained":[],"event_choices":[{"cards_removed":["Clockwork:ChargingBlade"],"damage_healed":0,"gold_gain":0,"player_choice":"Forget","damage_taken":0,"max_hp_gain":0,"max_hp_loss":0,"event_name":"Living Wall","floor":3,"gold_loss":0},{"damage_healed":0,"gold_gain":0,"player_choice":"Trade","damage_taken":0,"relics_obtained":["NlothsMask"],"max_hp_gain":0,"max_hp_loss":0,"event_name":"FaceTrader","floor":4,"gold_loss":0}],"is_beta":false,"boss_relics":[],"items_purged_floors":[],"is_endless":false,"potions_floor_spawned":[],"killed_by":"Gremlin Nob","ascension_level":14}}