{"host":"jcx3r2rqknwp5xpf","time":1611105259,"event":{"mods":["2.2 Compatiblity","AchievementEnabler","Act Like it!","Bard","BaseMod","Elementarium","Fireblade Mod","Gremlin Mod","Hallownest","Hermit","Jorbs\u0027s Wanderer Trilogy","Menagerie","Minty Spire (QoL Compilation)","Pale of the Ancients","Somnambulant","StSLib","The Blackbeard","The Bug Knight","The Construct","The Cursed","The Disciple","The Druid","The Hierophant","The Mystic","The Runesmith","The Showman"],"gold_per_floor":[111,111,130,130,130,156,171,196,246,266,286,300,316,351,351,449,449,462,462,499,535,545,596,608,622,674,566,582,492,492,518,518,637,637,673,673,573,608,639,669,704,460,460,460,517,517,551,491,491,491,491],"floor_reached":50,"language":"ENG","playtime":5077,"items_purged":[],"score":590,"play_id":"db05444f-17e9-45d6-8417-1cb5c58306ea","local_time":"20210119201419","is_ascension_mode":false,"campfire_choices":[{"data":"Blasphemy","floor":15.0,"key":"SMITH"},{"floor":30.0,"key":"RECALL"},{"data":"Devotion","floor":32.0,"key":"SMITH"},{"data":"Wish","floor":46.0,"key":"SMITH"},{"data":"Nirvana","floor":49,"key":"SMITH"}],"circlet_count":0,"master_deck":["Strike_P","Strike_P","Strike_P","Strike_P+1","Defend_P","Defend_P","Defend_P","Defend_P","Eruption","Vigilance","Weave+1","Conclude","Weave","BowlingBash","Protect","Wallop","DeceiveReality","ClearTheMind","Blasphemy+1","Devotion+1","Evaluate+1","Elementarium:GildedForm","JustLucky+1","ThirdEye","FearNoEvil","Worship","Consecrate","Evaluate+1","stsjorbsmod:Withering","Nirvana+1","SignatureMove","SashWhip+1","Prostrate","Wish+1","SandsOfTime+1","SashWhip","CutThroughFate+1","CutThroughFate","ThirdEye","Injury","Parasite","Halt+1","CrushJoints"],"relics":["PureWater","NeowsBlessing","Bottled Flame","Oddly Smooth Stone","MealTicket","Cursed Key","Akabeko","Dream Catcher","Meat on the Bone","Elementarium:GoldenMirage","Elementarium:ElementariumTrophy","construct:WeddingRing","Hallownest:SoulVesselRelic","Darkstone Periapt","Toxic Egg 2","Boot"],"acts_visited":["Exordium","Menagerie:Menagerie","Elementarium:Elementarium"],"potions_floor_usage":[50,50],"damage_taken":[{"damage":0.0,"enemies":"Menagerie:WhisperingWraith","floor":1.0,"turns":1.0},{"damage":0.0,"enemies":"Menagerie:2_RABBITS","floor":3.0,"turns":1.0},{"damage":0.0,"enemies":"Menagerie:Hydra","floor":6.0,"turns":1.0},{"damage":0.0,"enemies":"Menagerie:StygianBoar","floor":7.0,"turns":3.0},{"damage":0.0,"enemies":"Menagerie:MaskedSummoner","floor":8.0,"turns":3.0},{"damage":6.0,"enemies":"Menagerie:KEEPER_AND_YOUNG_SUNEATER","floor":11.0,"turns":4.0},{"damage":6.0,"enemies":"Menagerie:DREAD_MOTH_AND_GRAFTED_WORMS","floor":12.0,"turns":2.0},{"damage":0.0,"enemies":"Menagerie:BEAST_MAGE_AND_PROWLING_AMALGAM","floor":13.0,"turns":4.0},{"damage":1.0,"enemies":"Menagerie:Hydra","floor":14.0,"turns":4.0},{"damage":4.0,"enemies":"Menagerie:Chimera","floor":16.0,"turns":8.0},{"damage":24.0,"enemies":"Elementarium:VoidCorruption","floor":18.0,"turns":4.0},{"damage":0.0,"enemies":"Elementarium:Cyclone","floor":20.0,"turns":4.0},{"damage":0.0,"enemies":"Elementarium:3_ELEMENTALS","floor":21.0,"turns":6.0},{"damage":2.0,"enemies":"Elementarium:CYCLONE_AND_ORB_OF_FIRE","floor":22.0,"turns":4.0},{"damage":18.0,"enemies":"Elementarium:WarGolem","floor":23.0,"turns":6.0},{"damage":5.0,"enemies":"Elementarium:STONE_GOLEMS","floor":24.0,"turns":4.0},{"damage":9.0,"enemies":"Elementarium:Hydrostalker","floor":25.0,"turns":6.0},{"damage":0.0,"enemies":"Elementarium:3_ELEMENTALS","floor":28.0,"turns":4.0},{"damage":0.0,"enemies":"Elementarium:GOLDEN_STATUES","floor":31.0,"turns":4.0},{"damage":12.0,"enemies":"Elementarium:PHOENIXES","floor":33.0,"turns":12.0},{"damage":0.0,"enemies":"Hallownest:Shield_Heavy","floor":35.0,"turns":6.0},{"damage":0.0,"enemies":"Hallownest:3_Siblings","floor":38.0,"turns":6.0},{"damage":24.0,"enemies":"Hallownest:2_Soldiers_and_1_Guardian","floor":39.0,"turns":7.0},{"damage":0.0,"enemies":"Hallownest:Shield_Sturdy","floor":40.0,"turns":6.0},{"damage":0.0,"enemies":"Hallownest:2_Wandering_and_1_Horned","floor":41.0,"turns":7.0},{"damage":0.0,"enemies":"Hallownest:2_Wing_and_1_Kings","floor":45.0,"turns":8.0},{"damage":3.0,"enemies":"Hallownest:monsterPrimalAspid","floor":47.0,"turns":6.0},{"damage":89,"enemies":"Hallownest:BossGreyPrinceZote","floor":50,"turns":23}],"seed_played":"352592906044147339","potions_obtained":[{"floor":1.0,"key":"AttackPotion"},{"floor":6.0,"key":"BottledMiracle"},{"floor":12.0,"key":"GamblersBrew"},{"floor":14.0,"key":"PowerPotion"},{"floor":20.0,"key":"Explosive Potion"},{"floor":21.0,"key":"FairyPotion"},{"floor":24.0,"key":"Regen Potion"},{"floor":25.0,"key":"Energy Potion"},{"floor":28.0,"key":"Regen Potion"},{"floor":38.0,"key":"Dexterity Potion"},{"floor":39.0,"key":"GamblersBrew"},{"floor":40.0,"key":"ColorlessPotion"},{"floor":47.0,"key":"Regen Potion"}],"is_trial":false,"path_per_floor":["M","?","M","?","$","E","M","E","T","?","M","M","M","E","R","B",null,"M","?","M","M","M","E","M","M","T","$","M","?","R","?","R","B",null,"M","?","?","M","M","M","M","$","T","T","M","R","M","?","R","B"],"character_chosen":"WATCHER","items_purchased":["Nirvana","SignatureMove","Darkstone Periapt"],"campfire_rested":0,"item_purchase_floors":[27,27,42],"current_hp_per_floor":[72,72,72,67,67,67,67,67,67,67,61,55,55,54,54,50,72,48,48,48,48,46,28,23,29,29,44,44,44,44,56,56,44,64,64,64,64,64,40,40,40,55,61,67,67,67,64,71,71,0,0],"gold":491,"neow_bonus":"THREE_ENEMY_KILL","is_daily":false,"chose_seed":false,"campfire_upgraded":4,"win_rate":0.0,"timestamp":1611105259,"path_taken":["M","?","M","?","$","E","M","E","T","?","M","?","M","E","R","BOSS","M","?","M","M","M","E","M","M","T","$","M","?","R","?","R","BOSS","M","?","?","M","M","M","M","$","T","?","?","R","M","?","R","BOSS"],"items_purchased_type":["Card","Card","Relic"],"build_version":"2020-12-22","purchased_purges":0,"victory":false,"max_hp_per_floor":[72,72,72,72,72,72,72,72,72,72,72,72,72,72,72,72,72,72,64,64,64,64,64,64,64,64,64,64,64,64,64,64,64,64,64,64,64,64,64,64,64,64,70,76,76,76,76,83,83,83,83],"card_choices":[{"not_picked":["BowlingBash","ThirdEye"],"picked":"Weave","floor":1.0},{"not_picked":["ClearTheMind","Crescendo"],"picked":"Conclude","floor":3.0},{"not_picked":["EmptyMind","Halt"],"picked":"Weave","floor":6.0},{"not_picked":["WreathOfFlame","FlurryOfBlows"],"picked":"BowlingBash","floor":7.0},{"not_picked":["Omniscience","BattleHymn"],"picked":"Protect","floor":8.0},{"not_picked":["LikeWater","PathToVictory"],"picked":"Wallop","floor":11.0},{"not_picked":["EmptyFist","CrushJoints"],"picked":"DeceiveReality","floor":12.0},{"not_picked":["BowlingBash","EmptyBody"],"picked":"ClearTheMind","floor":13.0},{"not_picked":["Swivel","Indignation"],"picked":"Blasphemy","floor":14.0},{"not_picked":["Blasphemy","MasterReality"],"picked":"Devotion","floor":16.0},{"not_picked":["EmptyMind","FlyingSleeves"],"picked":"Evaluate+1","floor":18.0},{"not_picked":["WreathOfFlame+1","CrushJoints"],"picked":"JustLucky+1","floor":20.0},{"not_picked":["WreathOfFlame","InnerPeace"],"picked":"ThirdEye","floor":21.0},{"not_picked":["EmptyMind","Tantrum"],"picked":"FearNoEvil","floor":22.0},{"not_picked":["FlyingSleeves","Sanctity+1"],"picked":"Worship","floor":23.0},{"not_picked":["Weave","CarveReality"],"picked":"Consecrate","floor":24.0},{"not_picked":["Perseverance","EmptyBody"],"picked":"Evaluate+1","floor":25.0},{"not_picked":["CrushJoints","Collect"],"picked":"SashWhip+1","floor":28.0},{"not_picked":["InnerPeace+1","FlyingSleeves"],"picked":"Prostrate","floor":31.0},{"not_picked":["DeusExMachina","Omniscience"],"picked":"Wish","floor":33.0},{"not_picked":["Consecrate","WaveOfTheHand"],"picked":"SandsOfTime+1","floor":35.0},{"not_picked":["ClearTheMind+1","FollowUp"],"picked":"SashWhip","floor":38.0},{"not_picked":["FollowUp+1","Vengeance+1"],"picked":"CutThroughFate+1","floor":39.0},{"not_picked":["WreathOfFlame+1","PathToVictory+1"],"picked":"CutThroughFate","floor":40.0},{"not_picked":["JustLucky","DevaForm"],"picked":"ThirdEye","floor":41.0},{"not_picked":["WreathOfFlame+1","BowlingBash+1"],"picked":"Halt+1","floor":45.0},{"not_picked":["PathToVictory+1","Halt+1"],"picked":"CrushJoints","floor":47.0}],"player_experience":485114,"relics_obtained":[{"floor":6.0,"key":"Bottled Flame"},{"floor":8.0,"key":"Oddly Smooth Stone"},{"floor":14.0,"key":"MealTicket"},{"floor":23.0,"key":"Akabeko"},{"floor":26.0,"key":"Dream Catcher"},{"floor":31.0,"key":"Elementarium:GoldenMirage"},{"floor":43.0,"key":"Toxic Egg 2"},{"floor":44.0,"key":"Boot"}],"event_choices":[{"damage_healed":0.0,"max_hp_gain":0.0,"max_hp_loss":0.0,"gold_gain":0.0,"event_name":"Menagerie:CorruptingLight","player_choice":"Ignored","floor":2.0,"gold_loss":0.0,"damage_taken":0.0},{"damage_healed":0.0,"max_hp_gain":0.0,"max_hp_loss":5.0,"gold_gain":0.0,"event_name":"Menagerie:HarrowingRitual","player_choice":"Accept","floor":4.0,"gold_loss":0.0,"damage_taken":0.0,"cards_upgraded":["Weave"]},{"damage_healed":0.0,"max_hp_gain":0.0,"max_hp_loss":0.0,"gold_gain":20.0,"event_name":"Menagerie:CloudVision","player_choice":"Cunning","floor":10.0,"gold_loss":0.0,"damage_taken":0.0,"cards_upgraded":["Strike_P"]},{"damage_healed":0.0,"max_hp_gain":0.0,"max_hp_loss":8.0,"gold_gain":0.0,"event_name":"Elementarium:FountainOfGold","player_choice":"Dive in","floor":19.0,"gold_loss":0.0,"damage_taken":0.0,"cards_obtained":["Elementarium:GildedForm"]},{"damage_healed":0.0,"max_hp_gain":0.0,"max_hp_loss":0.0,"gold_gain":0.0,"event_name":"Elementarium:ShatteredPortal","player_choice":"Gold","floor":29.0,"gold_loss":90.0,"damage_taken":0.0,"relics_obtained":["Meat on the Bone"]},{"damage_healed":0.0,"max_hp_gain":0.0,"max_hp_loss":0.0,"gold_gain":0.0,"event_name":"Elementarium:GoldenStatues","player_choice":"Fight","floor":31.0,"gold_loss":0.0,"damage_taken":0.0}],"is_beta":false,"boss_relics":[{"not_picked":["Ectoplasm","Fusion Hammer"],"picked":"Cursed Key"},{"not_picked":["Runic Pyramid","Pandora\u0027s Box"],"picked":"construct:WeddingRing"}],"items_purged_floors":[],"is_endless":false,"potions_floor_spawned":[1,6,12,14,20,21,24,25,28,38,39,40,47],"killed_by":"Hallownest:BossGreyPrinceZote","ascension_level":0}}