{"host":"xbs6xfa3tvu21mfl","time":1611142728,"event":{"mods":["BaseMod","Downfall","Minty Spire (QoL Compilation)","Quick Restart","StSLib"],"gold_per_floor":[99,113,102,102,120,154,154,154,185,185,212,12,12,47,57,158,158,158,174,174,449,374,406,406,188,217,233,133,152,152,181,198,300,300,300,312,326,108,108,136,160,193,221,221,252,281,118,146,158,158,158,187,40,40,40,40,40],"floor_reached":55,"language":"ZHS","playtime":3154,"items_purged":["downfall:Bewildered","Regret","bronze:Assembly"],"score":1675,"play_id":"3ac2d6a4-b17f-434b-bc4f-de1a37c9f3c7","local_time":"20210120193848","daily_mods":["SealedDeck","Heirloom","Time Dilation","Flight","downfall:Lament","DeadlyEvents","Elite Swarm"],"is_ascension_mode":false,"campfire_choices":[{"data":"bronze:GetLatest","floor":1.0,"key":"SMITH"},{"data":"bronze:Verify","floor":8.0,"key":"SMITH"},{"floor":10.0,"key":"RECALL"},{"data":"bronze:HardenedForm","floor":12.0,"key":"SMITH"},{"data":"bronze:FollowUp","floor":13.0,"key":"SMITH"},{"data":"bronze:InfiniteBeams","floor":18.0,"key":"PURGE"},{"data":"bronze:Terminator","floor":28.0,"key":"SMITH"},{"data":"bronze:HardenedForm","floor":30.0,"key":"SMITH"},{"data":"bronze:HardenedForm","floor":35.0,"key":"SMITH"},{"floor":44.0,"key":"REST"},{"data":"bronze:Hardcode","floor":54.0,"key":"SMITH"}],"circlet_count":0,"master_deck":["bronze:BitShift","bronze:BitShift","bronze:Separator","bronze:BronzeOrb","bronze:BronzeOrb","bronze:GetLatest+1","bronze:ChosenStrike","bronze:ChosenStrike","bronze:ChildClass","bronze:FineTuning","bronze:FollowUp+1","expansioncontent:StudyTheSpire","bronze:DazingPulse","bronze:ClassDefault","bronze:Verify+1","bronze:HardenedForm+1","bronze:Terminator+1","bronze:HardenedForm+1","bronze:CleanCode","bronze:ForceShield","bronze:Break","bronze:Shell","bronze:Optimize+1","bronze:TinkerersToolbox","bronze:FineTuning","bronze:Philosophize+1","bronze:HardenedForm+1","bronze:Terminator+1","bronze:BitShift+1","bronze:Constructor","bronze:NullPointer","bronze:Hardcode+1"],"relics":["bronze:BronzeCore","NeowsBlessing","CaptainsWheel","Medical Kit","Prayer Wheel","Oddly Smooth Stone","Incense Burner","Slimebound:StickyStick","downfall:HeartBlessingRed","downfall:HeartBlessingGreen","Peace Pipe","sneckomod:BabySnecko","Bottled Lightning","Membership Card","Dream Catcher","downfall:HeartBlessingBlue","Kunai","sneckomod:SneckoTalon","White Beast Statue","bronze:Mallet","Lantern","Singing Bowl","Blue Candle","champ:DeflectingBracers","Question Card","Mummified Hand","HornCleat","Shuriken","Guardian:PocketSentry","Frozen Eye"],"acts_visited":["Exordium","TheCity","TheBeyond","TheEnding"],"potions_floor_usage":[],"damage_taken":[{"damage":0.0,"enemies":"Jaw Worm","floor":2.0,"turns":1.0},{"damage":0.0,"enemies":"downfall:FleeingMerchant","floor":3.0,"turns":1.0},{"damage":0.0,"enemies":"downfall:FleeingMerchant","floor":4.0,"turns":1.0},{"damage":0.0,"enemies":"2 Louse","floor":5.0,"turns":2.0},{"damage":8.0,"enemies":"Lagavulin","floor":6.0,"turns":4.0},{"damage":0.0,"enemies":"Gremlin Nob","floor":9.0,"turns":3.0},{"damage":0.0,"enemies":"Lagavulin","floor":11.0,"turns":4.0},{"damage":0.0,"enemies":"Gremlin Nob","floor":14.0,"turns":2.0},{"damage":0.0,"enemies":"Small Slimes","floor":15.0,"turns":1.0},{"damage":9.0,"enemies":"WA_ARCHETYPE_RETAIN","floor":16.0,"turns":4.0},{"damage":0.0,"enemies":"Chosen","floor":19.0,"turns":4.0},{"damage":4.0,"enemies":"Slavers","floor":23.0,"turns":5.0},{"damage":0.0,"enemies":"Gremlin Leader","floor":26.0,"turns":5.0},{"damage":0.0,"enemies":"Shelled Parasite and Fungi","floor":27.0,"turns":3.0},{"damage":0.0,"enemies":"Cultist and Chosen","floor":29.0,"turns":4.0},{"damage":21.0,"enemies":"Slavers","floor":31.0,"turns":5.0},{"damage":0.0,"enemies":"3 Cultists","floor":32.0,"turns":4.0},{"damage":36.0,"enemies":"IC_MUSHROOM_ARCHETYPE","floor":33.0,"turns":5.0},{"damage":1.0,"enemies":"3 Shapes","floor":36.0,"turns":3.0},{"damage":27.0,"enemies":"3 Darklings","floor":37.0,"turns":6.0},{"damage":0.0,"enemies":"Giant Head","floor":40.0,"turns":12.0},{"damage":14.0,"enemies":"Reptomancer","floor":42.0,"turns":3.0},{"damage":3.0,"enemies":"Nemesis","floor":43.0,"turns":3.0},{"damage":0.0,"enemies":"Reptomancer","floor":45.0,"turns":2.0},{"damage":6.0,"enemies":"Nemesis","floor":46.0,"turns":7.0},{"damage":0.0,"enemies":"Giant Head","floor":48.0,"turns":4.0},{"damage":0.0,"enemies":"4 Shapes","floor":49.0,"turns":3.0},{"damage":0.0,"enemies":"DF_ARCHETYPE_ORBS","floor":50.0,"turns":7.0},{"damage":0.0,"enemies":"downfall:CharBossMerchant","floor":52.0,"turns":6.0},{"damage":0,"enemies":"downfall:NeowBoss","floor":55,"turns":1}],"seed_played":"6660841540087164711","potions_obtained":[{"floor":6.0,"key":"ColorlessPotion"},{"floor":9.0,"key":"BlessingOfTheForge"},{"floor":11.0,"key":"bronze:CleanCodePotion"},{"floor":14.0,"key":"bronze:FreeFunctionsPotion"},{"floor":23.0,"key":"Dexterity Potion"},{"floor":31.0,"key":"Fire Potion"},{"floor":32.0,"key":"champ:CounterPotion"},{"floor":40.0,"key":"Swift Potion"},{"floor":42.0,"key":"SneckoOil"},{"floor":43.0,"key":"champ:CounterPotion"},{"floor":45.0,"key":"BlessingOfTheForge"},{"floor":46.0,"key":"Block Potion"},{"floor":48.0,"key":"LiquidBronze"},{"floor":49.0,"key":"Fire Potion"},{"floor":52.0,"key":"AttackPotion"}],"is_trial":true,"path_per_floor":["R","M","$","?","M","E","T","R","E","R","E","R","R","E","M","B",null,"R","M","?","?","$","E","T","$","E","M","R","M","R","E","M","B",null,"R","M","M","$","?","E","T","E","E","R","E","E","$","E","M","B",null,"E","$","R","B"],"character_chosen":"THE_AUTOMATON","items_purchased":["expansioncontent:StudyTheSpire","Medical Kit","Membership Card","bronze:ForceShield","bronze:Constructor","White Beast Statue","Mummified Hand","bronze:NullPointer","Guardian:PocketSentry","Frozen Eye"],"campfire_rested":1,"item_purchase_floors":[3,3,25,25,38,38,47,47,53,53],"current_hp_per_floor":[70,70,70,70,70,62,62,62,62,62,62,62,62,62,62,53,70,70,70,70,70,70,66,66,66,66,66,76,76,76,55,55,19,80,80,79,52,52,52,52,52,40,39,66,68,64,64,66,70,70,96,96,96,96,96,96,96],"gold":40,"neow_bonus":"","is_daily":false,"chose_seed":false,"campfire_upgraded":8,"win_rate":0.0,"timestamp":1611142728,"path_taken":["R","M","$","?","M","E","T","R","E","R","E","R","R","E","M","BOSS","R","M","?","?","$","?","T","$","E","M","R","M","R","E","M","BOSS","R","M","M","$","?","E","T","E","E","R","E","E","?","E","M","BOSS","E","$","R","BOSS"],"items_purchased_type":["Card","Relic","Relic","Card","Card","Relic","Relic","Card","Relic","Relic"],"build_version":"2020-12-22","purchased_purges":3,"victory":false,"max_hp_per_floor":[70,70,70,70,70,70,70,70,70,70,70,70,70,70,70,70,70,70,70,70,70,70,70,70,70,70,70,80,80,80,80,80,80,80,80,80,80,80,80,80,80,82,84,86,88,90,90,92,96,96,96,96,96,96,96,96,96],"card_choices":[{"not_picked":["bronze:DelayedSlice","bronze:Return"],"picked":"bronze:FineTuning","floor":2.0},{"not_picked":["bronze:FineTuning","bronze:BuggyMess"],"picked":"bronze:FollowUp","floor":3.0},{"not_picked":[],"picked":"bronze:DazingPulse","floor":4.0},{"not_picked":["bronze:BronzeArmor","bronze:Return"],"picked":"bronze:ClassDefault","floor":5.0},{"not_picked":["bronze:ThunderWave","bronze:BurnOut"],"picked":"bronze:Verify","floor":6.0},{"not_picked":["bronze:Format","bronze:InfiniteLoop"],"picked":"bronze:Assembly","floor":9.0},{"not_picked":["bronze:Format","bronze:BurnOut"],"picked":"bronze:HardenedForm","floor":11.0},{"not_picked":["bronze:ShipIt","bronze:Mutator","bronze:Library"],"picked":"SKIP","floor":14.0},{"not_picked":["bronze:Constructor","bronze:DigitalCarnage"],"picked":"bronze:Terminator","floor":15.0},{"not_picked":["bronze:CutThrough","bronze:WhirlingStrike","bronze:Repulsor"],"picked":"SKIP","floor":15.0},{"not_picked":["bronze:AlphaBuild","bronze:Mutator"],"picked":"bronze:HardenedForm","floor":16.0},{"not_picked":["bronze:Backtrace","bronze:CloningBeam","bronze:BitShift"],"picked":"SKIP","floor":19.0},{"not_picked":["bronze:WildBeam","bronze:BuggyMess+1","bronze:BugBarrage"],"picked":"SKIP","floor":19.0},{"not_picked":["bronze:BurnOut","bronze:ShipIt"],"picked":"bronze:CleanCode","floor":23.0},{"not_picked":["bronze:ShipIt","bronze:InfiniteLoop"],"picked":"bronze:Break","floor":26.0},{"not_picked":["bronze:Shield","bronze:DelayedSlice","bronze:Overheat"],"picked":"SKIP","floor":27.0},{"not_picked":["bronze:CutThrough","bronze:DigitalCarnage","bronze:Allocate"],"picked":"SKIP","floor":27.0},{"not_picked":["bronze:Overheat","bronze:Turbo"],"picked":"bronze:Shell","floor":29.0},{"not_picked":["bronze:ChosenStrike","bronze:ForLoop+1"],"picked":"bronze:Optimize+1","floor":29.0},{"not_picked":["bronze:FindAndReplace","bronze:Assembly"],"picked":"bronze:TinkerersToolbox","floor":31.0},{"not_picked":["bronze:BitShift","bronze:Fortify+1"],"picked":"bronze:FineTuning","floor":32.0},{"not_picked":["bronze:CutThrough","bronze:WhirlingStrike"],"picked":"bronze:Philosophize+1","floor":32.0},{"not_picked":["bronze:Mutator","bronze:HyperBeam"],"picked":"bronze:HardenedForm","floor":33.0},{"not_picked":["bronze:Separator+1","bronze:CutThrough","bronze:Deprecate"],"picked":"SKIP","floor":36.0},{"not_picked":["bronze:DigitalCarnage+1","bronze:BugBarrage+1","bronze:Invalidate"],"picked":"SKIP","floor":36.0},{"not_picked":["bronze:Backtrace+1","bronze:OilSpill"],"picked":"bronze:Terminator+1","floor":37.0},{"not_picked":["bronze:Refactor","bronze:ForceShield"],"picked":"bronze:BitShift+1","floor":37.0},{"not_picked":["bronze:HyperBeam","bronze:RecursiveStrike","bronze:Library"],"picked":"SKIP","floor":40.0},{"not_picked":["bronze:RecursiveStrike","bronze:BurnOut","bronze:TinkerersToolbox"],"picked":"Singing Bowl","floor":42.0},{"not_picked":["bronze:TinkerersToolbox","bronze:ThunderWave","bronze:Mutator"],"picked":"Singing Bowl","floor":43.0},{"not_picked":["bronze:Shield+1","bronze:BuggyMess+1","bronze:BitShift+1"],"picked":"Singing Bowl","floor":44.0},{"not_picked":["bronze:CleanCode","bronze:Mutator","bronze:FindAndReplace"],"picked":"Singing Bowl","floor":45.0},{"not_picked":["bronze:SpaghettiCode","bronze:FindAndReplace","bronze:Break"],"picked":"Singing Bowl","floor":46.0},{"not_picked":["bronze:SpaghettiCode","bronze:CleanCode","bronze:Virus","bronze:Verify"],"picked":"Singing Bowl","floor":48.0},{"not_picked":["bronze:ChosenStrike+1","bronze:DelayedSlice","bronze:OilSpill","bronze:Shield+1"],"picked":"Singing Bowl","floor":49.0},{"not_picked":["bronze:Separator+1","bronze:BronzeArmor","bronze:Refactor","bronze:Optimize+1"],"picked":"Singing Bowl","floor":49.0},{"not_picked":["bronze:Assembly","bronze:ShipIt","bronze:InfiniteLoop"],"picked":"bronze:Hardcode","floor":52.0}],"player_experience":152744,"relics_obtained":[{"floor":6.0,"key":"Prayer Wheel"},{"floor":7.0,"key":"Oddly Smooth Stone"},{"floor":9.0,"key":"Incense Burner"},{"floor":11.0,"key":"Slimebound:StickyStick"},{"floor":14.0,"key":"Peace Pipe"},{"floor":23.0,"key":"Bottled Lightning"},{"floor":26.0,"key":"Dream Catcher"},{"floor":31.0,"key":"Kunai"},{"floor":40.0,"key":"bronze:Mallet"},{"floor":41.0,"key":"Lantern"},{"floor":42.0,"key":"Singing Bowl"},{"floor":43.0,"key":"Blue Candle"},{"floor":45.0,"key":"champ:DeflectingBracers"},{"floor":46.0,"key":"Question Card"},{"floor":48.0,"key":"HornCleat"},{"floor":52.0,"key":"Shuriken"}],"event_choices":[],"is_beta":false,"boss_relics":[{"not_picked":["Velvet Choker","Fusion Hammer","Busted Crown"]},{"not_picked":["SacredBark","Empty Cage"],"picked":"sneckomod:SneckoTalon"}],"items_purged_floors":[22,25,38],"is_endless":false,"potions_floor_spawned":[6,9,11,14,15,23,31,32,40,42,43,45,46,48,49,52],"killed_by":"downfall:NeowBoss","ascension_level":0}}