{"host":"v9oq5ccz01n9mezq","time":1611110074,"event":{"mods":["BaseMod","Colored Map","Minty Spire (QoL Compilation)"],"gold_per_floor":[114,130,146,166,181,181,210,210,210,237,237,217,236,23,23,126,126,146,146,71,87,102,132,132,145,145,145,165,194,194,209,209,209,209],"floor_reached":33,"language":"ENG","playtime":1380,"items_purged":["Strike_P"],"score":356,"play_id":"4bbca844-1d35-43fe-8bd5-e97795e3e349","local_time":"20210119213434","is_ascension_mode":true,"campfire_choices":[{"data":"Eruption","floor":6,"key":"SMITH"},{"data":"SignatureMove","floor":8,"key":"SMITH"},{"data":"Tantrum","floor":11,"key":"SMITH"},{"data":"Wallop","floor":15,"key":"SMITH"},{"data":"Brilliance","floor":24,"key":"SMITH"},{"data":"Conclude","floor":27,"key":"SMITH"},{"floor":32,"key":"REST"}],"circlet_count":0,"master_deck":["Strike_P+1","Strike_P+1","Defend_P","Defend_P","Defend_P","Defend_P","Eruption+1","Vigilance","Conclude+1","JustLucky","SignatureMove+1","Tantrum+1","Halt","Protect","LikeWater","TalkToTheHand","Wallop+1","DeusExMachina","EmptyFist+1","Ragnarok+1","Worship+1","Brilliance+1","Halt+1","Prostrate+1","FollowUp+1"],"relics":["PureWater","Nunchaku","Strawberry","Whetstone","Pen Nib","Velvet Choker","Toxic Egg 2","Lantern","White Beast Statue"],"acts_visited":["Exordium","TheCity"],"potions_floor_usage":[10,16,23,23,23,25,29,31,33],"damage_taken":[{"damage":0,"enemies":"Cultist","floor":1,"turns":2},{"damage":0,"enemies":"2 Louse","floor":2,"turns":3},{"damage":0,"enemies":"Jaw Worm","floor":3,"turns":2},{"damage":0,"enemies":"Exordium Thugs","floor":4,"turns":1},{"damage":0,"enemies":"2 Fungi Beasts","floor":5,"turns":2},{"damage":6,"enemies":"3 Sentries","floor":7,"turns":3},{"damage":0,"enemies":"Gremlin Nob","floor":10,"turns":1},{"damage":0,"enemies":"Exordium Wildlife","floor":13,"turns":1},{"damage":42,"enemies":"Hexaghost","floor":16,"turns":6},{"damage":0,"enemies":"Chosen","floor":18,"turns":4},{"damage":0,"enemies":"Spheric Guardian","floor":21,"turns":2},{"damage":1,"enemies":"Centurion and Healer","floor":22,"turns":3},{"damage":36,"enemies":"Slavers","floor":23,"turns":4},{"damage":13,"enemies":"Snake Plant","floor":25,"turns":3},{"damage":16,"enemies":"Sentry and Sphere","floor":28,"turns":6},{"damage":5,"enemies":"Gremlin Leader","floor":29,"turns":5},{"damage":1,"enemies":"Snecko","floor":31,"turns":3},{"damage":81,"enemies":"Automaton","floor":33,"turns":6}],"seed_played":"-5762451557181966780","potions_obtained":[{"floor":3,"key":"Energy Potion"},{"floor":4,"key":"SkillPotion"},{"floor":7,"key":"Energy Potion"},{"floor":12,"key":"PowerPotion"},{"floor":16,"key":"BlessingOfTheForge"},{"floor":22,"key":"FearPotion"},{"floor":25,"key":"EntropicBrew"},{"floor":31,"key":"FearPotion"}],"is_trial":false,"path_per_floor":["M","M","M","M","M","R","E","R","T","E","R","?","M","$","R","B",null,"M","?","$","M","M","E","R","M","T","R","M","E","?","M","R","B"],"character_chosen":"WATCHER","items_purchased":["Wallop","Pen Nib"],"campfire_rested":1,"item_purchase_floors":[14,14],"current_hp_per_floor":[79,79,79,79,79,79,73,73,80,80,80,80,80,80,80,38,86,86,86,86,86,85,49,49,36,36,36,20,15,15,14,39,0,0],"gold":209,"neow_bonus":"TEN_PERCENT_HP_BONUS","is_daily":false,"chose_seed":false,"campfire_upgraded":6,"win_rate":0.0,"timestamp":1611110074,"path_taken":["M","M","?","M","M","R","E","R","T","E","R","?","M","?","R","BOSS","M","?","?","M","M","E","R","M","T","R","?","E","?","M","R","BOSS"],"items_purchased_type":["Card","Relic"],"build_version":"2020-12-22","purchased_purges":1,"victory":false,"max_hp_per_floor":[79,79,79,79,79,79,79,79,86,86,86,86,86,86,86,86,86,86,86,86,86,86,86,86,86,86,86,86,86,86,86,86,86,86],"card_choices":[{"not_picked":["Crescendo","CrushJoints"],"picked":"Conclude","floor":1},{"not_picked":["ThirdEye","Crescendo"],"picked":"JustLucky","floor":2},{"not_picked":["CutThroughFate","FollowUp"],"picked":"SignatureMove","floor":3},{"not_picked":["Nirvana","Meditate"],"picked":"Tantrum","floor":4},{"not_picked":["FearNoEvil","Crescendo"],"picked":"Halt","floor":5},{"not_picked":["FollowUp","JustLucky"],"picked":"Protect","floor":7},{"not_picked":["Pray","CutThroughFate"],"picked":"LikeWater","floor":10},{"not_picked":["WreathOfFlame","JustLucky"],"picked":"TalkToTheHand","floor":13},{"not_picked":["MasterReality","Wish"],"picked":"DeusExMachina","floor":16},{"not_picked":["FlurryOfBlows","SandsOfTime"],"picked":"EmptyFist+1","floor":18},{"not_picked":["InnerPeace+1","Wallop","BowlingBash"],"picked":"SKIP","floor":21},{"not_picked":["SashWhip","FollowUp"],"picked":"Worship+1","floor":22},{"not_picked":["Collect+1","TalkToTheHand+1"],"picked":"Brilliance","floor":23},{"not_picked":["Indignation+1","ClearTheMind+1"],"picked":"Halt+1","floor":25},{"not_picked":["Crescendo+1","ThirdEye+1"],"picked":"Prostrate+1","floor":28},{"not_picked":["Pray+1","Protect+1"],"picked":"FollowUp+1","floor":29},{"not_picked":["Consecrate","PathToVictory+1","FlurryOfBlows"],"picked":"SKIP","floor":31}],"player_experience":102948,"relics_obtained":[{"floor":7,"key":"Nunchaku"},{"floor":9,"key":"Strawberry"},{"floor":10,"key":"Whetstone"},{"floor":23,"key":"Toxic Egg 2"},{"floor":26,"key":"Lantern"},{"floor":29,"key":"White Beast Statue"}],"event_choices":[{"damage_healed":0,"gold_gain":0,"player_choice":"Bought 1 Potion","damage_taken":0,"max_hp_gain":0,"max_hp_loss":0,"event_name":"The Woman in Blue","floor":12,"gold_loss":0},{"damage_healed":0,"gold_gain":0,"cards_transformed":["Strike_P"],"player_choice":"Transformed","damage_taken":0,"max_hp_gain":0,"max_hp_loss":0,"event_name":"Transmorgrifier","floor":19,"gold_loss":0,"cards_obtained":["Ragnarok"]},{"damage_healed":0,"gold_gain":0,"player_choice":"Upgraded","damage_taken":0,"max_hp_gain":0,"max_hp_loss":0,"event_name":"Upgrade Shrine","floor":30,"gold_loss":0,"cards_upgraded":["Ragnarok"]}],"is_beta":false,"boss_relics":[{"not_picked":["VioletLotus","Tiny House"],"picked":"Velvet Choker"}],"items_purged_floors":[20],"is_endless":false,"potions_floor_spawned":[3,4,7,13,16,22,25,28,31],"killed_by":"Automaton","ascension_level":2}}