{"host":"vyjryxuuuxkt43k4","time":1611132104,"event":{"mods":["AchievementEnabler","BaseMod","Colored Map","DeckTracker","Keyboard Shortcuts","Minty Spire (QoL Compilation)","Permanent Neow","Quick Restart","Rare Cards Sparkle","StSLib","SuperFastMode","everything is the same but u backflip on backflip"],"gold_per_floor":[218,218,231,247,267,267,38,64,64,82,82,100,0,14,14,14,14],"floor_reached":16,"language":"KOR","playtime":760,"items_purged":["Strike_R","Strike_R"],"score":182,"play_id":"62c9f212-a34d-4aa1-9d46-7232e2469f2e","local_time":"20210120174144","is_ascension_mode":true,"campfire_choices":[{"data":"Whirlwind","floor":6,"key":"SMITH"},{"data":"Armaments","floor":11,"key":"SMITH"},{"data":"Limit Break","floor":15,"key":"SMITH"}],"circlet_count":0,"master_deck":["AscendersBane","Strike_R","Strike_R","Defend_R","Defend_R","Defend_R","Defend_R","Bash","Metallicize","Whirlwind+1","Shrug It Off","Shrug It Off","Bludgeon","Armaments+1","Spot Weakness","Limit Break+1"],"relics":["Burning Blood","Meat on the Bone","Singing Bowl"],"acts_visited":["Exordium"],"potions_floor_usage":[5,8,16,16],"damage_taken":[{"damage":5,"enemies":"2 Louse","floor":1,"turns":3},{"damage":5,"enemies":"Cultist","floor":3,"turns":4},{"damage":12,"enemies":"Small Slimes","floor":4,"turns":2},{"damage":26,"enemies":"Red Slaver","floor":5,"turns":6},{"damage":26,"enemies":"Lagavulin","floor":8,"turns":6},{"damage":9,"enemies":"2 Fungi Beasts","floor":10,"turns":3},{"damage":19,"enemies":"Large Slime","floor":12,"turns":7},{"damage":0,"enemies":"3 Louse","floor":14,"turns":1},{"damage":55,"enemies":"Hexaghost","floor":16,"turns":9}],"seed_played":"-3916510617256857173","potions_obtained":[{"floor":4,"key":"ColorlessPotion"},{"floor":5,"key":"ColorlessPotion"},{"floor":8,"key":"SpeedPotion"},{"floor":14,"key":"LiquidBronze"}],"is_trial":false,"path_per_floor":["M","?","M","M","M","R","$","E","T","M","R","M","$","M","R","B"],"character_chosen":"IRONCLAD","items_purchased":["Bludgeon"],"campfire_rested":0,"item_purchase_floors":[7],"current_hp_per_floor":[69,69,70,64,44,44,44,24,24,33,33,32,32,52,52,0,0],"gold":14,"neow_bonus":"HUNDRED_GOLD","is_daily":false,"chose_seed":false,"campfire_upgraded":3,"win_rate":0.0,"timestamp":1611132104,"path_taken":["M","?","?","M","M","R","$","E","T","M","R","M","?","M","R","BOSS"],"items_purchased_type":["Card"],"build_version":"2020-12-22","purchased_purges":2,"victory":false,"max_hp_per_floor":[75,75,75,75,75,75,75,75,75,75,75,75,75,77,77,77,77],"card_choices":[{"not_picked":["Sword Boomerang","Hemokinesis"],"picked":"Metallicize","floor":1},{"not_picked":["Anger","Clash"],"picked":"Shrug It Off","floor":3},{"not_picked":["Flex","Reckless Charge","Warcry"],"picked":"SKIP","floor":4},{"not_picked":["Heavy Blade","Sentinel"],"picked":"Shrug It Off","floor":5},{"not_picked":["Searing Blow","Intimidate"],"picked":"Armaments","floor":8},{"not_picked":["Shrug It Off","Havoc"],"picked":"Spot Weakness","floor":10},{"not_picked":["Rage","Heavy Blade"],"picked":"Limit Break","floor":12},{"not_picked":["Burning Pact","Sword Boomerang","Anger"],"picked":"Singing Bowl","floor":14}],"player_experience":152628,"relics_obtained":[{"floor":8,"key":"Meat on the Bone"},{"floor":9,"key":"Singing Bowl"}],"event_choices":[{"damage_healed":0,"gold_gain":0,"cards_transformed":["Strike_R"],"player_choice":"Transformed","damage_taken":0,"max_hp_gain":0,"max_hp_loss":0,"event_name":"Transmorgrifier","floor":2,"gold_loss":0,"cards_obtained":["Whirlwind"]}],"is_beta":false,"boss_relics":[],"items_purged_floors":[7,13],"is_endless":false,"potions_floor_spawned":[4,5,8,14],"killed_by":"Hexaghost","ascension_level":15}}