{"host":"bxdue9bkfm2khp2x","time":1611113435,"event":{"mods":["ATMod(阿瑾Mod)","Arknights The Spire","Aspiration","BaseMod","Better Vampires","Challenge The Spire","Colored Map","Colored Powertips","Conspire","Decade(王小明)","Dota2Spire","Highlight Path","Minty Spire (QoL Compilation)","MostiFishMod","Remilia（蕾米莉亚）","Replay The Spire","RumiaBox-露米娅的神秘盒子","Ryuuou龙王","Spicy Shops","StSLib","Td1madao Mod","The Alterego","The Bug Knight","The Cursed","The Servant 0.9.4","WarShipGirlsR/战舰少女R mod","noobMod","vexMod","【功能Mod】混沌之环修复补丁","【遗物卡牌】REMEMod","篝火指南"],"gold_per_floor":[119,162,180,198,211,211,225,225,225,259,131,131,131],"floor_reached":12,"language":"ZHS","playtime":1166,"items_purged":["alterego_mod:Strike"],"score":185,"play_id":"608ce4af-3289-4201-ae3f-e93dac1bc688","local_time":"20210120113035","is_ascension_mode":true,"campfire_choices":[{"data":"alterego_mod:IndependentAction","floor":6,"key":"SMITH"},{"data":"alterego_mod:BrynhildrsRune","floor":8,"key":"SMITH"}],"circlet_count":0,"master_deck":["AscendersBane","alterego_mod:Strike","alterego_mod:Strike","alterego_mod:Strike","alterego_mod:Defend","alterego_mod:Defend","alterego_mod:Defend","alterego_mod:Defend","alterego_mod:BigMeatyClaws","alterego_mod:BrynhildrsRune+1","Double Tap","AT_Desolate","alterego_mod:SakuraLabyrinth","alterego_mod:BiFurious","alterego_mod:IndependentAction+1","alterego_mod:Birthday","alterego_mod:DeftHands"],"relics":["alterego_mod:MasochisticConstitution","DaveBox","REME_ComplimentaryCards","ice","AT_ATBox","DianDianMeat","SynthV:TestCard","AT_ForceNature","MealTicket"],"acts_visited":["Exordium"],"potions_floor_usage":[5],"damage_taken":[{"damage":8,"enemies":"Jaw Worm","floor":1,"turns":7},{"damage":45,"enemies":"conspire:MimicChest","floor":2,"turns":11},{"damage":3,"enemies":"conspire:RoseBush","floor":3,"turns":4},{"damage":0,"enemies":"Cultist","floor":4,"turns":3},{"damage":15,"enemies":"3 Louse","floor":5,"turns":3},{"damage":16,"enemies":"Blue Slaver","floor":7,"turns":3},{"damage":21,"enemies":"HollowMod:MossKnight","floor":10,"turns":8},{"damage":67,"enemies":"3 Sentries","floor":12,"turns":16}],"seed_played":"114536211566417541","potions_obtained":[{"floor":3,"key":"Venom Potion"},{"floor":4,"key":"Explosive Potion"},{"floor":5,"key":"FearPotion"}],"is_trial":false,"path_per_floor":["M","?","M","M","M","R","M","R","T","E","$","E"],"character_chosen":"The_Alterego","items_purchased":["alterego_mod:DeftHands"],"campfire_rested":0,"item_purchase_floors":[11],"current_hp_per_floor":[65,32,37,49,49,49,41,41,41,41,63,5,5],"gold":131,"neow_bonus":"REMOVE_CARD","is_daily":false,"chose_seed":false,"campfire_upgraded":2,"win_rate":0.0,"timestamp":1611113435,"path_taken":["M","?","M","?","?","R","M","R","T","E","$","E"],"items_purchased_type":["Card"],"build_version":"2020-12-22","purchased_purges":1,"victory":false,"max_hp_per_floor":[72,77,78,83,84,84,85,85,85,92,99,99,99],"card_choices":[{"not_picked":["alterego_mod:Rip","alterego_mod:Cooking"],"picked":"alterego_mod:SakuraLabyrinth","floor":1},{"not_picked":["alterego_mod:Maid","alterego_mod:Rip","alterego_mod:DustData","alterego_mod:BustOut"],"picked":"alterego_mod:BiFurious","floor":2},{"not_picked":["alterego_mod:Table","alterego_mod:Cycle","alterego_mod:Skirt","alterego_mod:GoddessCore","alterego_mod:Clap"],"picked":"SKIP","floor":3},{"not_picked":["alterego_mod:PerceptionDisorder","alterego_mod:GachaTicket","alterego_mod:Maid","alterego_mod:Support"],"picked":"alterego_mod:IndependentAction","floor":4},{"not_picked":["alterego_mod:PerceptionDisorder","alterego_mod:SideboobHour","alterego_mod:Skirt","alterego_mod:Cycle","alterego_mod:SakuraPetals"],"picked":"SKIP","floor":5},{"not_picked":["alterego_mod:Punishment","alterego_mod:TrashNCrash","alterego_mod:DustData","alterego_mod:Smother","alterego_mod:HighServant"],"picked":"SKIP","floor":7},{"not_picked":["alterego_mod:BiFurious","alterego_mod:TrashNCrash","alterego_mod:PerceptionDisorder","alterego_mod:Exercise"],"picked":"alterego_mod:Birthday","floor":10}],"player_experience":1296234,"relics_obtained":[{"floor":1,"key":"SynthV:TestCard"},{"floor":9,"key":"AT_ForceNature"},{"floor":10,"key":"MealTicket"}],"event_choices":[],"is_beta":false,"boss_relics":[],"items_purged_floors":[11],"is_endless":false,"potions_floor_spawned":[3,4,5],"killed_by":"3 Sentries","ascension_level":20}}