{"host":"j7au2ovow4c9pz79","time":1611177948,"event":{"mods":["AchievementEnabler","BaseMod","Better Third Choice","BetterRewards","Colored Powertips","Defuse TimeMaze Blight","Energized Spire","Googly Eyes","Hubris","Infinite Spire","Minty Spire (QoL Compilation)","Quick Restart","Replay The Spire","Spicy Shops","StSLib","SuperFastMode","Transform Curses"],"gold_per_floor":[118,129,56,56,110,110,110,128,154,180,193,173,189,203,203,203,203],"floor_reached":16,"language":"ENG","playtime":481,"items_purged":[],"score":104,"play_id":"ae8fc8ad-0c9c-4f40-8297-5656bae231c9","local_time":"20210120222548","is_ascension_mode":false,"campfire_choices":[{"data":"Survivor","floor":6,"key":"SMITH"},{"data":"PiercingWail","floor":15,"key":"SMITH"}],"circlet_count":0,"master_deck":["Strike_G","Strike_G","Strike_G","Strike_G","Strike_G","Defend_G","Defend_G","Defend_G","Defend_G","Defend_G","Survivor+1","Neutralize","Cloak And Dagger","PiercingWail+1","Crippling Poison","Slice","Cloak And Dagger","Outmaneuver","Hidden Blade","Hidden Blade","Masterful Stab"],"relics":["Ring of the Snake","Omamori","Strawberry","Snake Skull","Ancient Tea Set"],"acts_visited":["Exordium"],"potions_floor_usage":[16,16,16],"damage_taken":[{"damage":0,"enemies":"Jaw Worm","floor":1,"turns":6},{"damage":4,"enemies":"Cultist","floor":2,"turns":7},{"damage":0,"enemies":"Small Slimes","floor":8,"turns":3},{"damage":26,"enemies":"Lagavulin","floor":10,"turns":9},{"damage":7,"enemies":"Looter","floor":11,"turns":4},{"damage":0,"enemies":"Exordium Thugs","floor":12,"turns":4},{"damage":0,"enemies":"3 Louse","floor":13,"turns":2},{"damage":0,"enemies":"Lots of Slimes","floor":14,"turns":3},{"damage":52,"enemies":"Fading Forest","floor":16,"turns":7}],"seed_played":"7591438755527245763","potions_obtained":[{"floor":2,"key":"Languid Potion"},{"floor":8,"key":"LifebloodPotion"},{"floor":10,"key":"Languid Potion"}],"is_trial":false,"path_per_floor":["M","M","$","?","T","R","?","M","T","E","M","M","M","M","R","B"],"character_chosen":"THE_SILENT","items_purchased":["Omamori"],"campfire_rested":0,"item_purchase_floors":[3],"current_hp_per_floor":[70,66,66,66,73,73,73,73,73,47,40,40,40,40,40,0,0],"gold":203,"neow_bonus":"THREE_CARDS","is_daily":false,"chose_seed":false,"campfire_upgraded":2,"win_rate":0.0,"timestamp":1611177948,"path_taken":["M","M","$","?","?","R","?","M","T","E","M","M","M","M","R","BOSS"],"items_purchased_type":["Relic"],"build_version":"2020-12-22","purchased_purges":0,"victory":false,"max_hp_per_floor":[70,70,70,70,77,77,77,77,77,77,77,77,77,77,77,77,77],"card_choices":[{"not_picked":["Well Laid Plans","Deadly Poison"],"picked":"Cloak And Dagger","floor":0},{"not_picked":["Backflip","Dagger Spray"],"picked":"PiercingWail","floor":1},{"not_picked":["Blade Dance","Riddle With Holes"],"picked":"Crippling Poison","floor":2},{"not_picked":["hubris:SlightOfHand","Deadly Poison"],"picked":"Slice","floor":8},{"not_picked":["Acrobatics","Venomology"],"picked":"Cloak And Dagger","floor":10},{"not_picked":["Prepared","Deadly Poison"],"picked":"Outmaneuver","floor":11},{"not_picked":["Prepared","Sucker Punch"],"picked":"Hidden Blade","floor":12},{"not_picked":["ReplayTheSpireMod:Scrap Shanks","Concentrate"],"picked":"Hidden Blade","floor":13},{"not_picked":["Draining Mist","Skewer"],"picked":"Masterful Stab","floor":14}],"player_experience":1889173,"relics_obtained":[{"floor":5,"key":"Strawberry"},{"floor":9,"key":"Snake Skull"},{"floor":10,"key":"Ancient Tea Set"}],"event_choices":[{"damage_healed":0,"gold_gain":0,"player_choice":"Ignored","damage_taken":0,"max_hp_gain":0,"max_hp_loss":0,"event_name":"Transmorgrifier","floor":7,"gold_loss":0}],"is_beta":false,"boss_relics":[],"items_purged_floors":[],"is_endless":false,"potions_floor_spawned":[2,8,10],"killed_by":"Fading Forest","ascension_level":0}}