{"host":"yncvxcxtq9dkce9q","time":1611173766,"event":{"mods":["ATMod(°¢èªMod)","AchievementEnabler","Act Like it!","Arknights The Spire","Ascension Reborn","Aspiration","Bard","BaseMod","BetterRewards","ChefMod","Colored Powertips","Conspire","Custom Start","Defuse TimeMaze Blight","Dota2Spire","Energized Spire","Friendly Minions","Gensokyo","GifTheSpireLib","Gremlin Mod","Halation","Hermit","Hubris","Infinite Spire","Jedi Mod","KomeijiMod","Lobotomy","LobotomyExtend","Marisa£¨ìFÓê¡¡Ä§ÀíÉ³£©","Marked Mod","Minty Spire (QoL Compilation)","MostiFishMod","Pale of the Ancients","Potionbrewer","Rare Cards Sparkle","Reimu£¨²©ÀöÁéÃÎ£©","Relic Sorter","Replay The Spire","RumiaBox-Â¶Ã×æ«µÄÉñÃØºÐ×Ó","Shop Mod","Spicy Shops","StSLib","Stuff the Spire","TestMod","The Administrix","The Blue Laboratory","The Construct","The Gatherer","The Hayseed","The Jungle","The Marked","The Runesmith","The Servant 0.9.4","Waifu the Spire","Wandering Minibosses","Yakumo Yukari mod","Youmu£¨»êÆÇÑýÃÎ£©","[GremlinLeader]The Maniac","noobMod","vexMod","¡¾¹¦ÄÜMod¡¿»ìãçÖ®»·ÐÞ¸´²¹¶¡","¡¾ÒÅÎï¿¨ÅÆ¡¿REMEMod"],"gold_per_floor":[114,114,41,66,76,76,107,107,157,157,184,40,54,68,68,170,170,182,201,219,234,234,266,266,297,297,310,320,99,118,118,118,214,214,428,428,448,848,848,848,848,730,756,767,792,1041,1041,1091,1146,1196,1196,1196,1196,49,107,176],"floor_reached":57,"language":"ZHS","playtime":7247,"items_purged":["AdministrixMod:Strike_Administrix","AdministrixMod:Defend_Administrix"],"score":1557,"play_id":"13b96c35-d771-4f0e-ba85-a02624a53b44","local_time":"20210121041606","is_ascension_mode":true,"campfire_choices":[{"data":"AdministrixMod:GuanyinBlessing","floor":6.0,"key":"SMITH"},{"data":"AdministrixMod:BishamonBlessing","floor":8.0,"key":"SMITH"},{"data":"AdministrixMod:PassageOfAges","floor":15.0,"key":"SMITH"},{"data":"AdministrixMod:ArmillarySphere","floor":24,"key":"SMITH"},{"floor":32,"key":"RECALL"},{"data":"AdministrixMod:StarSwordSoul","floor":36,"key":"SMITH"},{"data":"AdministrixMod:WifeLightning","floor":40,"key":"SMITH"},{"data":"AdministrixMod:LuminaryPath","floor":47,"key":"SMITH"},{"data":"AdministrixMod:Overdrive","floor":53,"key":"SMITH"}],"circlet_count":0,"master_deck":["AdministrixMod:Strike_Administrix","AdministrixMod:Strike_Administrix","AdministrixMod:Strike_Administrix","AdministrixMod:RedCloak","AdministrixMod:Defend_Administrix","AdministrixMod:Defend_Administrix","AdministrixMod:Defend_Administrix","AdministrixMod:BlueCloak","AT_ShadowStep+1","MostiFishMod:Opportunism+1","AdministrixMod:GuanyinBlessing+1","AdministrixMod:BishamonBlessing+1","AdministrixMod:WifeLightning+1","AdministrixMod:PassageOfAges+1","AdministrixMod:FaithfulFlames","AdministrixMod:ArmillarySphere+1","AdministrixMod:ImmortalGrace","AdministrixMod:SyncreticSurge+1","AdministrixMod:ImmortalGrace","Gensokyo:SummonFieryMouse","AdministrixMod:StarSwordSoul+1","AdministrixMod:ImmortalGrace","AdministrixMod:LuminaryPath+1","AdministrixMod:Overdrive+1","AdministrixMod:NewWardrobe+1","AdministrixMod:Overdrive","AdministrixMod:XianArts"],"relics":["AdministrixMod:ConductorRitualBaton","testmod-TestBox","ice","REME_ComplimentaryCards","AT_ATBox","testmod-Register","MetatronsCube","testmod-EqualTreatment","SynthV:TestCard","LetterFromLob","Guide Book","CrazyTorch:ReiMu","StuffTheSpire:GrapeVine","jedi:arcanewood","TheAbacus","OneHitWonderSystem","MetatronsCube","halation:TwoAmDonut","Dota2Spire:ArcaneBoots","MagicDraw3","halation:Prosthetics","Omamori","Dota2Spire:EchoSabre","Gensokyo:Companionship","Gensokyo:EmptyGrave","jedi:crownofsimplicity","Replay:Bandana","testmod-Acrobat","Chameleon Ring","Dodecahedron","hubris:MedicalManual","StuffTheSpire:OldFever","construct:FoamFinger","MerchantsRug","potionbrewer:ToyAutogyro"],"acts_visited":["Exordium","Gensokyo:Gensokyo","Gensokyo:Gensokyoer","TheEnding"],"potions_floor_usage":[19,56,56],"damage_taken":[{"damage":0.0,"enemies":"Gensokyo:Gryphon","floor":1.0,"turns":4.0},{"damage":0.0,"enemies":"Gensokyo:3_Fairies","floor":5.0,"turns":3.0},{"damage":23.0,"enemies":"Gensokyo:Mamizou","floor":7.0,"turns":11.0},{"damage":0.0,"enemies":"Gensokyo:Aya","floor":11.0,"turns":5.0},{"damage":0.0,"enemies":"Gensokyo:Python","floor":13.0,"turns":5.0},{"damage":0.0,"enemies":"Gensokyo:Kitsune","floor":14.0,"turns":6.0},{"damage":0,"enemies":"Gensokyo:Reimu","floor":16,"turns":7},{"damage":0,"enemies":"Gensokyo:Chomper","floor":18,"turns":5},{"damage":0,"enemies":"Gensokyo:2_Gloops","floor":19,"turns":4},{"damage":0,"enemies":"Gensokyo:Slime_Group","floor":20,"turns":6},{"damage":0,"enemies":"Gensokyo:Wraith","floor":21,"turns":6},{"damage":0,"enemies":"Gensokyo:Koishi","floor":23,"turns":5},{"damage":0,"enemies":"Gensokyo:Tenshi","floor":25,"turns":3},{"damage":0,"enemies":"Gensokyo:3_Gloops","floor":27,"turns":3},{"damage":0,"enemies":"Gensokyo:Swordslinger","floor":28,"turns":3},{"damage":0,"enemies":"Gensokyo:Chomper_and_Gloop","floor":30,"turns":4},{"damage":0,"enemies":"Gensokyo:Eternal_Rivals","floor":33,"turns":8},{"damage":0,"enemies":"Gensokyo:3_Boulders","floor":35,"turns":3},{"damage":0,"enemies":"Gensokyo:3_Bats","floor":37,"turns":2},{"damage":0,"enemies":"Gensokyo:AtlasGolem","floor":44,"turns":3},{"damage":0,"enemies":"Gensokyo:Kasen","floor":45,"turns":4},{"damage":0,"enemies":"Gensokyo:3_Boulders","floor":46,"turns":2},{"damage":0,"enemies":"Gensokyo:Dusk_and_Dawn","floor":48,"turns":2},{"damage":0,"enemies":"Gensokyo:Scarlet_Devils","floor":50,"turns":5},{"damage":0,"enemies":"Shield and Spear","floor":55,"turns":2},{"damage":0,"enemies":"The Heart","floor":56,"turns":4}],"seed_played":"7294194986844327301","potions_obtained":[{"floor":7.0,"key":"Adrenaline Potion"},{"floor":11.0,"key":"blueLaboratory:AbyssPotion"},{"floor":16,"key":"blueLaboratory:SavagePotion"},{"floor":19,"key":"REME_GoldPotion"},{"floor":28,"key":"blueLaboratory:BottleOfVodka"},{"floor":44,"key":"potionbrewer:InfectionPotion"},{"floor":46,"key":"Death Potion"}],"is_trial":false,"path_per_floor":["M","?","$","T","M","R","E","R","T","?","E","$","M","M","R","B",null,"M","M","M","M","?","E","R","E","T","M","M","COS","M","?","R","B",null,"M","R","M","?","?","R","?","COS","T","M","E","M","R","M","R","B",null,null,"R","$","E","B",null],"character_chosen":"TheAdministrix","items_purchased":["Guide Book","TheAbacus","Dodecahedron","hubris:MedicalManual","AdministrixMod:Overdrive","StuffTheSpire:OldFever","construct:FoamFinger","MerchantsRug","AdministrixMod:XianArts"],"campfire_rested":0,"item_purchase_floors":[3,12,54,54,54,54,54,54,54],"current_hp_per_floor":[59,59,59,59,59,59,36,36,36,36,36,36,36,36,36,36,1,1,1,1,1,1,1,1,1,1,1,1,1,1,1,1,1,1,1,1,1,1,1,1,1,1,1,1,1,1,1,1,1,1,1,1,1,1,1,1],"gold":176,"neow_bonus":"ONE_RARE_RELIC","is_daily":false,"chose_seed":false,"campfire_upgraded":8,"win_rate":0.0,"timestamp":1611173766,"path_taken":["M","?","?","?","?","R","E","R","T","?","E","?","M","M","R","BOSS","M","M","M","M","?","E","R","E","T","M","M","COS","M","?","R","BOSS","M","?","M","?","?","R","?","COS","T","M","E","M","?","M","R","BOSS","R","$","E","BOSS"],"items_purchased_type":["Relic","Relic","Relic","Relic","Card","Relic","Relic","Relic","Card"],"build_version":"2020-12-22","purchased_purges":2,"victory":true,"max_hp_per_floor":[59,59,59,59,59,59,59,59,59,59,59,59,59,59,59,59,1,1,1,1,1,1,1,1,1,1,1,1,1,1,1,1,1,1,1,1,1,1,1,1,1,1,1,1,1,1,1,1,1,1,1,1,1,1,1,1],"card_choices":[{"not_picked":["AdministrixMod:RegentEdict","AdministrixMod:FuneraryRites","AdministrixMod:Transition"],"picked":"SKIP","floor":1.0},{"not_picked":["AdministrixMod:HarmonicReverence","AdministrixMod:DiversionaryTactic","AdministrixMod:TrickOfTheLight","AdministrixMod:CrackingPangu"],"picked":"AdministrixMod:GuanyinBlessing","floor":5.0},{"not_picked":["AdministrixMod:QuietConspiracy","AdministrixMod:PlateOfAntiquity","AdministrixMod:LightOfYourLife","AdministrixMod:ReachToHeaven"],"picked":"AdministrixMod:BishamonBlessing","floor":7.0},{"not_picked":["AdministrixMod:ArmillarySphere","AdministrixMod:PlateOfAntiquity","AdministrixMod:SyncreticPlunge","AdministrixMod:NewWardrobe"],"picked":"AdministrixMod:WifeLightning","floor":11.0},{"not_picked":["AdministrixMod:NoblePath","AdministrixMod:PlateOfAntiquity","AdministrixMod:ExtolVirtue","AdministrixMod:LightOfYourLife","AdministrixMod:NewWardrobe"],"picked":"SKIP","floor":13.0},{"not_picked":["AdministrixMod:CrackingPangu","AdministrixMod:SealAway","AdministrixMod:JustRewards","AdministrixMod:ExtolVirtue"],"picked":"AdministrixMod:PassageOfAges","floor":14.0},{"not_picked":["AdministrixMod:HaveItAll","AdministrixMod:FalseDeath","AdministrixMod:Mastermind","AdministrixMod:CosmosControl"],"picked":"AdministrixMod:FaithfulFlames","floor":16},{"not_picked":["AdministrixMod:Overdrive","AdministrixMod:BloodBargain","AdministrixMod:PassageOfAges","AdministrixMod:TrickOfTheLight"],"picked":"AdministrixMod:ArmillarySphere","floor":18},{"not_picked":["AdministrixMod:SipOfSparks","AdministrixMod:Transition","AdministrixMod:Untouchable","AdministrixMod:NoblePath+1","AdministrixMod:JustRewards"],"picked":"SKIP","floor":19},{"not_picked":["AdministrixMod:RegentEdict+1","AdministrixMod:PassageOfAges+1","AdministrixMod:PlateOfAntiquity","AdministrixMod:CrackingPangu","AdministrixMod:BattleforgedBonds"],"picked":"SKIP","floor":20},{"not_picked":["AdministrixMod:SealAway+1","AdministrixMod:Transition","AdministrixMod:ChooseYourEnd","AdministrixMod:NoblePath"],"picked":"AdministrixMod:ImmortalGrace","floor":21},{"not_picked":["AdministrixMod:LightOfYourLife","AdministrixMod:Schism","AdministrixMod:Katabasis","AdministrixMod:SealAway","AdministrixMod:RebukeDesires"],"picked":"SKIP","floor":23},{"not_picked":["AdministrixMod:TouchOfCinnabar","AdministrixMod:CrackingPangu","AdministrixMod:Metempsychosis+1","AdministrixMod:Overdrive+1"],"picked":"AdministrixMod:SyncreticSurge+1","floor":25},{"not_picked":["AdministrixMod:SeventeenArticleLaser","AdministrixMod:UnstableVigor","AdministrixMod:Metempsychosis+1","AdministrixMod:Transition","AdministrixMod:DiversionaryTactic"],"picked":"SKIP","floor":27},{"not_picked":["AdministrixMod:RegentEdict","AdministrixMod:CrackingPangu","AdministrixMod:LuminaryPath","AdministrixMod:CenturiesAscent"],"picked":"AdministrixMod:ImmortalGrace","floor":28},{"not_picked":["AdministrixMod:DiversionaryTactic+1","AdministrixMod:ArmillarySphere","AdministrixMod:LightOfYourLife","AdministrixMod:QuietConspiracy","AdministrixMod:NoblePath"],"picked":"SKIP","floor":30},{"not_picked":["AdministrixMod:LifeforceNet","AdministrixMod:FalseDeath","AdministrixMod:CosmosControl","AdministrixMod:FaithfulFlames"],"picked":"AdministrixMod:StarSwordSoul","floor":33},{"not_picked":["AdministrixMod:NoblePath","AdministrixMod:SipOfSparks","AdministrixMod:RisingSunPrince","AdministrixMod:CrackingPangu"],"picked":"AdministrixMod:ImmortalGrace","floor":35},{"not_picked":["AdministrixMod:PassageOfAges+1","AdministrixMod:SealAway+1","AdministrixMod:CrackingPangu","AdministrixMod:RegentEdict","AdministrixMod:JustRewards+1"],"picked":"SKIP","floor":37},{"not_picked":["AdministrixMod:DiversionaryTactic","AdministrixMod:FuneraryRites+1","AdministrixMod:LightOfYourLife","AdministrixMod:Wuji+1"],"picked":"AdministrixMod:LuminaryPath","floor":44},{"not_picked":["AdministrixMod:ShadowPlay","AdministrixMod:Metempsychosis+1","AdministrixMod:NewbornDivinity","AdministrixMod:PlateOfAntiquity"],"picked":"AdministrixMod:Overdrive","floor":45},{"not_picked":["AdministrixMod:PlateOfAntiquity+1","AdministrixMod:QuietConspiracy+1","AdministrixMod:Transition","AdministrixMod:Schism","AdministrixMod:TrickOfTheLight+1"],"picked":"SKIP","floor":46},{"not_picked":["AdministrixMod:RebukeDesires+1","AdministrixMod:QuietConspiracy","AdministrixMod:Wuji+1","AdministrixMod:Transition"],"picked":"AdministrixMod:NewWardrobe+1","floor":48},{"not_picked":["AdministrixMod:LightOfYourLife","AdministrixMod:CenturiesAscent+1","AdministrixMod:BloodBargain+1","AdministrixMod:ShadowPlay","AdministrixMod:Katabasis"],"picked":"SKIP","floor":55}],"player_experience":417542,"relics_obtained":[{"floor":1.0,"key":"SynthV:TestCard"},{"floor":1.0,"key":"LetterFromLob"},{"floor":7.0,"key":"CrazyTorch:ReiMu"},{"floor":9.0,"key":"StuffTheSpire:GrapeVine"},{"floor":11.0,"key":"jedi:arcanewood"},{"floor":23,"key":"halation:TwoAmDonut"},{"floor":25,"key":"Dota2Spire:ArcaneBoots"},{"floor":26,"key":"MagicDraw3"},{"floor":43,"key":"jedi:crownofsimplicity"},{"floor":45,"key":"testmod-Acrobat"},{"floor":55,"key":"potionbrewer:ToyAutogyro"}],"event_choices":[{"damage_healed":0,"gold_gain":0,"player_choice":"Swap Relic","damage_taken":0,"relics_obtained":["DaveBox"],"max_hp_gain":0,"max_hp_loss":0,"event_name":"¸ø×Ô¼ºµÄºÐ×Ó","floor":22,"relics_lost":["DaveBox"],"gold_loss":0},{"damage_healed":0,"gold_gain":400,"player_choice":"Sell","damage_taken":0,"max_hp_gain":0,"max_hp_loss":0,"event_name":"¶÷ÂåË¹µÄÅÌ×Ó","floor":38,"relics_lost":["DaveBox"],"gold_loss":0}],"is_beta":false,"boss_relics":[{"not_picked":["halation:PinkAlligatorPlush","construct:WeddingRing"],"picked":"OneHitWonderSystem"},{"not_picked":["halation:MonkeysPaw","jedi:battlestandard","testmod-Recursion"]}],"items_purged_floors":[54,54],"is_endless":false,"potions_floor_spawned":[7,11,13,16,19,28,30,37,44,46,55],"ascension_level":0}}