{"host":"udyc8f81k2jocuhg","time":1611187191,"event":{"mods":["2.2 Compatiblity","BaseMod","Better Third Choice","Colored Powertips","Conspire","Custom Start","GifTheSpireLib","Hermit","Minty Spire (QoL Compilation)","Permanent Neow","Quick Restart","Relic Filter","Relic Stats","Replay The Spire","Shop Mod","Spikes Relics","StSLib","Stuff the Spire"],"gold_per_floor":[368,387,424,436,448,448,448],"floor_reached":6,"language":"ENG","playtime":387,"items_purged":[],"score":67,"play_id":"12f7c959-47ff-4678-8c9b-e245338ec8a3","local_time":"20210121005951","is_ascension_mode":true,"campfire_choices":[],"circlet_count":0,"master_deck":["AscendersBane","Strike_G","Strike_G","Strike_G","Strike_G","Strike_G","Defend_G","Defend_G","Defend_G","Defend_G","Defend_G","Survivor","Neutralize","Clumsy","Deflect","Pain","Footwork"],"relics":["Ring of the Snake","Snake Skull"],"acts_visited":["Exordium"],"potions_floor_usage":[3,6],"damage_taken":[{"damage":8.0,"enemies":"Jaw Worm","floor":1.0,"turns":10.0},{"damage":0.0,"enemies":"Cultist","floor":2.0,"turns":5.0},{"damage":9,"enemies":"Small Slimes","floor":4,"turns":6},{"damage":5,"enemies":"Blue Slaver","floor":5,"turns":10},{"damage":3,"enemies":"Lagavulin","floor":6,"turns":7}],"seed_played":"1063706496459263258","potions_obtained":[{"floor":1.0,"key":"Dexterity Potion"},{"floor":2.0,"key":"PowerPotion"},{"floor":3,"key":"Fruit Juice"},{"floor":3,"key":"conspire:TimeTravelPotion"}],"is_trial":false,"path_per_floor":["M","M","?","M","M","E"],"character_chosen":"THE_SILENT","items_purchased":[],"campfire_rested":0,"item_purchase_floors":[],"current_hp_per_floor":[51,51,56,47,42,39,39],"gold":448,"neow_bonus":"TWO_FIFTY_GOLD","is_daily":false,"chose_seed":false,"campfire_upgraded":0,"win_rate":0.0,"timestamp":1611187191,"path_taken":["M","M","?","M","?","E"],"items_purchased_type":[],"build_version":"2020-12-22","purchased_purges":0,"victory":false,"max_hp_per_floor":[66,66,71,71,71,71,71],"relic_stats":{"counters":[5,38],"Snake Skull":[0],"obtain_stats":[{"Snake Skull":3,"Ring of the Snake":0},{"Snake Skull":2,"Ring of the Snake":0},{"Snake Skull":15,"Ring of the Snake":0}],"Ring of the Snake":[10]},"card_choices":[{"not_picked":["StuffTheSpire:Python","Tactician"],"picked":"Deflect","floor":1.0},{"not_picked":["Underhanded Strike","Masterful Stab","Slice"],"picked":"SKIP","floor":2.0},{"not_picked":["Hidden Blade","StuffTheSpire:Python"],"picked":"Footwork","floor":3},{"not_picked":["Underhanded Strike","StuffTheSpire:Repulse","Prepared"],"picked":"SKIP","floor":4},{"not_picked":["conspire:DoublingDagger","conspire:PoisonWeapons","StuffTheSpire:Python"],"picked":"SKIP","floor":5}],"player_experience":2012397,"relics_obtained":[{"floor":3,"key":"Snake Skull"}],"event_choices":[],"is_beta":false,"boss_relics":[],"items_purged_floors":[],"is_endless":false,"potions_floor_spawned":[1,2,5],"killed_by":"Lagavulin","ascension_level":15}}