{"host":"b78s5rp3ow4b1syk","time":1611122045,"event":{"mods":["AchievementEnabler","BaseMod","DeckTracker","Keyboard Shortcuts","Marisa£¨Ùöéë¡¡Øª×âÞÞ£©","Minty Spire (QoL Compilation)","Permanent Neow","Quick Restart","StSLib","SuperFastMode","The Cursed","everything is the same but u backflip on backflip"],"gold_per_floor":[116,116,32,60,86,127,127,92,116,157,198,223,298,328,328,454,454,493,63,63,22,60,60,97,97,123,248,248,248,279,96,96,194,194,204,279,279,189,209,263,263,315,339,392,431,468,511,555,555,555,555,555,268,296,296],"floor_reached":56,"language":"ENG","playtime":6771,"items_purged":["Strike_MRS","Defend_MRS","TreasureHunter"],"score":1388,"play_id":"8d7da1a8-96b2-4f1a-9cb8-519751e24719","local_time":"20210120145405","is_ascension_mode":false,"campfire_choices":[{"data":"WitchOfGreed","floor":7.0,"key":"SMITH"},{"floor":15.0,"key":"REST"},{"data":"OortCloud","floor":23.0,"key":"SMITH"},{"data":"MysteriousBeam","floor":25.0,"key":"SMITH"},{"data":"PulseMagic","floor":32.0,"key":"SMITH"},{"data":"CasketOfStar","floor":41.0,"key":"SMITH"},{"floor":49.0,"key":"RECALL"},{"data":"EarthLightRay","floor":52.0,"key":"SMITH"}],"circlet_count":0,"master_deck":["MasterSpark","UpSweep","WitchOfGreed+1","Finesse","GrandCross","JA","PulseMagic+1","MysteriousBeam+1","PowerUp+1","DC","AbsoluteMagnitude","6A+1","Orbital+1","BigCrunch+1","GalacticHalo","Acceleration","OortCloud+1","SporeBomb","IllusionStar+1","EventHorizon","AsteroidBelt","AsteroidBelt+1","SprinkleStarSeal","CasketOfStar+1","MysteriousBeam+1","FairyDestructionRay+1","EarthLightRay+1","EnergyRecoil+1","DoubleSpark+1","Acceleration","ShootTheMoon"],"relics":["MiniHakkero","Bag of Preparation","Potion Belt","Mummified Hand","Astrolabe","Membership Card","Thread and Needle","Oddly Smooth Stone","Pocketwatch","Pear","Meat on the Bone","Nilry\u0027s Codex","HandmadeGrimoire","Kunai","Philosopher\u0027s Stone","FossilizedHelix","Lizard Tail","Happy Flower","Pen Nib","PreservedInsect","Anchor","Blood Vial","DollysMirror","Bag of Marbles"],"acts_visited":["Exordium","TheCity","TheBeyond","TheEnding"],"potions_floor_usage":[54,55,55,55,55,55],"damage_taken":[{"damage":3.0,"enemies":"Jaw Worm","floor":1.0,"turns":3.0},{"damage":3.0,"enemies":"Cultist","floor":4.0,"turns":4.0},{"damage":5.0,"enemies":"Small Slimes","floor":5.0,"turns":3.0},{"damage":19.0,"enemies":"Lagavulin","floor":6.0,"turns":5.0},{"damage":0.0,"enemies":"3 Louse","floor":10.0,"turns":2.0},{"damage":16.0,"enemies":"Exordium Thugs","floor":11.0,"turns":3.0},{"damage":0.0,"enemies":"Gremlin Nob","floor":12.0,"turns":2.0},{"damage":35.0,"enemies":"Hexaghost","floor":16.0,"turns":6.0},{"damage":14.0,"enemies":"2 Thieves","floor":18.0,"turns":3.0},{"damage":0.0,"enemies":"Spheric Guardian","floor":22.0,"turns":1.0},{"damage":0.0,"enemies":"Snecko","floor":24.0,"turns":4.0},{"damage":0.0,"enemies":"Colosseum Slavers","floor":27.0,"turns":4.0},{"damage":0.0,"enemies":"Colosseum Nobs","floor":27.0,"turns":2.0},{"damage":1.0,"enemies":"Book of Stabbing","floor":30.0,"turns":4.0},{"damage":39.0,"enemies":"Automaton","floor":33.0,"turns":7.0},{"damage":0.0,"enemies":"3 Darklings","floor":35.0,"turns":2.0},{"damage":0.0,"enemies":"Mind Bloom Boss Battle","floor":36.0,"turns":2.0},{"damage":0.0,"enemies":"Orb Walker","floor":39.0,"turns":3.0},{"damage":0.0,"enemies":"Reptomancer","floor":40.0,"turns":3.0},{"damage":0.0,"enemies":"Nemesis","floor":42.0,"turns":3.0},{"damage":0.0,"enemies":"Reptomancer","floor":44.0,"turns":3.0},{"damage":0.0,"enemies":"Spire Growth","floor":45.0,"turns":1.0},{"damage":0.0,"enemies":"Writhing Mass","floor":46.0,"turns":3.0},{"damage":0.0,"enemies":"Maw","floor":47.0,"turns":5.0},{"damage":0.0,"enemies":"Spire Growth","floor":48.0,"turns":3.0},{"damage":28.0,"enemies":"Awakened One","floor":50.0,"turns":8.0},{"damage":0,"enemies":"Shield and Spear","floor":54,"turns":5},{"damage":86,"enemies":"The Heart","floor":55,"turns":7}],"seed_played":"-7847415623600043197","potions_obtained":[{"floor":4.0,"key":"Dexterity Potion"},{"floor":4.0,"key":"Fire Potion"},{"floor":5.0,"key":"AttackPotion"},{"floor":6.0,"key":"Explosive Potion"},{"floor":10.0,"key":"StarNLove"},{"floor":10.0,"key":"Dexterity Potion"},{"floor":11.0,"key":"EssenceOfSteel"},{"floor":12.0,"key":"Ancient Potion"},{"floor":16.0,"key":"SkillPotion"},{"floor":18.0,"key":"AttackPotion"},{"floor":22.0,"key":"DistilledChaos"},{"floor":30.0,"key":"EntropicBrew"},{"floor":33.0,"key":"CultistPotion"},{"floor":36.0,"key":"DistilledChaos"},{"floor":40.0,"key":"CultistPotion"},{"floor":42.0,"key":"Ancient Potion"},{"floor":45.0,"key":"EntropicBrew"}],"is_trial":false,"path_per_floor":["M","?","$","M","M","E","R","$","T","M","M","E","?","?","R","B",null,"M","$","?","$","M","R","M","R","T","?","?","?","E","$","R","B",null,"M","?","?","?","M","E","R","E","T","E","M","M","M","M","R","B",null,"R","$","E","B",null],"character_chosen":"MARISA","items_purchased":["Finesse","PulseMagic","Membership Card","Acceleration","Thread and Needle","Oddly Smooth Stone","OortCloud","Kunai","AsteroidBelt","Anchor","Blood Vial","DollysMirror"],"campfire_rested":1,"item_purchase_floors":[3,8,19,19,19,19,21,31,31,53,53,53],"current_hp_per_floor":[72,72,72,69,64,45,45,45,45,45,29,29,18,18,40,5,75,61,61,61,61,61,61,61,61,61,71,71,55,54,54,54,27,85,85,85,85,85,85,85,85,85,85,85,85,85,85,85,85,57,85,85,85,85,37],"gold":296,"neow_bonus":"REMOVE_CARD","is_daily":false,"chose_seed":false,"campfire_upgraded":6,"win_rate":0.0,"timestamp":1611122045,"path_taken":["M","?","$","?","M","E","R","$","T","M","M","E","?","?","R","BOSS","M","$","?","?","?","R","M","R","T","?","?","?","E","$","R","BOSS","M","?","?","?","M","E","R","E","T","E","M","M","?","M","R","BOSS","R","$","E","BOSS"],"items_purchased_type":["Card","Card","Relic","Card","Relic","Relic","Card","Relic","Card","Relic","Relic","Relic"],"build_version":"2020-12-22","purchased_purges":3,"victory":true,"max_hp_per_floor":[75,75,75,75,75,75,75,75,75,75,75,75,75,75,75,75,75,75,75,75,75,75,75,75,75,75,85,85,85,85,85,85,85,85,85,85,85,85,85,85,85,85,85,85,85,85,85,85,85,85,85,85,85,85,85],"card_choices":[{"not_picked":["DoubleSpark","MagicAbsorber"],"picked":"WitchOfGreed","floor":1.0},{"not_picked":["GasGiant","LuminesStrike"],"picked":"GrandCross","floor":4.0},{"not_picked":["StarBarrage","WitchOfGreed","LuminesStrike"],"picked":"SKIP","floor":5.0},{"not_picked":["StarBarrage","WitchOfGreed","LuminesStrike"],"picked":"SKIP","floor":5.0},{"not_picked":["MeteoricShower","OrrerysSun"],"picked":"JA","floor":6.0},{"not_picked":["PulseMagic","UnstableBomb"],"picked":"MysteriousBeam","floor":10.0},{"not_picked":["MysteriousBeam","WitchOfGreed"],"picked":"PowerUp","floor":11.0},{"not_picked":["PropBag","Occultation"],"picked":"DC","floor":12.0},{"not_picked":["BinaryStars","CasketOfStar"],"picked":"AbsoluteMagnitude","floor":16.0},{"not_picked":["MysteriousBeam","PropBag"],"picked":"GalacticHalo","floor":18.0},{"not_picked":["LuminesStrike","DC"],"picked":"SporeBomb","floor":22.0},{"not_picked":["Orbital+1","NonDirectionalLaser+1"],"picked":"IllusionStar+1","floor":24.0},{"not_picked":["OortCloud","NonDirectionalLaser"],"picked":"EventHorizon","floor":30.0},{"not_picked":["UltimateShortwave","ManaRampage"],"picked":"TreasureHunter","floor":33.0},{"not_picked":["Acceleration","NonDirectionalLaser+1"],"picked":"AsteroidBelt+1","floor":35.0},{"not_picked":["PowerUp+1","6A"],"picked":"SprinkleStarSeal","floor":36.0},{"not_picked":["UnstableBomb+1","DoubleSpark"],"picked":"CasketOfStar","floor":39.0},{"not_picked":["StarBarrage+1","DeepEcoloBomb"],"picked":"MysteriousBeam+1","floor":40.0},{"not_picked":["LuminesStrike","OpenUniverse+1"],"picked":"FairyDestructionRay+1","floor":42.0},{"not_picked":["GalacticHalo","DC+1"],"picked":"EarthLightRay","floor":44.0},{"not_picked":["EarthLightRay","AsteroidBelt"],"picked":"EnergyRecoil+1","floor":45.0},{"not_picked":["SporeBomb+1","PowerUp"],"picked":"DoubleSpark+1","floor":46.0},{"not_picked":["WitchOfGreed","Occultation","GalacticHalo"],"picked":"SKIP","floor":47.0},{"not_picked":["UltimateShortwave","EarthLightRay","ShootingEcho"],"picked":"SKIP","floor":48.0},{"not_picked":["MagicChant+1","PulseMagic+1"],"picked":"ShootTheMoon","floor":54}],"player_experience":44502,"relics_obtained":[{"floor":6.0,"key":"Bag of Preparation"},{"floor":9.0,"key":"Potion Belt"},{"floor":12.0,"key":"Mummified Hand"},{"floor":27.0,"key":"Pocketwatch"},{"floor":27.0,"key":"Pear"},{"floor":29.0,"key":"Nilry\u0027s Codex"},{"floor":30.0,"key":"HandmadeGrimoire"},{"floor":36.0,"key":"FossilizedHelix"},{"floor":40.0,"key":"Lizard Tail"},{"floor":42.0,"key":"Happy Flower"},{"floor":43.0,"key":"Pen Nib"},{"floor":44.0,"key":"PreservedInsect"},{"floor":54,"key":"Bag of Marbles"}],"event_choices":[{"damage_healed":0.0,"max_hp_gain":0.0,"max_hp_loss":0.0,"gold_gain":0.0,"event_name":"NoteForYourself","player_choice":"Ignored","floor":2.0,"gold_loss":0.0,"damage_taken":0.0},{"damage_healed":0.0,"max_hp_gain":0.0,"max_hp_loss":0.0,"gold_gain":75.0,"event_name":"World of Goop","player_choice":"Gather Gold","floor":13.0,"gold_loss":0.0,"damage_taken":11.0},{"damage_healed":0.0,"max_hp_gain":0.0,"max_hp_loss":0.0,"gold_gain":30.0,"event_name":"Dead Adventurer","player_choice":"Searched \u00271\u0027 times","floor":14.0,"gold_loss":0.0,"damage_taken":0.0},{"cards_removed":["Defend_MRS"],"damage_healed":0.0,"max_hp_gain":0.0,"max_hp_loss":0.0,"gold_gain":0.0,"event_name":"Purifier","player_choice":"Purged","floor":20.0,"gold_loss":0.0,"damage_taken":0.0},{"damage_healed":0.0,"max_hp_gain":0.0,"max_hp_loss":0.0,"gold_gain":0.0,"event_name":"Colosseum","player_choice":"Fight","floor":27.0,"gold_loss":0.0,"damage_taken":0.0},{"damage_healed":0.0,"max_hp_gain":0.0,"max_hp_loss":0.0,"gold_gain":0.0,"event_name":"Colosseum","player_choice":"Fought Nobs","floor":27.0,"gold_loss":0.0,"damage_taken":0.0},{"damage_healed":0.0,"max_hp_gain":0.0,"max_hp_loss":0.0,"gold_gain":0.0,"event_name":"The Mausoleum","player_choice":"Opened","floor":28.0,"gold_loss":0.0,"damage_taken":0.0,"relics_obtained":["Meat on the Bone"]},{"damage_healed":0.0,"max_hp_gain":0.0,"max_hp_loss":0.0,"gold_gain":0.0,"event_name":"Cursed Tome","player_choice":"Obtained Book","floor":29.0,"gold_loss":0.0,"damage_taken":16.0},{"damage_healed":0.0,"max_hp_gain":0.0,"max_hp_loss":0.0,"gold_gain":0.0,"event_name":"MindBloom","player_choice":"Fight","floor":36.0,"gold_loss":0.0,"damage_taken":0.0},{"damage_healed":0.0,"max_hp_gain":0.0,"max_hp_loss":0.0,"gold_gain":0.0,"event_name":"Mysterious Sphere","player_choice":"Ignored","floor":37.0,"gold_loss":0.0,"damage_taken":0.0},{"cards_removed":["Defend_MRS"],"damage_healed":0.0,"max_hp_gain":0.0,"max_hp_loss":0.0,"gold_gain":0.0,"event_name":"Designer","player_choice":"Upgrade and Remove","floor":38.0,"gold_loss":90.0,"damage_taken":0.0,"cards_upgraded":["PowerUp"]}],"is_beta":false,"boss_relics":[{"not_picked":["Velvet Choker","ExperimentalFamiliar"],"picked":"Astrolabe"},{"not_picked":["Calling Bell","Snecko Eye"],"picked":"Philosopher\u0027s Stone"}],"items_purged_floors":[19,31,53],"is_endless":false,"potions_floor_spawned":[4,10,12,22,30,33,36,45,46,47],"ascension_level":0}}