{"host":"obplhmlw33xb91v8","time":1611174834,"event":{"mods":["AchievementEnabler","BaseMod","Block Reminder","Curses Come First","Dio Mod","Evolution","Friendly Minions","HololiveMod","Koishi","Minty Spire (QoL Compilation)","Quick Restart","Reimu??????","Relic Stats","Remilia??????","Shop Mod","Spicy Shops","StSLib","The Alterego","The Gatherer","The IronCluck","The Servant 0.9.4","The Wild Card","TheSwordswoman","Uncapped","Waifu the Spire","Yakumo Yukari mod","Yohane!","Youmu??????","Yuyuko","egg"],"gold_per_floor":[84,94,58,68,82,82,119,119,145,145,188,214,214,214,214,372,372,421,521,58,58,125,125,117,175,175,175,175,171,264,366,366,559,559,601,601,646,646,737,767,802,853,876,673,739,794,879,1039,1039,1015,1015],"floor_reached":50,"language":"ENG","playtime":1711,"items_purged":[],"score":846,"play_id":"3f4016bc-9f93-4f32-a572-8c3afd319d49","local_time":"20210120153354","is_ascension_mode":true,"campfire_choices":[{"data":"Hololive_CallSakuraMiko","floor":6.0,"key":"SMITH"},{"data":"Hololive_CallAmaneKanata","floor":8.0,"key":"SMITH"},{"data":"Hololive_CallSakuraMiko","floor":10.0,"key":"SMITH"},{"data":"Hololive_CallSakuraMiko","floor":13.0,"key":"SMITH"},{"data":"Hololive_CallSakuraMiko","floor":15.0,"key":"SMITH"},{"data":"Hololive_CallSakuraMiko","floor":23.0,"key":"SMITH"},{"data":"Hololive_Strike","floor":27.0,"key":"SMITH"},{"data":"Hololive_Defend","floor":32.0,"key":"SMITH"},{"data":"Hololive_Defend","floor":49,"key":"SMITH"}],"circlet_count":0,"master_deck":["Hololive_Strike+1","Hololive_Defend","Hololive_Defend+1","Hololive_Defend+1","Hololive_CallSakuraMiko+1","Hololive_CallSakuraMiko+1","Hololive_CallSakuraMiko+1","Hololive_CallSakuraMiko+1","Hololive_CallSakuraMiko+1","Hololive_CallAmaneKanata+1"],"relics":["Hololive_TheStar","EVO:Axolotl","Hololive_TopUpMoney","NeowsBlessing","Hololive_FriedShrimpLion","Bronze Scales","Hololive_Finger","Hololive_LightStick","Ginger","Oddly Smooth Stone","Singing Bowl","Blood Vial","Busted Crown","Darkstone Periapt","Vajra","MerchantsRug","Bag of Marbles"],"acts_visited":["Exordium","TheCity","TheBeyond"],"potions_floor_usage":[48],"damage_taken":[{"damage":0.0,"enemies":"Small Slimes","floor":1.0,"turns":1.0},{"damage":0.0,"enemies":"Cultist","floor":2.0,"turns":1.0},{"damage":0.0,"enemies":"Jaw Worm","floor":4.0,"turns":1.0},{"damage":6.0,"enemies":"Exordium Wildlife","floor":5.0,"turns":4.0},{"damage":0.0,"enemies":"Blue Slaver","floor":7.0,"turns":4.0},{"damage":0.0,"enemies":"3 Louse","floor":11.0,"turns":4.0},{"damage":0.0,"enemies":"3 Sentries","floor":12.0,"turns":7.0},{"damage":0.0,"enemies":"Slime Boss","floor":16.0,"turns":5.0},{"damage":0.0,"enemies":"3 Byrds","floor":18.0,"turns":3.0},{"damage":0.0,"enemies":"Shell Parasite","floor":22.0,"turns":3.0},{"damage":5.0,"enemies":"Gremlin Leader","floor":24.0,"turns":7.0},{"damage":0.0,"enemies":"Shelled Parasite and Fungi","floor":25.0,"turns":5.0},{"damage":6.0,"enemies":"Slavers","floor":29.0,"turns":5.0},{"damage":0.0,"enemies":"Cultist and Chosen","floor":30.0,"turns":5.0},{"damage":0.0,"enemies":"Sentry and Sphere","floor":31.0,"turns":3.0},{"damage":0.0,"enemies":"Champ","floor":33.0,"turns":9.0},{"damage":23.0,"enemies":"3 Shapes","floor":35.0,"turns":3.0},{"damage":0.0,"enemies":"Orb Walker","floor":37.0,"turns":3.0},{"damage":0.0,"enemies":"Spire Growth","floor":39.0,"turns":4.0},{"damage":0.0,"enemies":"Reptomancer","floor":40.0,"turns":4.0},{"damage":6,"enemies":"4 Shapes","floor":41,"turns":3},{"damage":0,"enemies":"Jaw Worm Horde","floor":42,"turns":2},{"damage":0,"enemies":"3 Darklings","floor":45,"turns":3},{"damage":0,"enemies":"Sphere and 2 Shapes","floor":46,"turns":2},{"damage":0,"enemies":"Spire Growth","floor":47,"turns":3},{"damage":0,"enemies":"Transient","floor":48,"turns":5},{"damage":50,"enemies":"Awakened One","floor":50,"turns":4}],"seed_played":"-5401580568757417587","potions_obtained":[{"floor":5.0,"key":"SteroidPotion"},{"floor":7.0,"key":"GamblersBrew"},{"floor":12.0,"key":"Strength Potion"},{"floor":16.0,"key":"Weak Potion"},{"floor":29.0,"key":"SneckoOil"},{"floor":45,"key":"EssenceOfSteel"}],"is_trial":false,"path_per_floor":["M","M","$","M","M","R","M","R","T","R","M","E","R","?","R","B",null,"M","?","$","T","M","R","E","M","T","R","?","E","M","M","R","B",null,"M","?","M","?","M","E","M","M","T","$","M","M","M","M","R","B"],"character_chosen":"Hololive_HololiveCharacter","items_purchased":["Hololive_CallAmaneKanata","Hololive_LightStick","Ginger","MerchantsRug","Bag of Marbles"],"campfire_rested":0,"item_purchase_floors":[3,20,20,44,44],"current_hp_per_floor":[35,35,35,35,29,29,29,29,29,29,29,29,29,34,34,34,40,40,40,40,40,40,40,35,35,35,35,35,29,31,33,33,35,40,17,35,35,35,35,35,29,31,31,31,33,35,35,35,35,0,0],"gold":1015,"neow_bonus":"THREE_ENEMY_KILL","is_daily":false,"chose_seed":false,"campfire_upgraded":9,"win_rate":0.0,"timestamp":1611174834,"path_taken":["M","M","$","M","M","R","M","R","T","R","M","E","R","?","R","BOSS","M","?","$","?","M","R","E","M","T","R","?","E","M","M","R","BOSS","M","?","M","?","M","E","M","M","T","$","M","M","M","M","R","BOSS"],"items_purchased_type":["Card","Relic","Relic","Relic","Relic"],"build_version":"2020-12-22","purchased_purges":0,"victory":false,"max_hp_per_floor":[35,35,35,35,35,35,35,35,35,35,35,35,35,40,40,40,40,40,40,40,40,40,40,40,40,40,40,40,40,40,40,40,40,40,40,35,35,35,35,35,35,35,35,35,35,35,35,35,35,35,35],"relic_stats":{"Blood Vial":12,"Darkstone Periapt":0,"Busted Crown":22,"Singing Bowl":0,"counters":[27,103],"Bronze Scales":[293],"Ginger":[13],"obtain_stats":[{"Darkstone Periapt":40,"MerchantsRug":44,"NeowsBlessing":0,"Singing Bowl":26,"Oddly Smooth Stone":24,"Vajra":43,"EVO:Axolotl":0,"Ginger":20,"Blood Vial":29,"Hololive_LightStick":20,"Bottled Flame":21,"Busted Crown":34,"Bronze Scales":12,"Hololive_TheStar":0,"Hololive_FriedShrimpLion":9,"Hololive_Finger":17,"Bag of Marbles":44,"Hololive_TopUpMoney":0},{"Darkstone Periapt":20,"MerchantsRug":22,"NeowsBlessing":0,"Singing Bowl":12,"Oddly Smooth Stone":11,"Vajra":22,"EVO:Axolotl":0,"Ginger":9,"Blood Vial":13,"Hololive_LightStick":9,"Bottled Flame":9,"Busted Crown":16,"Bronze Scales":7,"Hololive_TheStar":0,"Hololive_FriedShrimpLion":5,"Hololive_Finger":8,"Bag of Marbles":22,"Hololive_TopUpMoney":0},{"Darkstone Periapt":81,"MerchantsRug":86,"NeowsBlessing":0,"Singing Bowl":45,"Oddly Smooth Stone":40,"Vajra":86,"EVO:Axolotl":0,"Ginger":30,"Blood Vial":50,"Hololive_LightStick":30,"Bottled Flame":30,"Busted Crown":67,"Bronze Scales":22,"Hololive_TheStar":0,"Hololive_FriedShrimpLion":11,"Hololive_Finger":27,"Bag of Marbles":86,"Hololive_TopUpMoney":0}]},"card_choices":[],"player_experience":235275,"relics_obtained":[{"floor":9.0,"key":"Hololive_FriedShrimpLion"},{"floor":12.0,"key":"Bronze Scales"},{"floor":21.0,"key":"Bottled Flame"},{"floor":24.0,"key":"Oddly Smooth Stone"},{"floor":26.0,"key":"Singing Bowl"},{"floor":29.0,"key":"Blood Vial"},{"floor":40,"key":"Darkstone Periapt"},{"floor":43,"key":"Vajra"}],"event_choices":[{"damage_healed":0.0,"max_hp_gain":5.0,"max_hp_loss":0.0,"gold_gain":0.0,"event_name":"Big Fish","player_choice":"Donut","floor":14.0,"gold_loss":0.0,"damage_taken":0.0},{"damage_healed":0.0,"max_hp_gain":0.0,"max_hp_loss":0.0,"gold_gain":100.0,"event_name":"Golden Shrine","player_choice":"Pray","floor":19.0,"gold_loss":0.0,"damage_taken":0.0},{"damage_healed":0.0,"max_hp_gain":0.0,"max_hp_loss":0.0,"gold_gain":0.0,"event_name":"Ghosts","player_choice":"Ignored","floor":28.0,"gold_loss":0.0,"damage_taken":0.0},{"damage_healed":35.0,"max_hp_gain":0.0,"max_hp_loss":5.0,"gold_gain":0.0,"event_name":"The Moai Head","player_choice":"Heal","floor":36.0,"gold_loss":0.0,"damage_taken":0.0},{"cards_removed":["Hololive_Defend"],"damage_healed":0.0,"max_hp_gain":0.0,"max_hp_loss":0.0,"gold_gain":0.0,"event_name":"Falling","player_choice":"Removed Skill","floor":38.0,"gold_loss":0.0,"damage_taken":0.0}],"is_beta":false,"boss_relics":[{"not_picked":["Ectoplasm","Cursed Key"],"picked":"Hololive_Finger"},{"not_picked":["Astrolabe","Tiny House"],"picked":"Busted Crown"}],"items_purged_floors":[],"is_endless":false,"potions_floor_spawned":[5,7,12,16,18,29,30,33,35,45,46],"killed_by":"Awakened One","ascension_level":3}}