{"host":"7fyy23rucerupe6i","time":1611122120,"event":{"mods":["AchievementEnabler","Act Like it!","BaseMod","BetterRewards","Colored Map","Colored Powertips","Conspire","Custom Start","Downfall","Mad Scientist","Marisa£®ÏF”Í°°ƒß¿Ì…≥£©","Minty Spire (QoL Compilation)","Pale of the Ancients","Quick Restart","Shop Mod","ShortenTheSpire","Spicy Shops","StSLib","SuperFastMode","The Bug Knight","The Construct","The Cursed","The Factory","The Jungle","The Servant 0.9.4","UnlockEverythingMod"],"gold_per_floor":[113,150,160,174,185,214,214,4,4,65,65,91,104,152,152,281,281,328,33,96,96,96,96,155,171,195,195,251,251,251,313,313,442,442,491,510,510,510,510,510],"floor_reached":39,"language":"ZHS","playtime":1231,"items_purged":["Strike_MRS","Defend_MRS","Writhe","Strike_MRS"],"score":927,"play_id":"c2659b5d-1f1a-4193-947d-796099d151a1","local_time":"20210120135520","is_ascension_mode":true,"campfire_choices":[{"floor":11,"key":"DIG"},{"floor":15,"key":"DIG"},{"floor":23,"key":"DIG"},{"floor":27,"key":"DIG"},{"floor":30,"key":"DIG"},{"floor":32,"key":"DIG"}],"circlet_count":0,"master_deck":["Strike_MRS","Strike_MRS","Defend_MRS","Defend_MRS","MasterSpark","UpSweep","ChargeUpSpray","OortCloud","StarBarrage","DeepEcoloBomb+1","WitchOfGreed","BlazeAway","MillisecondPulsars","PowerUp","GravityBeat+1","EventHorizon","Decay","6A","Decay"],"relics":["MiniHakkero","Membership Card","AmplifyWand","MerchantsRug","Thread and Needle","champ:DuelingGlove","Akabeko","conspire:Flyswatter","PreservedInsect","ClockworkSouvenir","Boot","Shovel","Slimebound:PreparedRelic","Pen Nib","Peace Pipe","RampagingMagicTools","SimpleLauncher","bronze:BronzeIdol","Red Mask","Juzu Bracelet","Happy Flower","Whetstone","Oddly Smooth Stone","Anchor","Vajra","sneckomod:BlankCard","FossilizedHelix","Black Star"],"acts_visited":["Exordium","TheCity","TheBeyond"],"potions_floor_usage":[20,20,33],"damage_taken":[{"damage":0,"enemies":"Jaw Worm","floor":1,"turns":3},{"damage":0,"enemies":"conspire:MimicChest","floor":2,"turns":7},{"damage":0,"enemies":"Cultist","floor":3,"turns":3},{"damage":0,"enemies":"2 Louse","floor":4,"turns":3},{"damage":1,"enemies":"Red Slaver","floor":5,"turns":3},{"damage":14,"enemies":"Gremlin Nob","floor":6,"turns":4},{"damage":2,"enemies":"Lagavulin","floor":10,"turns":5},{"damage":0,"enemies":"Gremlin Nob","floor":12,"turns":2},{"damage":0,"enemies":"3 Louse","floor":13,"turns":2},{"damage":0,"enemies":"2 Fungi Beasts","floor":14,"turns":4},{"damage":8,"enemies":"Slime Boss","floor":16,"turns":7},{"damage":0,"enemies":"2 Thieves","floor":18,"turns":4},{"damage":0,"enemies":"Masked Bandits","floor":20,"turns":3},{"damage":0,"enemies":"Book of Stabbing","floor":24,"turns":3},{"damage":0,"enemies":"Spheric Guardian","floor":25,"turns":2},{"damage":0,"enemies":"Gremlin Leader","floor":28,"turns":2},{"damage":0,"enemies":"Slavers","floor":31,"turns":3},{"damage":0,"enemies":"Champ","floor":33,"turns":5},{"damage":38,"enemies":"3 Darklings","floor":35,"turns":4},{"damage":0,"enemies":"Orb Walker","floor":36,"turns":1},{"damage":32,"enemies":"Writhing Mass","floor":39,"turns":4}],"seed_played":"-1040252668318135126","potions_obtained":[{"floor":3,"key":"SpeedPotion"},{"floor":4,"key":"Fire Potion"},{"floor":6,"key":"Weak Potion"},{"floor":7,"key":"PowerPotion"},{"floor":7,"key":"Regen Potion"},{"floor":13,"key":"FairyPotion"},{"floor":16,"key":"EntropicBrew"}],"is_trial":false,"path_per_floor":["M","?","M","M","M","E","?","$","T","E","R","E","M","M","R","B",null,"M","$","?","?","?","R","E","M","T","R","E","?","R","E","R","B",null,"M","M","?","?","M"],"character_chosen":"MARISA","items_purchased":["Membership Card","Toolbox","AmplifyWand","MerchantsRug","ChargeUpSpray","Thread and Needle","PreservedInsect","WitchOfGreed","ClockworkSouvenir","SimpleLauncher","bronze:BronzeIdol"],"campfire_rested":0,"item_purchase_floors":[0,0,0,0,0,0,8,8,8,19,19],"current_hp_per_floor":[33,33,33,33,32,18,18,18,18,16,16,16,16,16,16,8,58,58,58,58,58,58,58,58,58,58,58,58,58,58,58,58,58,71,33,33,33,33,1,1],"gold":510,"neow_bonus":"","is_daily":false,"chose_seed":false,"campfire_upgraded":0,"win_rate":0.0,"timestamp":1611122120,"path_taken":["M","?","?","M","M","E","?","$","T","E","R","E","?","M","R","BOSS","M","$","?","?","?","R","E","M","T","R","E","?","R","E","R","BOSS","M","M","?","?","M"],"items_purchased_type":["Relic","Relic","Relic","Relic","Card","Relic","Relic","Card","Relic","Relic","Relic"],"build_version":"2020-12-22","purchased_purges":4,"victory":false,"max_hp_per_floor":[75,75,75,75,75,75,75,75,75,75,75,75,75,75,75,75,75,75,75,75,75,75,75,75,75,75,75,75,75,75,75,75,75,75,75,75,75,75,75,75],"card_choices":[{"not_picked":["IllusionStar","MagicChant"],"picked":"OortCloud","floor":1},{"not_picked":["OneTimeOff","ShootingEcho"],"picked":"StarBarrage","floor":3},{"not_picked":["ShootingEcho","GravityBeat","MysteriousBeam"],"picked":"SKIP","floor":4},{"not_picked":["ChargingUp","LuminesStrike"],"picked":"DeepEcoloBomb","floor":5},{"not_picked":["SatelliteIllusion","GalacticHalo","DarkMatter"],"picked":"SKIP","floor":6},{"not_picked":["WitchOfGreed","BinaryStars","GalacticHalo"],"picked":"SKIP","floor":10},{"not_picked":["GalacticHalo","DeepEcoloBomb"],"picked":"BlazeAway","floor":12},{"not_picked":["DarkSpark","MachineGunSpark","LuminesStrike"],"picked":"SKIP","floor":13},{"not_picked":["LuminesStrike","OneTimeOff"],"picked":"MillisecondPulsars","floor":14},{"not_picked":["SporeBomb","DarkMatter+1"],"picked":"PowerUp","floor":18},{"not_picked":["NonDirectionalLaser","OneTimeOff+1","RefractionSpark"],"picked":"SKIP","floor":24},{"not_picked":["NonDirectionalLaser+1","UnstableBomb"],"picked":"EventHorizon","floor":25},{"not_picked":["CasketOfStar","DoubleSpark+1","Acceleration"],"picked":"SKIP","floor":28},{"not_picked":["MysteriousBeam","UnstableBomb","SporeBomb"],"picked":"SKIP","floor":31},{"not_picked":["MeteoricShower","PowerUp","ShootingEcho"],"picked":"SKIP","floor":35},{"not_picked":["Singularity+1","NonDirectionalLaser"],"picked":"6A","floor":36}],"player_experience":492374,"relics_obtained":[{"floor":2,"key":"Akabeko"},{"floor":6,"key":"conspire:Flyswatter"},{"floor":9,"key":"Boot"},{"floor":10,"key":"Shovel"},{"floor":11,"key":"Slimebound:PreparedRelic"},{"floor":12,"key":"Pen Nib"},{"floor":15,"key":"Peace Pipe"},{"floor":20,"key":"Red Mask"},{"floor":23,"key":"Juzu Bracelet"},{"floor":24,"key":"Happy Flower"},{"floor":26,"key":"Whetstone"},{"floor":27,"key":"Oddly Smooth Stone"},{"floor":28,"key":"Anchor"},{"floor":30,"key":"Vajra"},{"floor":31,"key":"sneckomod:BlankCard"},{"floor":32,"key":"FossilizedHelix"}],"event_choices":[{"damage_healed":0,"gold_gain":0,"player_choice":"Got Potions","damage_taken":0,"max_hp_gain":0,"max_hp_loss":0,"event_name":"Lab","floor":7,"gold_loss":0},{"damage_healed":0,"gold_gain":0,"player_choice":"Fought Bandits","damage_taken":0,"max_hp_gain":0,"max_hp_loss":0,"event_name":"Masked Bandits","floor":20,"gold_loss":0},{"damage_healed":0,"gold_gain":0,"cards_transformed":["Defend_MRS"],"player_choice":"Transformed","damage_taken":0,"max_hp_gain":0,"max_hp_loss":0,"event_name":"Transmorgrifier","floor":22,"gold_loss":0,"cards_obtained":["GravityBeat"]},{"damage_healed":0,"gold_gain":0,"player_choice":"Cursed","damage_taken":0,"max_hp_gain":0,"max_hp_loss":0,"event_name":"Wheel of Change","floor":29,"gold_loss":0,"cards_obtained":["Decay"]},{"damage_healed":0,"gold_gain":0,"player_choice":"Cursed","damage_taken":0,"max_hp_gain":0,"max_hp_loss":0,"event_name":"Wheel of Change","floor":37,"gold_loss":0,"cards_obtained":["Decay"]},{"damage_healed":0,"gold_gain":0,"player_choice":"Ignored","damage_taken":0,"max_hp_gain":0,"max_hp_loss":0,"event_name":"The Moai Head","floor":38,"gold_loss":0}],"is_beta":false,"boss_relics":[{"not_picked":["ExperimentalFamiliar","Astrolabe"],"picked":"RampagingMagicTools"},{"not_picked":["conspire:RoyalGoblet","Coffee Dripper"],"picked":"Black Star"}],"items_purged_floors":[0,0,8,19],"is_endless":false,"potions_floor_spawned":[3,4,6,13,14,20,31,33,36],"killed_by":"Writhing Mass","ascension_level":9}}