{"host":"yo9wwslrag05lh37","time":1611173383,"event":{"mods":["AchievementEnabler","BaseMod","Block Reminder","Colored Map","Colored Powertips","GifTheSpireLib","HexUI Lib","Highlight Path","Minty Spire (QoL Compilation)","Rare Cards Sparkle","Relic Stats","Replay The Spire","StSLib","everything is the same but u backflip on backflip"],"gold_per_floor":[156,211,244,282,33,33,135,135,135,213,255,170,235,300,300,300,300],"floor_reached":16,"language":"ENG","playtime":1119,"items_purged":["Strike_G"],"score":208,"play_id":"fae8c1ef-3310-4d59-a5b0-d9ad20476ae7","local_time":"20210120210943","is_ascension_mode":true,"campfire_choices":[{"data":"HandOfGreed","floor":6,"key":"SMITH"},{"floor":8,"key":"REST"},{"floor":15,"key":"REST"}],"circlet_count":0,"master_deck":["AscendersBane","Strike_G","Strike_G","Strike_G","Strike_G","Defend_G","Defend_G","Defend_G","Defend_G","Defend_G","Survivor","Neutralize","HandOfGreed+1","Dash","ReplayTheSpireMod:Speed Training","Poisoned Stab","Survey Options","Sneak Up"],"relics":["Ring of the Snake","Membership Card","White Beast Statue","Quantum Egg","Odd Mushroom","ReplayTheSpireMod:Shallot"],"acts_visited":["Exordium"],"potions_floor_usage":[10,11,14,16],"damage_taken":[{"damage":0,"enemies":"Small Slimes","floor":1,"turns":4},{"damage":0,"enemies":"2 Louse","floor":2,"turns":4},{"damage":0,"enemies":"Cultist","floor":3,"turns":3},{"damage":5,"enemies":"Looter","floor":4,"turns":3},{"damage":23,"enemies":"3 Sentries","floor":7,"turns":9},{"damage":2,"enemies":"The Mushroom Lair","floor":10,"turns":5},{"damage":0,"enemies":"Blue Slaver","floor":11,"turns":2},{"damage":26,"enemies":"Exordium Thugs","floor":13,"turns":7},{"damage":3,"enemies":"Lots of Slimes","floor":14,"turns":7},{"damage":30,"enemies":"Hexaghost","floor":16,"turns":8}],"seed_played":"453892756020526279","potions_obtained":[{"floor":4,"key":"PowerPotion"},{"floor":7,"key":"GamblersBrew"},{"floor":10,"key":"FearPotion"},{"floor":11,"key":"Doom Potion"},{"floor":14,"key":"Ancient Potion"}],"is_trial":false,"path_per_floor":["M","M","M","M","$","R","E","R","T","?","M","?","M","M","R","B"],"character_chosen":"THE_SILENT","items_purchased":["Membership Card","Survey Options"],"campfire_rested":2,"item_purchase_floors":[5,5],"current_hp_per_floor":[44,44,44,39,39,39,16,35,35,33,33,33,7,4,23,0,0],"gold":300,"neow_bonus":"RANDOM_COLORLESS_2","is_daily":false,"chose_seed":false,"campfire_upgraded":1,"win_rate":0.0,"timestamp":1611173383,"path_taken":["M","M","M","M","$","R","E","R","T","?","M","?","M","M","R","BOSS"],"items_purchased_type":["Relic","Card"],"build_version":"2020-12-22","purchased_purges":1,"victory":false,"max_hp_per_floor":[66,66,66,66,66,66,66,66,66,66,66,66,66,66,66,66,66],"relic_stats":{"counters":[10,52],"obtain_stats":[{"ReplayTheSpireMod:Shallot":12,"Quantum Egg":9,"Membership Card":5,"Odd Mushroom":10,"White Beast Statue":7,"Ring of the Snake":0},{"ReplayTheSpireMod:Shallot":7,"Quantum Egg":5,"Membership Card":4,"Odd Mushroom":6,"White Beast Statue":5,"Ring of the Snake":0},{"ReplayTheSpireMod:Shallot":30,"Quantum Egg":23,"Membership Card":14,"Odd Mushroom":28,"White Beast Statue":23,"Ring of the Snake":0}],"Ring of the Snake":[20]},"card_choices":[{"not_picked":["Crow Ritual","ReplayTheSpireMod:Brewmster"],"picked":"HandOfGreed","floor":0},{"not_picked":["Draining Mist","Blade Dance"],"picked":"Dash","floor":1},{"not_picked":["Skewer","Sucker Punch"],"picked":"ReplayTheSpireMod:Speed Training","floor":2},{"not_picked":["Setup","Masterful Stab"],"picked":"Poisoned Stab","floor":3},{"not_picked":["Catalyst","Poisoned Stab","Sucker Punch"],"picked":"SKIP","floor":4},{"not_picked":["Riddle With Holes","Quick Slash","Blade Dance"],"picked":"SKIP","floor":7},{"not_picked":["Distraction","Dagger Throw"],"picked":"Sneak Up","floor":11},{"not_picked":["Bane","Finisher","Expertise"],"picked":"SKIP","floor":13},{"not_picked":["Quick Slash","Outmaneuver","Backflip"],"picked":"SKIP","floor":14}],"player_experience":1516732,"relics_obtained":[{"floor":7,"key":"White Beast Statue"},{"floor":9,"key":"Quantum Egg"},{"floor":10,"key":"Odd Mushroom"}],"event_choices":[{"damage_healed":0,"gold_gain":0,"player_choice":"Fought Mushrooms","damage_taken":0,"max_hp_gain":0,"max_hp_loss":0,"event_name":"Mushrooms","floor":10,"gold_loss":0},{"damage_healed":0,"gold_gain":0,"player_choice":"Paid Gold","damage_taken":0,"relics_obtained":["ReplayTheSpireMod:Shallot"],"max_hp_gain":0,"max_hp_loss":0,"event_name":"WeMeetAgain","floor":12,"gold_loss":85}],"is_beta":false,"boss_relics":[],"items_purged_floors":[5],"is_endless":false,"potions_floor_spawned":[4,7,10,11,13,14],"killed_by":"Hexaghost","ascension_level":20}}