{"host":"da4a6z8aof69aasy","time":1611177528,"event":{"mods":["AchievementEnabler","BaseMod","Block Reminder","Colored Powertips","DeckTracker","Highlight Path","Minty Spire (QoL Compilation)","Permanent Neow","Relic Stats","StSLib"],"gold_per_floor":[109,109,124,47,67,67,95,112,112,132,132,132,165,183,183,261,261,276,292,137,147,157,157,157],"floor_reached":23,"language":"ENG","playtime":3032,"items_purged":["Strike_R"],"score":446,"play_id":"e88ebf3e-b3c2-4c14-abd7-8150f0e965c6","local_time":"20210120231848","is_ascension_mode":true,"campfire_choices":[{"data":"Spot Weakness","floor":6.0,"key":"SMITH"},{"data":"Hemokinesis","floor":11.0,"key":"SMITH"},{"floor":15.0,"key":"REST"}],"circlet_count":0,"master_deck":["AscendersBane","Strike_R","Strike_R","Strike_R","Defend_R","Defend_R","Defend_R","Defend_R","Bash+1","Feel No Pain","Spot Weakness+1","True Grit","Hemokinesis+1","Pummel","Twin Strike","Battle Trance","Fiend Fire","Pommel Strike+1","True Grit+1","Dark Embrace","Blood for Blood"],"relics":["Snecko Eye","Pocketwatch","Sundial","Matryoshka","Philosopher\u0027s Stone"],"acts_visited":["Exordium","TheCity"],"potions_floor_usage":[22,23],"damage_taken":[{"damage":0.0,"enemies":"Small Slimes","floor":1.0,"turns":3.0},{"damage":7.0,"enemies":"Jaw Worm","floor":3.0,"turns":7.0},{"damage":1.0,"enemies":"Cultist","floor":5.0,"turns":3.0},{"damage":21.0,"enemies":"3 Sentries","floor":7.0,"turns":9.0},{"damage":7.0,"enemies":"Large Slime","floor":8.0,"turns":4.0},{"damage":1.0,"enemies":"Blue Slaver","floor":10.0,"turns":3.0},{"damage":16.0,"enemies":"Lagavulin","floor":13.0,"turns":6.0},{"damage":6.0,"enemies":"Looter","floor":14.0,"turns":2.0},{"damage":4.0,"enemies":"Slime Boss","floor":16.0,"turns":6.0},{"damage":0,"enemies":"Spheric Guardian","floor":18,"turns":2},{"damage":28,"enemies":"2 Thieves","floor":19,"turns":5},{"damage":13,"enemies":"Shelled Parasite and Fungi","floor":21,"turns":5},{"damage":12,"enemies":"Chosen and Byrds","floor":22,"turns":6},{"damage":21,"enemies":"Gremlin Leader","floor":23,"turns":2}],"seed_played":"7689216744347756252","potions_obtained":[{"floor":1.0,"key":"PowerPotion"},{"floor":7.0,"key":"Fruit Juice"},{"floor":10.0,"key":"Energy Potion"},{"floor":16.0,"key":"Fruit Juice"},{"floor":22,"key":"PowerPotion"}],"is_trial":false,"path_per_floor":["M","?","M","$","M","R","E","M","T","M","R","?","E","M","R","B",null,"M","M","$","M","M","E"],"character_chosen":"IRONCLAD","items_purchased":["Spot Weakness","Dark Embrace"],"campfire_rested":1,"item_purchase_floors":[4,20],"current_hp_per_floor":[68,68,61,61,60,60,39,32,32,36,36,36,20,14,38,34,69,69,41,41,28,21,0,0],"gold":157,"neow_bonus":"BOSS_RELIC","is_daily":false,"chose_seed":false,"campfire_upgraded":2,"win_rate":0.0,"timestamp":1611177528,"path_taken":["M","?","M","$","M","R","E","M","T","M","R","?","E","M","R","BOSS","M","?","$","M","M","E"],"items_purchased_type":["Card","Card"],"build_version":"2020-12-22","purchased_purges":1,"victory":false,"max_hp_per_floor":[75,75,75,75,75,75,75,75,75,80,80,80,80,80,80,80,80,80,80,80,80,85,85,85],"relic_stats":{"counters":[14,63],"Sundial":[12],"Snecko Eye":[118,109,125,128],"obtain_stats":[{"Matryoshka":13,"Sundial":9,"Snecko Eye":0,"Philosopher\u0027s Stone":17,"Burning Blood":0,"Pocketwatch":7},{"Matryoshka":7,"Sundial":5,"Snecko Eye":0,"Philosopher\u0027s Stone":9,"Burning Blood":0,"Pocketwatch":4},{"Matryoshka":35,"Sundial":26,"Snecko Eye":0,"Philosopher\u0027s Stone":43,"Burning Blood":0,"Pocketwatch":22}],"Pocketwatch":[39]},"card_choices":[{"not_picked":["Entrench","Rampage","Headbutt"],"picked":"SKIP","floor":1.0},{"not_picked":["Warcry","Body Slam"],"picked":"Feel No Pain","floor":3.0},{"not_picked":["Thunderclap","Power Through","Seeing Red"],"picked":"SKIP","floor":5.0},{"not_picked":["Thunderclap","Power Through","Seeing Red"],"picked":"SKIP","floor":5.0},{"not_picked":["Thunderclap","Power Through","Seeing Red"],"picked":"SKIP","floor":5.0},{"not_picked":["Rampage","Double Tap"],"picked":"True Grit","floor":7.0},{"not_picked":["Body Slam","Evolve","Warcry"],"picked":"SKIP","floor":8.0},{"not_picked":["Perfected Strike","True Grit"],"picked":"Hemokinesis","floor":10.0},{"not_picked":["Rampage","Dropkick"],"picked":"Twin Strike","floor":13.0},{"not_picked":["Rage","Flex"],"picked":"Battle Trance","floor":14.0},{"not_picked":["Corruption","Barricade"],"picked":"Fiend Fire","floor":16.0},{"not_picked":["Clash+1","Clothesline"],"picked":"Pommel Strike+1","floor":18},{"not_picked":["Shrug It Off","Warcry"],"picked":"True Grit+1","floor":19},{"not_picked":["Warcry","Thunderclap"],"picked":"Blood for Blood","floor":21},{"not_picked":["Rupture","Rampage","Exhume"],"picked":"SKIP","floor":22}],"player_experience":2084651,"relics_obtained":[{"floor":7.0,"key":"Pocketwatch"},{"floor":9.0,"key":"Sundial"},{"floor":13.0,"key":"Matryoshka"}],"event_choices":[{"damage_healed":0.0,"max_hp_gain":0.0,"max_hp_loss":0.0,"gold_gain":0.0,"event_name":"Living Wall","player_choice":"Grow","floor":2.0,"gold_loss":0.0,"damage_taken":0.0,"cards_upgraded":["Bash"]},{"damage_healed":0.0,"max_hp_gain":0.0,"max_hp_loss":0.0,"gold_gain":0.0,"cards_transformed":["Strike_R"],"event_name":"Transmorgrifier","player_choice":"Transformed","floor":12.0,"gold_loss":0.0,"damage_taken":0.0,"cards_obtained":["Pummel"]}],"is_beta":false,"boss_relics":[{"not_picked":["Runic Cube","Cursed Key"],"picked":"Philosopher\u0027s Stone"}],"items_purged_floors":[20],"is_endless":false,"potions_floor_spawned":[1,7,10,13,16,22],"killed_by":"Gremlin Leader","ascension_level":15}}