{"host":"s41rn2jhghpwfrvz","time":1611120377,"event":{"mods":["BaseMod","Minty Spire (QoL Compilation)","Quick Restart","Relic Stats","SuperFastMode"],"gold_per_floor":[110,110,124,49,49,90,90,109,156,156,156],"floor_reached":10,"language":"ENG","playtime":122,"items_purged":["Strike_P"],"score":182,"play_id":"ab8969df-06b1-41fb-9061-c333786bf89c","local_time":"20210120072617","is_ascension_mode":true,"campfire_choices":[{"data":"Tantrum","floor":7,"key":"SMITH"}],"circlet_count":0,"master_deck":["AscendersBane","Strike_P+1","Strike_P","Strike_P","Defend_P","Defend_P","Defend_P","Defend_P","Eruption+1","Vigilance","Tantrum+1","EmptyBody"],"relics":["PureWater","NeowsBlessing","Golden Idol","Whetstone","Pen Nib"],"acts_visited":["Exordium"],"potions_floor_usage":[10],"damage_taken":[{"damage":0,"enemies":"Small Slimes","floor":1,"turns":1},{"damage":0,"enemies":"Cultist","floor":3,"turns":1},{"damage":0,"enemies":"Gremlin Nob","floor":6,"turns":1},{"damage":7,"enemies":"2 Louse","floor":8,"turns":3},{"damage":48,"enemies":"Lagavulin","floor":10,"turns":4}],"seed_played":"2045763084230880767","potions_obtained":[{"floor":3,"key":"SteroidPotion"},{"floor":6,"key":"PowerPotion"}],"is_trial":false,"path_per_floor":["M","?","M","$","?","E","R","M","T","E"],"character_chosen":"WATCHER","items_purchased":[],"campfire_rested":0,"item_purchase_floors":[],"current_hp_per_floor":[61,38,38,38,28,28,28,21,21,0,0],"gold":156,"neow_bonus":"THREE_ENEMY_KILL","is_daily":false,"chose_seed":false,"campfire_upgraded":1,"win_rate":0.0,"timestamp":1611120377,"path_taken":["M","?","M","$","?","E","R","?","T","E"],"items_purchased_type":[],"build_version":"2020-12-22","purchased_purges":1,"victory":false,"max_hp_per_floor":[68,68,68,68,68,68,68,68,68,68,68],"relic_stats":{"counters":[5,10],"Golden Idol":15,"Pen Nib":[0],"Whetstone":["Strike_P","Eruption"],"obtain_stats":[{"NeowsBlessing":0,"Golden Idol":2,"Pen Nib":9,"Whetstone":6,"PureWater":0},{"NeowsBlessing":0,"Golden Idol":1,"Pen Nib":4,"Whetstone":3,"PureWater":0},{"NeowsBlessing":0,"Golden Idol":1,"Pen Nib":6,"Whetstone":3,"PureWater":0}]},"card_choices":[{"not_picked":["BowlingBash","FlyingSleeves"],"picked":"Tantrum","floor":1},{"not_picked":["WaveOfTheHand","Protect","BowlingBash"],"picked":"SKIP","floor":3},{"not_picked":["Worship","CutThroughFate"],"picked":"EmptyBody","floor":6},{"not_picked":["SandsOfTime","Consecrate","FlyingSleeves"],"picked":"SKIP","floor":8}],"player_experience":1812227,"relics_obtained":[{"floor":6,"key":"Whetstone"},{"floor":9,"key":"Pen Nib"}],"event_choices":[{"damage_healed":0,"gold_gain":0,"player_choice":"Take Damage","damage_taken":23,"relics_obtained":["Golden Idol"],"max_hp_gain":0,"max_hp_loss":0,"event_name":"Golden Idol","floor":2,"gold_loss":0},{"damage_healed":0,"gold_gain":0,"player_choice":"Damaged","damage_taken":10,"max_hp_gain":0,"max_hp_loss":0,"event_name":"Wheel of Change","floor":5,"gold_loss":0}],"is_beta":false,"boss_relics":[],"items_purged_floors":[4],"is_endless":false,"potions_floor_spawned":[3,6],"killed_by":"Lagavulin","ascension_level":20}}