{"host":"y1oqg7uy0jc6f5mb","time":1611148894,"event":{"mods":["BaseMod","Better Altar","Better Match","Better Note","Better Sensory Stone","Better Skull","Better Third Choice","BetterRewards","Block Reminder","Colored Map","Colored Powertips","Custom Start","DeckTracker","Highlight Path","Minty Spire (QoL Compilation)","Permanent Neow","Quick Restart","Relic Sorter","Relic Stats","Shop Mod","StSLib"],"gold_per_floor":[112,112,18,30,41,41,73,85,139,158,9,9,41,60,60,161,161,179,179,199,199,199,199,534,534,534,534,545,545,572,10,10,112,112,122,172,0,50,123,149,149,177,202,218,551,570,5,37,37,37],"floor_reached":51,"language":"ENG","playtime":6332,"items_purged":["Regret","Writhe"],"score":1000,"play_id":"ea913990-8ce7-473d-a65e-491217e5674c","local_time":"20210120212134","is_ascension_mode":true,"campfire_choices":[{"data":"Neutralize","floor":6.0,"key":"SMITH"},{"data":"Footwork","floor":15.0,"key":"SMITH"},{"data":"Apotheosis","floor":23.0,"key":"SMITH"},{"data":"Prepared","floor":25.0,"key":"SMITH"},{"data":"Noxious Fumes","floor":27.0,"key":"SMITH"},{"data":"Deadly Poison","floor":29.0,"key":"SMITH"},{"data":"Poisoned Stab","floor":32.0,"key":"SMITH"},{"floor":41,"key":"REST"},{"data":"Infinite Blades","floor":49,"key":"SMITH"}],"circlet_count":0,"master_deck":["Defend_G","Defend_G","Defend_G","Defend_G","Defend_G+1","Survivor+1","Neutralize+1","Dodge and Roll+1","Backflip","Noxious Fumes+1","Dodge and Roll","Acrobatics","Footwork+1","Blur","Blur","Prepared+1","Poisoned Stab+1","CurseOfTheBell","Deadly Poison+1","Bite","Bite+1","Bite","Bite","Bite+1","Apotheosis+1","Acrobatics","Bouncing Flask+1","Backflip","Caltrops+1","Terror+1","Deflect+1","Cloak And Dagger+1","Outmaneuver+1","Infinite Blades+1","Leg Sweep","After Image","Die Die Die"],"relics":["Ring of the Snake","MealTicket","InkBottle","Oddly Smooth Stone","Potion Belt","Juzu Bracelet","Bag of Preparation","Gremlin Horn","The Specimen","Bag of Marbles","The Courier","Whetstone","Membership Card","Happy Flower","Anchor","Tiny Chest","Mango","Black Star","Lizard Tail","Red Mask","Dead Branch","Mummified Hand","Art of War","Dream Catcher","Ice Cream","Smiling Mask","Centennial Puzzle","MerchantsRug","Pantograph","Strawberry","Girya","StoneCalendar","Lantern"],"acts_visited":["Exordium","TheCity","TheBeyond"],"potions_floor_usage":[40,40,40,40,40,40,42,46,48,50,50,50],"damage_taken":[{"damage":2.0,"enemies":"2 Louse","floor":1.0,"turns":3.0},{"damage":1.0,"enemies":"Small Slimes","floor":4.0,"turns":4.0},{"damage":1.0,"enemies":"Jaw Worm","floor":5.0,"turns":5.0},{"damage":13.0,"enemies":"Lagavulin","floor":7.0,"turns":10.0},{"damage":0.0,"enemies":"2 Fungi Beasts","floor":8.0,"turns":6.0},{"damage":7.0,"enemies":"Exordium Wildlife","floor":10.0,"turns":9.0},{"damage":8.0,"enemies":"3 Sentries","floor":13.0,"turns":9.0},{"damage":0.0,"enemies":"Looter","floor":14.0,"turns":5.0},{"damage":22.0,"enemies":"Hexaghost","floor":16.0,"turns":12.0},{"damage":12.0,"enemies":"3 Byrds","floor":18.0,"turns":9.0},{"damage":5.0,"enemies":"Chosen","floor":20.0,"turns":7.0},{"damage":87.0,"enemies":"Book of Stabbing","floor":24.0,"turns":13.0},{"damage":7.0,"enemies":"Snecko","floor":28.0,"turns":7.0},{"damage":25.0,"enemies":"Gremlin Leader","floor":30.0,"turns":8.0},{"damage":12.0,"enemies":"Automaton","floor":33.0,"turns":11.0},{"damage":19.0,"enemies":"3 Darklings","floor":35.0,"turns":9.0},{"damage":40.0,"enemies":"2 Orb Walkers","floor":36.0,"turns":9.0},{"damage":20.0,"enemies":"Mind Bloom Boss Battle","floor":38.0,"turns":12.0},{"damage":10,"enemies":"Giant Head","floor":40,"turns":9},{"damage":12,"enemies":"Reptomancer","floor":42,"turns":8},{"damage":0,"enemies":"3 Shapes","floor":44,"turns":5},{"damage":3,"enemies":"Jaw Worm Horde","floor":46,"turns":5},{"damage":3,"enemies":"Nemesis","floor":48,"turns":7},{"damage":16,"enemies":"Time Eater","floor":50,"turns":10}],"seed_played":"-8567122147191871782","potions_obtained":[{"floor":4.0,"key":"SneckoOil"},{"floor":5.0,"key":"SkillPotion"},{"floor":7.0,"key":"PowerPotion"},{"floor":10.0,"key":"Fire Potion"},{"floor":16.0,"key":"Explosive Potion"},{"floor":20.0,"key":"SpeedPotion"},{"floor":24.0,"key":"Regen Potion"},{"floor":35.0,"key":"EntropicBrew"},{"floor":40,"key":"SpeedPotion"},{"floor":44,"key":"PowerPotion"},{"floor":48,"key":"Energy Potion"}],"is_trial":false,"path_per_floor":["M","?","$","M","M","R","E","M","T","M","$","?","E","M","R","B",null,"M","?","M","?","?","R","E","R","T","R","M","R","E","$","R","B",null,"M","?","?","?","T","E","R","E","T","M","?","M","$","E","R","B",null],"character_chosen":"THE_SILENT","items_purchased":["Backflip","Noxious Fumes","Potion Belt","Membership Card","Happy Flower","Energy Potion","Dexterity Potion","Strength Potion","Anchor","Tiny Chest","Mango","Strength Potion","BlessingOfTheForge","MerchantsRug","Energy Potion","CultistPotion","CunningPotion","Infinite Blades","Leg Sweep","After Image","Pantograph","Strawberry","Girya","Swift Potion","SpeedPotion"],"campfire_rested":1,"item_purchase_floors":[3,3,11,31,31,31,31,31,31,31,31,31,31,47,47,47,47,47,47,47,47,47,47,47,47],"current_hp_per_floor":[68,54,69,68,67,67,54,54,54,47,62,62,54,54,54,32,70,58,49,47,47,47,47,46,46,46,46,44,44,46,63,63,61,63,59,28,28,32,32,55,63,54,54,60,38,47,69,70,70,63],"gold":37,"neow_bonus":"RANDOM_COMMON_RELIC","is_daily":false,"chose_seed":false,"campfire_upgraded":8,"win_rate":0.0,"timestamp":1611148894,"path_taken":["M","?","$","M","M","R","E","M","T","M","$","?","E","M","R","BOSS","M","?","M","?","?","R","E","R","T","R","M","R","E","$","R","BOSS","M","?","?","?","?","E","R","E","T","M","?","M","$","E","R","BOSS"],"items_purchased_type":["Card","Card","Relic","Relic","Relic","Potion","Potion","Potion","Relic","Relic","Relic","Potion","Potion","Relic","Potion","Potion","Potion","Card","Card","Card","Relic","Relic","Relic","Potion","Potion"],"build_version":"2020-12-22","purchased_purges":2,"victory":true,"max_hp_per_floor":[70,70,70,70,70,70,70,70,70,70,70,70,70,70,70,70,70,70,49,49,49,49,49,49,49,49,49,49,49,49,63,63,63,63,63,63,63,63,63,63,63,63,63,63,63,63,70,70,70,70],"relic_stats":{"Gremlin Horn":[22,22],"Happy Flower":[28],"counters":[24,192],"Dead Branch":[49],"StoneCalendar":[52],"Juzu Bracelet":1,"Bag of Preparation":[30],"Whetstone":["Bite","Bite"],"Smiling Mask":-10,"Lizard Tail":0,"Dream Catcher":1,"Centennial Puzzle":[9],"Mummified Hand":[29],"Pantograph":0,"MealTicket":48,"Tiny Chest":1,"Black Star":3,"Art of War":[5],"obtain_stats":[{"Ice Cream":42,"Lantern":48,"Gremlin Horn":17,"Mango":31,"StoneCalendar":48,"Juzu Bracelet":13,"Bag of Preparation":17,"Whetstone":30,"Smiling Mask":42,"Old Coin":24,"Lizard Tail":36,"Dream Catcher":40,"Centennial Puzzle":43,"Mummified Hand":39,"Pantograph":47,"Strawberry":47,"MealTicket":0,"Tiny Chest":31,"Red Mask":37,"InkBottle":7,"Ring of the Snake":0,"Potion Belt":11,"MerchantsRug":47,"Girya":47,"The Specimen":17,"Happy Flower":31,"Dead Branch":38,"Oddly Smooth Stone":9,"The Courier":26,"War Paint":12,"Calling Bell":17,"Anchor":31,"Bag of Marbles":22,"Black Star":34,"Art of War":40,"Membership Card":31},{"Ice Cream":20,"Lantern":23,"Gremlin Horn":9,"Mango":14,"StoneCalendar":23,"Juzu Bracelet":7,"Bag of Preparation":9,"Whetstone":14,"Smiling Mask":20,"Old Coin":12,"Lizard Tail":17,"Dream Catcher":19,"Centennial Puzzle":20,"Mummified Hand":18,"Pantograph":22,"Strawberry":22,"MealTicket":0,"Tiny Chest":14,"Red Mask":17,"InkBottle":4,"Ring of the Snake":0,"Potion Belt":6,"MerchantsRug":22,"Girya":22,"The Specimen":9,"Happy Flower":14,"Dead Branch":18,"Oddly Smooth Stone":5,"The Courier":12,"War Paint":6,"Calling Bell":9,"Anchor":14,"Bag of Marbles":11,"Black Star":15,"Art of War":19,"Membership Card":14},{"Ice Cream":165,"Lantern":182,"Gremlin Horn":63,"Mango":107,"StoneCalendar":182,"Juzu Bracelet":46,"Bag of Preparation":63,"Whetstone":107,"Smiling Mask":165,"Old Coin":92,"Lizard Tail":136,"Dream Catcher":157,"Centennial Puzzle":165,"Mummified Hand":148,"Pantograph":175,"Strawberry":175,"MealTicket":0,"Tiny Chest":107,"Red Mask":136,"InkBottle":22,"Ring of the Snake":0,"Potion Belt":37,"MerchantsRug":175,"Girya":175,"The Specimen":63,"Happy Flower":107,"Dead Branch":148,"Oddly Smooth Stone":28,"The Courier":92,"War Paint":37,"Calling Bell":63,"Anchor":107,"Bag of Marbles":79,"Black Star":118,"Art of War":157,"Membership Card":107}],"InkBottle":[66],"Ring of the Snake":[48]},"card_choices":[{"not_picked":["Blade Dance","Quick Slash"],"picked":"Dodge and Roll","floor":1.0},{"not_picked":["Accuracy","Predator"],"picked":"Dodge and Roll","floor":4.0},{"not_picked":["Deadly Poison","Corpse Explosion"],"picked":"Acrobatics","floor":5.0},{"not_picked":["Flechettes","Well Laid Plans"],"picked":"Footwork","floor":7.0},{"not_picked":["Deadly Poison","Bouncing Flask"],"picked":"Blur","floor":8.0},{"not_picked":["Tactician","Deflect"],"picked":"Blur","floor":10.0},{"not_picked":["Dash","Cloak And Dagger"],"picked":"Prepared","floor":13.0},{"not_picked":["Outmaneuver","Accuracy"],"picked":"Poisoned Stab","floor":14.0},{"not_picked":["Dagger Throw","Flechettes"],"picked":"Deadly Poison","floor":18.0},{"not_picked":["Slice+1","Cloak And Dagger","Underhanded Strike+1"],"picked":"SKIP","floor":20.0},{"not_picked":["HandOfGreed","Deep Breath"],"picked":"Apotheosis","floor":21.0},{"not_picked":["Dagger Throw","Cloak And Dagger","Deadly Poison"],"picked":"SKIP","floor":24.0},{"not_picked":["Deadly Poison","Dagger Spray"],"picked":"Acrobatics","floor":28.0},{"not_picked":["Bane+1","Blade Dance"],"picked":"Bouncing Flask+1","floor":30.0},{"not_picked":["Quick Slash+1","Infinite Blades+1"],"picked":"Backflip","floor":35.0},{"not_picked":["Underhanded Strike","Blur+1"],"picked":"Caltrops+1","floor":38.0},{"not_picked":["Backflip","Flying Knee","Cloak And Dagger+1"],"picked":"SKIP","floor":40},{"not_picked":["Sucker Punch+1","Dagger Throw+1"],"picked":"Terror+1","floor":41},{"not_picked":["Dagger Spray+1","Riddle With Holes+1"],"picked":"Deflect+1","floor":42},{"not_picked":["Poisoned Stab","Underhanded Strike+1"],"picked":"Cloak And Dagger+1","floor":44},{"not_picked":["Dagger Throw","Acrobatics+1"],"picked":"Outmaneuver+1","floor":46},{"not_picked":["Riddle With Holes","Noxious Fumes"],"picked":"Die Die Die","floor":48}],"player_experience":96757,"relics_obtained":[{"floor":7.0,"key":"InkBottle"},{"floor":9.0,"key":"Oddly Smooth Stone"},{"floor":13.0,"key":"Juzu Bracelet"},{"floor":17.0,"key":"Bag of Preparation"},{"floor":17.0,"key":"Gremlin Horn"},{"floor":17.0,"key":"The Specimen"},{"floor":24.0,"key":"Old Coin"},{"floor":26.0,"key":"The Courier"},{"floor":30.0,"key":"Whetstone"},{"floor":36.0,"key":"Lizard Tail"},{"floor":38.0,"key":"Dead Branch"},{"floor":39.0,"key":"Mummified Hand"},{"floor":40,"key":"Art of War"},{"floor":40,"key":"Dream Catcher"},{"floor":42,"key":"Ice Cream"},{"floor":42,"key":"Smiling Mask"},{"floor":43,"key":"Centennial Puzzle"},{"floor":48,"key":"StoneCalendar"},{"floor":48,"key":"Lantern"}],"event_choices":[{"damage_healed":68.0,"max_hp_gain":0.0,"max_hp_loss":70.0,"gold_gain":0.0,"event_name":"betterThird:BetterShining","player_choice":"Upgrade","floor":2.0,"gold_loss":0.0,"damage_taken":14.0,"cards_upgraded":["Strike_G","Dodge and Roll"]},{"damage_healed":0.0,"max_hp_gain":0.0,"max_hp_loss":0.0,"gold_gain":0.0,"event_name":"Big Fish","player_choice":"Box","floor":12.0,"gold_loss":0.0,"damage_taken":0.0,"relics_obtained":["War Paint"],"cards_obtained":["Regret"]},{"damage_healed":0.0,"max_hp_gain":0.0,"max_hp_loss":21.0,"gold_gain":0.0,"event_name":"Vampires","player_choice":"Became a vampire","floor":19.0,"gold_loss":0.0,"damage_taken":0.0,"cards_obtained":["Bite","Bite","Bite","Bite","Bite"]},{"damage_healed":0.0,"max_hp_gain":0.0,"max_hp_loss":0.0,"gold_gain":2.0,"event_name":"betterStone:BetterStone","player_choice":"1","floor":21.0,"gold_loss":0.0,"damage_taken":0.0},{"damage_healed":0.0,"max_hp_gain":0.0,"max_hp_loss":0.0,"gold_gain":0.0,"event_name":"The Mausoleum","player_choice":"Opened","floor":22.0,"gold_loss":0.0,"damage_taken":0.0,"relics_obtained":["Bag of Marbles"],"cards_obtained":["Writhe"]},{"damage_healed":0.0,"max_hp_gain":0.0,"max_hp_loss":0.0,"gold_gain":0.0,"event_name":"Mysterious Sphere","player_choice":"Fight","floor":36.0,"gold_loss":0.0,"damage_taken":0.0},{"damage_healed":0.0,"max_hp_gain":0.0,"max_hp_loss":0.0,"gold_gain":0.0,"event_name":"Tomb of Lord Red Mask","player_choice":"Paid","floor":37.0,"gold_loss":172.0,"damage_taken":0.0,"relics_obtained":["Red Mask"]},{"damage_healed":0.0,"max_hp_gain":0.0,"max_hp_loss":0.0,"gold_gain":0.0,"event_name":"MindBloom","player_choice":"Fight","floor":38.0,"gold_loss":0.0,"damage_taken":0.0},{"damage_healed":0,"gold_gain":333,"player_choice":"GO GO GO ","damage_taken":25,"relics_obtained":[],"max_hp_gain":0,"max_hp_loss":0,"event_name":"betterSkull:BetterSkull","floor":45,"gold_loss":0,"cards_upgraded":[]}],"is_beta":false,"boss_relics":[{"not_picked":["WristBlade","Snecko Eye"],"picked":"Calling Bell"},{"not_picked":["Runic Dome","Pandora\u0027s Box"],"picked":"Black Star"}],"items_purged_floors":[31,47],"is_endless":false,"potions_floor_spawned":[4,5,7,10,16,20,24,35,40,44,48],"ascension_level":4}}