{"host":"13o02hya6v6rzuva","time":1611155579,"event":{"mods":["BaseMod","Minty Spire (QoL Compilation)","Relic Stats"],"gold_per_floor":[118,118,138,138,156,183,183,217,217,217,392,392,392,403,403,403,403],"floor_reached":16,"language":"ENG","playtime":793,"items_purged":[],"score":162,"play_id":"7ea3240e-822a-4be9-92ce-2e3f43c989b0","local_time":"20210120161259","is_ascension_mode":true,"campfire_choices":[{"floor":7,"key":"REST"},{"floor":10,"key":"REST"},{"data":"Venomology","floor":15,"key":"SMITH"}],"circlet_count":0,"master_deck":["AscendersBane","Strike_G","Strike_G","Strike_G","Strike_G","Strike_G","Defend_G","Defend_G","Defend_G","Defend_G","Defend_G","Survivor","Neutralize","Venomology+1","Flying Knee","Blade Dance","Dodge and Roll","Corpse Explosion","Doubt"],"relics":["Ring of the Snake","Eternal Feather","Letter Opener","Ice Cream","Blue Candle","Singing Bowl","Turnip"],"acts_visited":["Exordium"],"potions_floor_usage":[8,8,8,8,16,16],"damage_taken":[{"damage":1,"enemies":"Cultist","floor":1,"turns":5},{"damage":3,"enemies":"Jaw Worm","floor":3,"turns":6},{"damage":1,"enemies":"2 Louse","floor":5,"turns":3},{"damage":49,"enemies":"3 Sentries","floor":6,"turns":15},{"damage":17,"enemies":"Lagavulin","floor":8,"turns":6},{"damage":1,"enemies":"Lots of Slimes","floor":14,"turns":2},{"damage":59,"enemies":"Hexaghost","floor":16,"turns":14}],"seed_played":"3913773098004264450","potions_obtained":[{"floor":6,"key":"GhostInAJar"},{"floor":14,"key":"PowerPotion"}],"is_trial":false,"path_per_floor":["M","?","M","?","M","E","R","E","T","R","?","T","?","M","R","B"],"character_chosen":"THE_SILENT","items_purchased":[],"campfire_rested":2,"item_purchase_floors":[],"current_hp_per_floor":[62,62,59,56,55,6,36,19,19,49,49,49,49,50,59,0,0],"gold":403,"neow_bonus":"ONE_RANDOM_RARE_CARD","is_daily":false,"chose_seed":false,"campfire_upgraded":1,"win_rate":0.0,"timestamp":1611155579,"path_taken":["M","?","M","?","M","E","R","E","T","R","?","?","?","M","R","BOSS"],"items_purchased_type":[],"build_version":"2020-12-22","purchased_purges":0,"victory":false,"max_hp_per_floor":[70,70,70,70,70,70,70,70,70,70,70,70,70,72,72,72,72],"relic_stats":{"Singing Bowl":2,"counters":[7,51],"Blue Candle":[1],"Eternal Feather":27,"Turnip":[0],"Letter Opener":[60],"obtain_stats":[{"Ice Cream":6,"Singing Bowl":9,"Blue Candle":8,"Eternal Feather":2,"Turnip":12,"Letter Opener":4,"Ring of the Snake":0},{"Ice Cream":4,"Singing Bowl":5,"Blue Candle":5,"Eternal Feather":1,"Turnip":5,"Letter Opener":2,"Ring of the Snake":0},{"Ice Cream":29,"Singing Bowl":35,"Blue Candle":35,"Eternal Feather":5,"Turnip":35,"Letter Opener":11,"Ring of the Snake":0}],"Ring of the Snake":[14]},"card_choices":[{"not_picked":["Quick Slash","Catalyst"],"picked":"Flying Knee","floor":1},{"not_picked":["Acrobatics","Prepared"],"picked":"Blade Dance","floor":3},{"not_picked":["Catalyst","Deadly Poison"],"picked":"Dodge and Roll","floor":5},{"not_picked":["Flying Knee","Quick Slash","Bane"],"picked":"SKIP","floor":6},{"not_picked":["Outmaneuver","Tactician"],"picked":"Corpse Explosion","floor":8},{"not_picked":["Well Laid Plans","Acrobatics","Prepared"],"picked":"Singing Bowl","floor":14}],"player_experience":1139822,"relics_obtained":[{"floor":6,"key":"Ice Cream"},{"floor":8,"key":"Blue Candle"},{"floor":9,"key":"Singing Bowl"},{"floor":12,"key":"Turnip"}],"event_choices":[{"damage_healed":0,"gold_gain":0,"player_choice":"Box","damage_taken":0,"relics_obtained":["Eternal Feather"],"max_hp_gain":0,"max_hp_loss":0,"event_name":"Big Fish","floor":2,"gold_loss":0,"cards_obtained":["Regret"]},{"damage_healed":0,"gold_gain":0,"player_choice":"Success","damage_taken":3,"relics_obtained":["Letter Opener"],"max_hp_gain":0,"max_hp_loss":0,"event_name":"Scrap Ooze","floor":4,"gold_loss":0},{"damage_healed":0,"gold_gain":175,"player_choice":"AGREE","damage_taken":0,"max_hp_gain":0,"max_hp_loss":0,"event_name":"Liars Game","floor":11,"gold_loss":0,"cards_obtained":["Doubt"]},{"cards_removed":["Regret"],"damage_healed":0,"gold_gain":0,"player_choice":"Card Removal","damage_taken":0,"max_hp_gain":0,"max_hp_loss":0,"event_name":"Wheel of Change","floor":13,"gold_loss":0}],"is_beta":false,"boss_relics":[],"items_purged_floors":[],"is_endless":false,"potions_floor_spawned":[6,14],"killed_by":"Hexaghost","ascension_level":10}}