{"host":"mhzgc0zma59jtmoj","time":1611112415,"event":{"mods":["BaseMod","BetterRewards","Custom Start","Glutton Mod","Hermit","Ironclad Rager","Koishi","Luminous","Minty Spire (QoL Compilation)","Shade Mod","Somnambulant","StSLib","The Cursed","The Hierophant","The Jungle","The Necromancer","Treasure Hunter"],"gold_per_floor":[134,134,151,151,168,195,195,208,208,208,225,239,253,268,268,365,365,379,304,319,319,133,133,133,133,156,256,276,305,32,24,24,106,106,120,135,32,17,17],"floor_reached":38,"language":"ENG","playtime":2683,"items_purged":["somnambulantmod: RuthlessStudy"],"score":398,"play_id":"3c3de2c3-4119-40d6-9335-29c45287f450","local_time":"20210119221335","daily_mods":["SealedDeck"],"is_ascension_mode":false,"campfire_choices":[{"data":"somnambulantmod: Reinterpret","floor":7,"key":"SMITH"},{"floor":15,"key":"REST"},{"floor":23,"key":"REST"},{"floor":25,"key":"REST"},{"floor":32,"key":"REST"}],"circlet_count":0,"master_deck":["somnambulantmod: Relive","somnambulantmod: Pinch","somnambulantmod: Pinch+1","somnambulantmod: MindWave","somnambulantmod: MindWave","somnambulantmod: Harden","somnambulantmod: Stumble+1","somnambulantmod: Stumble","somnambulantmod: Repression","somnambulantmod: Stumble+1","somnambulantmod: GalaxyBrain","TH:TreasureMap","somnambulantmod: Reinterpret+1","somnambulantmod: Blink","TH:Mimic+1","somnambulantmod: Harden","TH:BikiniMail","CurseOfTheBell","TH:EnergyPotion","TH:Mimic","somnambulantmod: Refracture","somnambulantmod: HorrificThought","somnambulantmod: HorrificThought"],"relics":["somnambulantmod: DreamJournal","Oddly Smooth Stone","Blue Candle","Calling Bell","Vajra","Question Card","Peace Pipe","MutagenicStrength","Membership Card","Shuriken","Bronze Scales","Pocketwatch","Regal Pillow","TH:HealthInsurance","somnambulantmod: RunicStrip","somnambulantmod: BrokenTimepiece","Bag of Preparation"],"acts_visited":["Exordium","TheCity","TheBeyond"],"potions_floor_usage":[13,16,31,33,35,36],"damage_taken":[{"damage":0,"enemies":"Cultist","floor":1,"turns":3},{"damage":5,"enemies":"2 Louse","floor":3,"turns":3},{"damage":0,"enemies":"Jaw Worm","floor":5,"turns":2},{"damage":18,"enemies":"Gremlin Nob","floor":6,"turns":6},{"damage":5,"enemies":"Blue Slaver","floor":8,"turns":5},{"damage":18,"enemies":"2 Fungi Beasts","floor":11,"turns":3},{"damage":12,"enemies":"Red Slaver","floor":12,"turns":3},{"damage":0,"enemies":"Gremlin Gang","floor":13,"turns":3},{"damage":5,"enemies":"Blue Slaver","floor":14,"turns":4},{"damage":22,"enemies":"The Guardian","floor":16,"turns":5},{"damage":3,"enemies":"3 Byrds","floor":18,"turns":6},{"damage":28,"enemies":"Spheric Guardian","floor":20,"turns":4},{"damage":19,"enemies":"Chosen and Byrds","floor":28,"turns":4},{"damage":51,"enemies":"Book of Stabbing","floor":29,"turns":5},{"damage":0,"enemies":"Snake Plant","floor":31,"turns":2},{"damage":29,"enemies":"Collector","floor":33,"turns":7},{"damage":35,"enemies":"3 Shapes","floor":35,"turns":3},{"damage":44,"enemies":"3 Darklings","floor":36,"turns":3},{"damage":41,"enemies":"Transient","floor":38,"turns":3}],"seed_played":"5059941444804629793","potions_obtained":[{"floor":3,"key":"Dexterity Potion"},{"floor":6,"key":"Block Potion"},{"floor":11,"key":"LiquidMemories"},{"floor":16,"key":"SmokeBomb"},{"floor":20,"key":"SkillPotion"},{"floor":28,"key":"BlessingOfTheForge"},{"floor":35,"key":"Fruit Juice"}],"is_trial":true,"path_per_floor":["M","$","M","$","M","E","R","M","T","?","M","M","M","M","R","B",null,"M","?","M","?","$","R","T","R","T","?","M","E","$","M","R","B",null,"M","M","$","M"],"character_chosen":"THE_SOMNAMBULANT","items_purchased":["Membership Card","Regal Pillow","TH:HealthInsurance","somnambulantmod: RunicStrip","Bag of Preparation","somnambulantmod: HorrificThought"],"campfire_rested":4,"item_purchase_floors":[22,30,30,30,37,37],"current_hp_per_floor":[70,70,65,65,65,47,47,42,42,42,24,12,12,7,30,8,72,69,69,41,41,41,64,64,76,76,76,57,6,6,14,53,40,78,48,9,9,0,0],"gold":17,"neow_bonus":"","is_daily":false,"chose_seed":false,"campfire_upgraded":1,"win_rate":0.0,"timestamp":1611112415,"path_taken":["M","?","M","$","M","E","R","M","T","?","M","M","?","M","R","BOSS","M","?","M","?","$","R","?","R","T","?","?","E","$","M","R","BOSS","M","M","$","M"],"items_purchased_type":["Relic","Relic","Relic","Relic","Relic","Card"],"build_version":"2020-12-22","purchased_purges":1,"victory":false,"max_hp_per_floor":[70,70,70,70,70,70,70,70,70,70,70,70,70,70,72,72,72,72,72,72,72,72,74,74,76,76,76,76,76,76,76,78,78,78,83,83,83,83,83],"card_choices":[{"not_picked":["somnambulantmod: LeechFears","somnambulantmod: Unmake"],"picked":"somnambulantmod: Stumble","floor":1},{"not_picked":["somnambulantmod: Bruise","somnambulantmod: Repression","somnambulantmod: RacingThoughts"],"picked":"SKIP","floor":3},{"not_picked":["somnambulantmod: AllForNothing","somnambulantmod: NightmareFuel"],"picked":"somnambulantmod: GalaxyBrain","floor":5},{"not_picked":["TH:ElvenBoots"],"picked":"TH:TreasureMap","floor":6},{"not_picked":["somnambulantmod: Remember","somnambulantmod: UnthoughtKnown"],"picked":"somnambulantmod: Reinterpret","floor":6},{"not_picked":["somnambulantmod: Reject","somnambulantmod: Wake"],"picked":"somnambulantmod: Blink","floor":8},{"not_picked":["TH:PixieDust"],"picked":"TH:Mimic","floor":9},{"not_picked":["somnambulantmod: Sleepyhead","somnambulantmod: InLimbo","somnambulantmod: Relive"],"picked":"SKIP","floor":11},{"not_picked":["somnambulantmod: InLimbo","somnambulantmod: ShowerThought","somnambulantmod: AllForNothing"],"picked":"SKIP","floor":12},{"not_picked":["somnambulantmod: Extract","somnambulantmod: Unmake","somnambulantmod: HappyThoughts"],"picked":"SKIP","floor":13},{"not_picked":["somnambulantmod: Cower","somnambulantmod: Stumble"],"picked":"somnambulantmod: Harden","floor":14},{"not_picked":["TH:PixieDust"],"picked":"TH:BikiniMail","floor":16},{"not_picked":["somnambulantmod: SleepParalysis","somnambulantmod: Reinterpret"],"picked":"somnambulantmod: RuthlessStudy","floor":16},{"not_picked":["somnambulantmod: LayeredDefense","somnambulantmod: DarkeningMind+1","somnambulantmod: Stumble","somnambulantmod: Bruise"],"picked":"SKIP","floor":18},{"not_picked":["somnambulantmod: Cower","somnambulantmod: HeavyLids","somnambulantmod: Relive+1","somnambulantmod: ViralIdea"],"picked":"SKIP","floor":20},{"not_picked":["TH:TreasureMap","TH:DeckOfManyThings"],"picked":"TH:EnergyPotion","floor":24},{"not_picked":["TH:ArmorSpikes","TH:DeckOfManyThings","TH:CopperCoins"],"picked":"SKIP","floor":26},{"not_picked":["somnambulantmod: NewDawn","somnambulantmod: TrepanningBlow","somnambulantmod: Repression+1","somnambulantmod: InLimbo"],"picked":"SKIP","floor":28},{"not_picked":["TH:Mimic","TH:CursedSword","TH:EnergyPotion"],"picked":"SKIP","floor":29},{"not_picked":["somnambulantmod: RacingThoughts","somnambulantmod: InLimbo","somnambulantmod: Sleepyhead","somnambulantmod: Bruise+1"],"picked":"SKIP","floor":29},{"not_picked":["TH:ElvenBoots","TH:BikiniMail"],"picked":"TH:Mimic","floor":33},{"not_picked":["somnambulantmod: Withdraw","somnambulantmod: LostMind","somnambulantmod: Mindlessness"],"picked":"somnambulantmod: Refracture","floor":33},{"not_picked":["somnambulantmod: DreamBig","somnambulantmod: SleepingBody","somnambulantmod: Wake+1"],"picked":"somnambulantmod: HorrificThought","floor":35},{"not_picked":["somnambulantmod: AllForNothing+1","somnambulantmod: HeadSmack","somnambulantmod: SnuggleUp+1","somnambulantmod: Blink"],"picked":"SKIP","floor":36}],"player_experience":198539,"relics_obtained":[{"floor":6,"key":"Oddly Smooth Stone"},{"floor":9,"key":"Blue Candle"},{"floor":17,"key":"Vajra"},{"floor":17,"key":"Question Card"},{"floor":17,"key":"Peace Pipe"},{"floor":24,"key":"Shuriken"},{"floor":26,"key":"Bronze Scales"},{"floor":29,"key":"Pocketwatch"}],"event_choices":[{"damage_healed":0,"gold_gain":0,"player_choice":"Ignored","damage_taken":0,"max_hp_gain":0,"max_hp_loss":0,"event_name":"NoteForYourself","floor":10,"gold_loss":0},{"cards_removed":["somnambulantmod: DreamBig"],"damage_healed":0,"gold_gain":0,"player_choice":"Gave Gold","damage_taken":0,"max_hp_gain":0,"max_hp_loss":0,"event_name":"Beggar","floor":19,"gold_loss":75},{"damage_healed":0,"gold_gain":0,"player_choice":"Inject Mutagens","damage_taken":0,"relics_obtained":["MutagenicStrength"],"max_hp_gain":0,"max_hp_loss":0,"event_name":"Drug Dealer","floor":21,"gold_loss":0},{"damage_healed":0,"gold_gain":100,"player_choice":"Pray","damage_taken":0,"max_hp_gain":0,"max_hp_loss":0,"event_name":"Golden Shrine","floor":27,"gold_loss":0}],"is_beta":false,"boss_relics":[{"not_picked":["Busted Crown","Velvet Choker"],"picked":"Calling Bell"},{"not_picked":["Cursed Key","Empty Cage"],"picked":"somnambulantmod: BrokenTimepiece"}],"items_purged_floors":[22],"is_endless":false,"potions_floor_spawned":[3,6,11,16,20,28,29,35],"killed_by":"Transient","ascension_level":0}}