{"host":"mhzgc0zma59jtmoj","time":1611108522,"event":{"mods":["BaseMod","BetterRewards","Custom Start","Glutton Mod","Hermit","Ironclad Rager","Koishi","Luminous","Minty Spire (QoL Compilation)","Shade Mod","Somnambulant","StSLib","The Cursed","The Hierophant","The Jungle","The Necromancer","Treasure Hunter"],"gold_per_floor":[202,120,195,215,215,215,230,230,255,268,285,314,340,356,356,452,452,467,148,162,173,173,201,201,236,236,250,268,268,302,315,315,410,410,424,439,218,440,205,205,239,259,259,279,279,279],"floor_reached":45,"language":"ENG","playtime":3392,"items_purged":["Bone_Armor","Bone_Armor"],"score":537,"play_id":"1392bce4-ae03-48f7-9c88-bdeff283f827","local_time":"20210119210842","daily_mods":["SealedDeck"],"is_ascension_mode":false,"campfire_choices":[{"data":"Life_Tap","floor":6.0,"key":"SMITH"},{"floor":8.0,"key":"REST"},{"data":"Toxic_Smoke_Screen","floor":15.0,"key":"SMITH"},{"data":"Summon_Vampire_Lady","floor":24,"key":"SMITH"},{"data":"Summon_Undead_Army","floor":32,"key":"SMITH"},{"data":"Summon_Undead_Army","floor":40,"key":"SMITH"}],"circlet_count":0,"master_deck":["Negative_Energy_Shield","Toxic_Smoke_Screen+1","Stop_Heart","Stop_Heart+1","Life_Tap+1","Summon_Undead+1","Summon_Undead_Army+1","Summon_Undead_Army","Stop_Heart","Summon_Lich","TH:ElvenBoots","Stop_Heart","TH:TreasureMap","Summon_Vampire_Lady+1","Toxic_Smoke_Screen","TH:DeckOfManyThings","TH:EnergyPotion","TH:DeckOfManyThings","Cloudkill","Summon_Undead_Army+1","Summon_Lich","TH:EnergyPotion","Toxic_Smoke_Screen","TH:EnergyPotion"],"relics":["Vampire_Amulet","Omamori","Lantern","Regal Pillow","Odd Mushroom","Coffee Dripper","Membership Card","Mummified Hand","MutagenicStrength","Art of War","Strawberry","StoneCalendar","Red Mask","Sozu","Ice Cream","Anchor","Matryoshka","War Paint","Molten Egg 2"],"acts_visited":["Exordium","TheCity","TheBeyond"],"potions_floor_usage":[25,42],"damage_taken":[{"damage":2.0,"enemies":"Cultist","floor":1.0,"turns":4.0},{"damage":7.0,"enemies":"2 Louse","floor":4.0,"turns":4.0},{"damage":10.0,"enemies":"Small Slimes","floor":7.0,"turns":3.0},{"damage":12.0,"enemies":"Exordium Thugs","floor":10.0,"turns":4.0},{"damage":9.0,"enemies":"2 Fungi Beasts","floor":11.0,"turns":4.0},{"damage":19.0,"enemies":"3 Sentries","floor":12.0,"turns":8.0},{"damage":13.0,"enemies":"The Mushroom Lair","floor":13.0,"turns":6.0},{"damage":6.0,"enemies":"Looter","floor":14.0,"turns":3.0},{"damage":23.0,"enemies":"The Guardian","floor":16.0,"turns":8.0},{"damage":3.0,"enemies":"Chosen","floor":18.0,"turns":4.0},{"damage":12,"enemies":"Shell Parasite","floor":20,"turns":3},{"damage":26,"enemies":"Cultist and Chosen","floor":21,"turns":5},{"damage":17,"enemies":"Book of Stabbing","floor":23,"turns":6},{"damage":49,"enemies":"Gremlin Leader","floor":25,"turns":6},{"damage":8,"enemies":"Chosen and Byrds","floor":27,"turns":4},{"damage":7,"enemies":"Shelled Parasite and Fungi","floor":28,"turns":5},{"damage":31,"enemies":"Masked Bandits","floor":30,"turns":4},{"damage":6,"enemies":"Snecko","floor":31,"turns":4},{"damage":18,"enemies":"Champ","floor":33,"turns":9},{"damage":41,"enemies":"3 Darklings","floor":35,"turns":4},{"damage":2,"enemies":"3 Shapes","floor":36,"turns":4},{"damage":25,"enemies":"Nemesis","floor":41,"turns":5},{"damage":10,"enemies":"Transient","floor":42,"turns":5},{"damage":22,"enemies":"Jaw Worm Horde","floor":44,"turns":4},{"damage":60,"enemies":"Giant Head","floor":45,"turns":7}],"seed_played":"-8188468677476869896","potions_obtained":[{"floor":1.0,"key":"SteroidPotion"},{"floor":12.0,"key":"EssenceOfSteel"},{"floor":16.0,"key":"Dexterity Potion"},{"floor":21,"key":"Swift Potion"},{"floor":25,"key":"Explosive Potion"},{"floor":27,"key":"LiquidMemories"}],"is_trial":true,"path_per_floor":["M","$","?","M","?","R","M","R","T","M","M","E","?","M","R","B",null,"M","$","M","M","?","E","R","E","T","M","M","?","?","M","R","B",null,"M","M","$","?","$","R","E","M","T","M","E"],"character_chosen":"NECROMANCER","items_purchased":["Summon_Lich","Membership Card","Mummified Hand","Ice Cream","Summon_Undead_Army","Summon_Lich","Anchor","Matryoshka"],"campfire_rested":1,"item_purchase_floors":[2,19,19,37,37,39,39,39],"current_hp_per_floor":[75,75,64,61,61,61,55,75,75,67,62,49,45,41,41,20,75,75,75,75,68,68,62,62,38,38,55,67,67,48,56,56,61,82,46,50,50,50,50,50,36,37,37,36,0,0],"gold":279,"neow_bonus":"","is_daily":false,"chose_seed":false,"campfire_upgraded":5,"win_rate":0.0,"timestamp":1611108522,"path_taken":["M","?","?","M","?","R","M","R","T","M","?","E","?","M","R","BOSS","M","$","M","M","?","E","R","E","T","M","M","?","?","?","R","BOSS","M","M","$","?","$","R","E","M","T","M","E"],"items_purchased_type":["Card","Relic","Relic","Relic","Card","Card","Relic","Relic"],"build_version":"2020-12-22","purchased_purges":2,"victory":false,"max_hp_per_floor":[75,75,75,75,75,75,75,75,75,75,75,75,75,75,75,75,75,75,75,75,75,75,75,75,82,82,82,82,82,82,82,82,82,82,82,82,82,82,82,82,82,82,82,82,82,82],"card_choices":[{"not_picked":["Chill_Blood","Thousand_Bone_Knives","Exploit"],"picked":"SKIP","floor":1.0},{"not_picked":["Blood_Is_Power","Finger_Of_Death","Death_Coil"],"picked":"SKIP","floor":4.0},{"not_picked":["Exploit","Bone_Spikes","Negative_Energy_Mist"],"picked":"SKIP","floor":7.0},{"not_picked":["TH:CursedSword","TH:DeckOfManyThings"],"picked":"SKIP","floor":9.0},{"not_picked":["Finger_Of_Death","Death_March_Dance","Bone_Spikes"],"picked":"SKIP","floor":10.0},{"not_picked":["Blood_Wake","Scare"],"picked":"Bone_Armor","floor":11.0},{"not_picked":["TH:CursedSword"],"picked":"TH:ElvenBoots","floor":12.0},{"not_picked":["Shackles_Of_Pain","Thousand_Bone_Knives"],"picked":"Stop_Heart","floor":12.0},{"not_picked":["Pandemic","Life_Drain"],"picked":"Bone_Armor","floor":13.0},{"not_picked":["Bone_Bullets","Scare","Slay_Living"],"picked":"SKIP","floor":14.0},{"not_picked":["TH:BikiniMail"],"picked":"TH:TreasureMap","floor":16.0},{"not_picked":["Requiem","Reap_The_Weak"],"picked":"Summon_Vampire_Lady","floor":16.0},{"not_picked":["Bones_to_Steel","Exploit","Bone_Armor"],"picked":"SKIP","floor":18.0},{"not_picked":["Stop_Heart","Bone_Bullets","Blood_Is_Power"],"picked":"SKIP","floor":20},{"not_picked":["Bone_Shift","Blood_Curse"],"picked":"Toxic_Smoke_Screen","floor":21},{"not_picked":["TH:CursedSword","TH:BikiniMail"],"picked":"SKIP","floor":23},{"not_picked":["Spectral_Armor+1","Spectral_Walk+1","Bones_to_Steel"],"picked":"SKIP","floor":23},{"not_picked":["TH:CursedSword"],"picked":"TH:DeckOfManyThings","floor":25},{"not_picked":["Necromantic_Selection+1","Negative_Energy_Sphere","Violent_Necrosis+1"],"picked":"SKIP","floor":25},{"not_picked":["TH:CopperCoins"],"picked":"TH:EnergyPotion","floor":26},{"not_picked":["Death_Coil+1","Shackles_Of_Pain+1","Negative_Energy_Javelin+1"],"picked":"SKIP","floor":27},{"not_picked":["Negative_Energy_Shield","Uncharnel","Blood_Shield"],"picked":"SKIP","floor":28},{"not_picked":["Negative_Energy_Javelin","Consume_Illness","Bone_Prison+1"],"picked":"SKIP","floor":31},{"not_picked":["TH:ArmorSpikes"],"picked":"TH:DeckOfManyThings","floor":33},{"not_picked":["Reap_The_Weak","Grasp_Heart"],"picked":"Cloudkill","floor":33},{"not_picked":["Consume_Illness+1","Thousand_Bone_Knives+1","Violent_Necrosis+1"],"picked":"SKIP","floor":35},{"not_picked":["Exploit+1","Scare","Negative_Energy_Shield+1"],"picked":"SKIP","floor":36},{"not_picked":["TH:CopperCoins"],"picked":"TH:EnergyPotion","floor":41},{"not_picked":["Consume_Illness+1","Bones_to_Steel"],"picked":"Toxic_Smoke_Screen","floor":41},{"not_picked":["Chill_Blood","Negative_Energy_Mist+1","Stop_Heart+1"],"picked":"SKIP","floor":42},{"not_picked":["TH:BikiniMail"],"picked":"TH:EnergyPotion","floor":43},{"not_picked":["Hellfire+1","Plague_Bolt+1","Death_March_Dance+1"],"picked":"SKIP","floor":44}],"player_experience":194079,"relics_obtained":[{"floor":5.0,"key":"Omamori"},{"floor":9.0,"key":"Lantern"},{"floor":12.0,"key":"Regal Pillow"},{"floor":13.0,"key":"Odd Mushroom"},{"floor":23,"key":"Art of War"},{"floor":25,"key":"Strawberry"},{"floor":26,"key":"StoneCalendar"},{"floor":30,"key":"Red Mask"},{"floor":43,"key":"War Paint"},{"floor":43,"key":"Molten Egg 2"}],"event_choices":[{"damage_healed":0.0,"max_hp_gain":0.0,"max_hp_loss":0.0,"gold_gain":75.0,"event_name":"World of Goop","player_choice":"Gather Gold","floor":3.0,"gold_loss":0.0,"damage_taken":11.0},{"damage_healed":0.0,"max_hp_gain":0.0,"max_hp_loss":0.0,"gold_gain":0.0,"event_name":"Wheel of Change","player_choice":"Relic","floor":5.0,"gold_loss":0.0,"damage_taken":0.0},{"damage_healed":0.0,"max_hp_gain":0.0,"max_hp_loss":0.0,"gold_gain":0.0,"event_name":"Mushrooms","player_choice":"Fought Mushrooms","floor":13.0,"gold_loss":0.0,"damage_taken":0.0},{"damage_healed":0,"gold_gain":0,"player_choice":"Inject Mutagens","damage_taken":0,"relics_obtained":["MutagenicStrength"],"max_hp_gain":0,"max_hp_loss":0,"event_name":"Drug Dealer","floor":22,"gold_loss":0},{"cards_removed":["Bone_Armor"],"damage_healed":0,"gold_gain":0,"player_choice":"Elegance","damage_taken":0,"max_hp_gain":0,"max_hp_loss":0,"event_name":"Back to Basics","floor":29,"gold_loss":0},{"damage_healed":0,"gold_gain":0,"player_choice":"Fought Bandits","damage_taken":0,"max_hp_gain":0,"max_hp_loss":0,"event_name":"Masked Bandits","floor":30,"gold_loss":0},{"damage_healed":0,"gold_gain":222,"player_choice":"Wore Mask","damage_taken":0,"max_hp_gain":0,"max_hp_loss":0,"event_name":"Tomb of Lord Red Mask","floor":38,"gold_loss":0}],"is_beta":false,"boss_relics":[{"not_picked":["Busted Crown","Ectoplasm"],"picked":"Coffee Dripper"},{"not_picked":["Runic Dome","Tiny House"],"picked":"Sozu"}],"items_purged_floors":[19,37],"is_endless":false,"potions_floor_spawned":[1,12,16,21,25,27,30,33,41,42,44],"killed_by":"Giant Head","ascension_level":0}}