{"host":"a4s27ghlnr83kbqz","time":1611126289,"event":{"mods":["AchievementEnabler","BaseMod","Colored Map","Minty Spire (QoL Compilation)","Permanent Neow","SuperFastMode"],"gold_per_floor":[35,75,132,182,277,277,277,377,377,403,93,128,165,227,227,227,227],"floor_reached":16,"language":"KOR","playtime":425,"items_purged":["Strike_R"],"score":294,"play_id":"d02caa95-e574-483d-9771-e6cc1316a34c","local_time":"20210120150449","is_ascension_mode":true,"campfire_choices":[{"data":"HandOfGreed","floor":6.0,"key":"SMITH"},{"data":"Fire Breathing","floor":15.0,"key":"SMITH"}],"circlet_count":0,"master_deck":["AscendersBane","Strike_R","Strike_R","Strike_R+1","Defend_R","Defend_R","Defend_R","Defend_R","Bash","HandOfGreed+1","Warcry","Flame Barrier","Evolve","Dark Embrace","Wild Strike+1","Immolate","Fire Breathing+1","Burning Pact","Feel No Pain"],"relics":["Burning Blood","Whetstone","HornCleat","Ornamental Fan","PreservedInsect","Sundial"],"acts_visited":["Exordium"],"potions_floor_usage":[16],"damage_taken":[{"damage":0.0,"enemies":"Cultist","floor":1.0,"turns":2.0},{"damage":7.0,"enemies":"Small Slimes","floor":2.0,"turns":3.0},{"damage":6.0,"enemies":"2 Louse","floor":3.0,"turns":5.0},{"damage":10.0,"enemies":"Large Slime","floor":4.0,"turns":6.0},{"damage":20.0,"enemies":"Gremlin Gang","floor":5.0,"turns":9.0},{"damage":25.0,"enemies":"3 Sentries","floor":8.0,"turns":9.0},{"damage":33.0,"enemies":"Lagavulin","floor":10.0,"turns":7.0},{"damage":0.0,"enemies":"Gremlin Nob","floor":12.0,"turns":2.0},{"damage":3.0,"enemies":"2 Fungi Beasts","floor":13.0,"turns":4.0},{"damage":23,"enemies":"Slime Boss","floor":16,"turns":3}],"seed_played":"-5353878287891992567","potions_obtained":[{"floor":2.0,"key":"HeartOfIron"},{"floor":3.0,"key":"SpeedPotion"},{"floor":13.0,"key":"Weak Potion"}],"is_trial":false,"path_per_floor":["M","M","M","M","M","R","?","E","T","E","$","E","M","?","R","B"],"character_chosen":"IRONCLAD","items_purchased":["PreservedInsect","Fire Breathing"],"campfire_rested":0,"item_purchase_floors":[11,11],"current_hp_per_floor":[74,73,73,69,55,55,55,36,36,9,9,15,18,18,18,0,0],"gold":227,"neow_bonus":"RANDOM_COLORLESS_2","is_daily":false,"chose_seed":false,"campfire_upgraded":2,"win_rate":0.0,"timestamp":1611126289,"path_taken":["M","M","M","M","M","R","?","E","T","E","$","E","M","?","R","BOSS"],"items_purchased_type":["Relic","Card"],"build_version":"2020-12-22","purchased_purges":1,"victory":false,"max_hp_per_floor":[75,75,75,75,75,75,75,75,75,75,75,75,75,75,75,75,75],"card_choices":[{"not_picked":["Thinking Ahead","Magnetism"],"picked":"HandOfGreed","floor":0.0},{"not_picked":["Whirlwind","Clash"],"picked":"Warcry","floor":1.0},{"not_picked":["Flex","Clash","Warcry"],"picked":"SKIP","floor":2.0},{"not_picked":["Armaments","Havoc","Rage"],"picked":"SKIP","floor":3.0},{"not_picked":["Disarm","Thunderclap"],"picked":"Flame Barrier","floor":4.0},{"not_picked":["Heavy Blade","Cleave"],"picked":"Evolve","floor":5.0},{"not_picked":["Rampage","Inflame"],"picked":"Wild Strike","floor":8.0},{"not_picked":["Rage","Rupture"],"picked":"Immolate","floor":10.0},{"not_picked":["Heavy Blade","Headbutt"],"picked":"Burning Pact","floor":12.0},{"not_picked":["Sentinel","Warcry"],"picked":"Feel No Pain","floor":13.0}],"player_experience":1111093,"relics_obtained":[{"floor":8.0,"key":"Whetstone"},{"floor":9.0,"key":"HornCleat"},{"floor":10.0,"key":"Ornamental Fan"},{"floor":12.0,"key":"Sundial"}],"event_choices":[{"damage_healed":0.0,"max_hp_gain":0.0,"max_hp_loss":0.0,"gold_gain":0.0,"cards_transformed":["Strike_R"],"event_name":"Living Wall","player_choice":"Change","floor":7.0,"gold_loss":0.0,"damage_taken":0.0,"cards_obtained":["Dark Embrace"]},{"damage_healed":0.0,"max_hp_gain":0.0,"max_hp_loss":0.0,"gold_gain":62.0,"event_name":"Golden Wing","player_choice":"Gained Gold","floor":14.0,"gold_loss":0.0,"damage_taken":0.0}],"is_beta":false,"boss_relics":[],"items_purged_floors":[11],"is_endless":false,"potions_floor_spawned":[2,3,13],"killed_by":"Slime Boss","ascension_level":20}}