{"host":"rjfefv2ruvigm2gb","time":1611156843,"event":{"mods":["A Penny For Your Troubles","Act Like it!","AlwaysNeverKeys","BaseMod","Block Reminder","Conspire","Curses Come First","Dark Map","Displayed Cursed Tome","Elementarium","Evolution","Fireblade Mod","Fox Events","Gensokyo","Gold Saver","Googly Eyes","HexUI Lib","Hubris","Infinite Spire","Mad Scientist","Mimic Mod","Minty Spire (QoL Compilation)","Permanent Neow","Poor People Problems","Quick Restart","Relic Filter","Relic Stats","Replay The Spire","Shop Mod","StS++","StSLib","SuperFastMode","The Alterego","The Blue Laboratory","TheSwordswoman","Virulent Crown"],"gold_per_floor":[703,703,287,303,378,378,410,88,164,176,176,186,186,200,200,303,303,320,337,350,350,350,350,365,464,491,63,98,125,125,141,141,246,246,260,260,260,296,329,329,329,329,376,376,376,376,412,412,453,239,239,256,256,256,459,514,514],"floor_reached":58,"language":"ENG","playtime":3617,"items_purged":[],"score":1200,"play_id":"edc60577-70ad-4664-9314-e8855e1cf4f6","local_time":"20210120093403","is_ascension_mode":false,"campfire_choices":[{"floor":6,"key":"REST"},{"floor":11,"key":"REST"},{"floor":15,"key":"REST"},{"data":"Apotheosis","floor":23,"key":"SMITH"},{"data":"Apotheosis","floor":30,"key":"SMITH"},{"data":"Apotheosis","floor":32,"key":"SMITH"},{"floor":40,"key":"REST"},{"data":"blazmod:EightLifePilgrimage","floor":42,"key":"SMITH"},{"data":"blazmod:PhoenixPlume+1","floor":48,"key":"SMITH"},{"floor":51,"key":"REST"},{"data":"blazmod:PhoenixPlume+2","floor":54,"key":"SMITH"}],"circlet_count":0,"master_deck":["blazmod:Strike+1","blazmod:Strike","blazmod:Strike+1","blazmod:Strike","blazmod:Defend","blazmod:Defend","blazmod:Defend","blazmod:ButterflyEffect+1","blazmod:Kyokasuigetsu","blazmod:BoulderFlash","blazmod:StanceChange+1","blazmod:BlindBlade","blazmod:BlindingFlash","Apotheosis+1","blazmod:TenThousand","blazmod:EightLifePilgrimage+1","blazmod:Swordstorm+1","Apotheosis+1","Apotheosis+1","blazmod:BoulderFlash+1","blazmod:PhoenixPlume+3","blazmod:FancifulFlutter","blazmod:TrueOfHeart","blazmod:TrueSelf+1"],"relics":["EVO:Axolotl","conspire:InfiniteJournal","hubris:Towel","Bronze Scales","Strange Spoon","MerchantsRug","infinitespire:Beetle Shell","hubris:BottledRain","Busted Crown","Velvet Choker","Oddly Smooth Stone","Gremlin Horn","conspire:DeflatedDodgeball","conspire:SlowCooker","infinitespire:EvilPickle","Happy Flower","hubris:EmptyBottle","infinitespire:Satchel"],"acts_visited":["Exordium","TheCity","TheBeyond","TheEnding"],"potions_floor_usage":[7,16,20,24,29,47,52,52,52,52,56,57,57,57,57,57],"damage_taken":[{"damage":8,"enemies":"Jaw Worm","floor":1,"turns":3},{"damage":1,"enemies":"2 Louse","floor":4,"turns":2},{"damage":29,"enemies":"Gremlin Nob","floor":7,"turns":5},{"damage":0,"enemies":"conspire:RoseBush","floor":10,"turns":4},{"damage":6,"enemies":"Blue Slaver","floor":12,"turns":4},{"damage":2,"enemies":"2 Fungi Beasts","floor":14,"turns":2},{"damage":9,"enemies":"Slime Boss","floor":16,"turns":12},{"damage":0,"enemies":"Chosen","floor":18,"turns":5},{"damage":7,"enemies":"Spheric Guardian","floor":19,"turns":5},{"damage":8,"enemies":"Snake Plant","floor":20,"turns":5},{"damage":0,"enemies":"3 Cultists","floor":24,"turns":3},{"damage":10,"enemies":"Replay:Snechameleon","floor":28,"turns":4},{"damage":0,"enemies":"conspire:MimicChest","floor":29,"turns":4},{"damage":11,"enemies":"Snecko","floor":31,"turns":4},{"damage":0,"enemies":"conspire:MysteriousRune","floor":33,"turns":6},{"damage":10,"enemies":"Orb Walker","floor":35,"turns":2},{"damage":18,"enemies":"3 Darklings","floor":38,"turns":4},{"damage":0,"enemies":"Maw","floor":39,"turns":5},{"damage":2,"enemies":"Sphere and 2 Shapes","floor":47,"turns":4},{"damage":11,"enemies":"Spire Growth","floor":49,"turns":6},{"damage":41,"enemies":"infinitespire:MassOfShapes","floor":52,"turns":7},{"damage":15,"enemies":"Shield and Spear","floor":56,"turns":5},{"damage":37,"enemies":"The Heart","floor":57,"turns":11}],"seed_played":"1053218242414374005","potions_obtained":[{"floor":1,"key":"infinitespire:BlackPotion"},{"floor":7,"key":"LifebloodPotion"},{"floor":12,"key":"SkillPotion"},{"floor":16,"key":"Elixir"},{"floor":20,"key":"Explosive Potion"},{"floor":24,"key":"infinitespire:BlackPotion"},{"floor":38,"key":"blueLaboratory:BottleOfRum"},{"floor":39,"key":"CultistPotion"},{"floor":49,"key":"blueLaboratory:BottleOfRum"},{"floor":56,"key":"Weak Potion"}],"is_trial":false,"path_per_floor":["M","?","$","M","?","R","E","$","T","M","R","M","?","M","R","B",null,"M","M","M","AVR","?","R","M","?","T","$","E","?","R","M","R","B",null,"M","AVR","?","M","M","R","?","R","T","PTL","PTL","?","M","R","M","$","R","B",null,"R","$","E","B",null],"character_chosen":"THE_SWORDSWOMAN","items_purchased":["Bronze Scales","Strange Spoon","MerchantsRug","blazmod:StanceChange+1","Gremlin Food","Apotheosis","Gremlin Horn","Apotheosis","hubris:EmptyBottle","blazmod:TrueOfHeart","Death Potion","blueLaboratory:RememoryPotion","blazmod:TrueSelf+1"],"campfire_rested":5,"item_purchase_floors":[3,3,3,3,8,8,27,27,50,50,55,55,55],"current_hp_per_floor":[32,32,32,31,20,32,3,3,3,3,15,9,21,19,31,22,40,40,33,32,32,32,32,40,40,40,40,38,40,40,37,37,40,40,30,30,30,20,28,40,43,43,43,43,43,43,43,43,32,32,43,10,43,43,43,36,15],"gold":514,"neow_bonus":"RANDOM_COMMON_RELIC","is_daily":false,"chose_seed":false,"campfire_upgraded":6,"win_rate":0.0,"timestamp":1611156843,"path_taken":["M","?","$","M","?","R","E","$","T","M","R","M","?","M","R","BOSS","M","M","M","AVR","?","R","M","?","T","$","E","?","R","M","R","BOSS","M","AVR","?","M","M","R","?","R","T","PTL","PTL","?","M","R","M","$","R","BOSS","R","$","E","BOSS"],"items_purchased_type":["Relic","Relic","Relic","Card","Relic","Card","Relic","Card","Relic","Card","Potion","Potion","Card"],"build_version":"2020-12-22","purchased_purges":0,"victory":true,"max_hp_per_floor":[40,40,40,40,40,40,40,40,40,40,40,40,40,40,40,40,40,40,40,40,40,40,40,40,40,40,40,40,40,40,40,40,40,40,40,40,40,40,40,40,43,43,43,43,43,43,43,43,43,43,43,43,43,43,43,43,43],"relic_stats":{"Strange Spoon":[55],"Busted Crown":100,"Gremlin Horn":[7,8],"Happy Flower":[11],"counters":[23,112],"Bronze Scales":[310],"obtain_stats":[{"Gremlin Horn":27,"EVO:Axolotl":0,"infinitespire:Blanks Blanky":34,"hubris:EmptyBottle":50,"conspire:InfiniteJournal":0,"blazmod:Venustas":0,"DollysMirror":21,"Gremlin Food":8,"MerchantsRug":3,"Happy Flower":43,"Replay:Grab Bag":34,"Velvet Choker":21,"Oddly Smooth Stone":26,"infinitespire:Beetle Shell":7,"conspire:SlowCooker":34,"Ring of Chaos":34,"hubris:Towel":2,"infinitespire:EvilPickle":36,"Strange Spoon":3,"Busted Crown":17,"Bronze Scales":3,"infinitespire:Satchel":56,"hubris:TenFootPole":29,"conspire:DeflatedDodgeball":28,"hubris:BottledRain":9},{"Gremlin Horn":11,"EVO:Axolotl":0,"infinitespire:Blanks Blanky":15,"hubris:EmptyBottle":20,"conspire:InfiniteJournal":0,"blazmod:Venustas":0,"DollysMirror":10,"Gremlin Food":3,"MerchantsRug":1,"Happy Flower":18,"Replay:Grab Bag":15,"Velvet Choker":10,"Oddly Smooth Stone":11,"infinitespire:Beetle Shell":3,"conspire:SlowCooker":15,"Ring of Chaos":15,"hubris:Towel":1,"infinitespire:EvilPickle":16,"Strange Spoon":1,"Busted Crown":7,"Bronze Scales":1,"infinitespire:Satchel":22,"hubris:TenFootPole":13,"conspire:DeflatedDodgeball":12,"hubris:BottledRain":3},{"Gremlin Horn":50,"EVO:Axolotl":0,"infinitespire:Blanks Blanky":68,"hubris:EmptyBottle":89,"conspire:InfiniteJournal":0,"blazmod:Venustas":0,"DollysMirror":47,"Gremlin Food":10,"MerchantsRug":3,"Happy Flower":79,"Replay:Grab Bag":68,"Velvet Choker":47,"Oddly Smooth Stone":50,"infinitespire:Beetle Shell":10,"conspire:SlowCooker":68,"Ring of Chaos":68,"hubris:Towel":3,"infinitespire:EvilPickle":70,"Strange Spoon":3,"Busted Crown":32,"Bronze Scales":3,"infinitespire:Satchel":101,"hubris:TenFootPole":58,"conspire:DeflatedDodgeball":54,"hubris:BottledRain":10}]},"card_choices":[{"not_picked":["blazmod:FortifiedVigor","blazmod:Trasient"],"picked":"blazmod:BoulderFlash","floor":1},{"not_picked":["blazmod:FlyFlyAgain","blazmod:MoonlightBlossoms"],"picked":"blazmod:BlindBlade","floor":4},{"not_picked":["blazmod:MentalFocus","blazmod:KatanaStrike"],"picked":"blazmod:BlindingFlash","floor":7},{"not_picked":["blazmod:MoonlightBlossoms","blazmod:FlashRock","blazmod:ButterFlutter"],"picked":"SKIP","floor":10},{"not_picked":["blazmod:Setsuna","blazmod:Trasient"],"picked":"blazmod:TenThousand","floor":12},{"not_picked":["blazmod:KatanaStrike","blazmod:ButterFlutter","blazmod:FlawlessDraw"],"picked":"SKIP","floor":14},{"not_picked":["blazmod:DawnflutterDance","blazmod:NaturesBeauty"],"picked":"blazmod:EightLifePilgrimage","floor":16},{"not_picked":[],"picked":"blazmod:Swordstorm+1","floor":18},{"not_picked":["blazmod:ButterFlutter"],"picked":"SKIP","floor":19},{"not_picked":["blazmod:Swordstorm"],"picked":"SKIP","floor":20},{"not_picked":["blazmod:Trasient"],"picked":"SKIP","floor":24},{"not_picked":["blazmod:FlashRock"],"picked":"SKIP","floor":28},{"not_picked":["blazmod:BoulderFlash"],"picked":"SKIP","floor":31},{"not_picked":[],"picked":"blazmod:BoulderFlash+1","floor":35},{"not_picked":["blazmod:Valiance+1"],"picked":"SKIP","floor":38},{"not_picked":["blazmod:ClearTheMind"],"picked":"SKIP","floor":39},{"not_picked":[],"picked":"blazmod:PhoenixPlume+1","floor":47},{"not_picked":[],"picked":"blazmod:FancifulFlutter","floor":49},{"not_picked":["blazmod:MoonlightBlossoms+1"],"picked":"SKIP","floor":56}],"player_experience":1004743,"relics_obtained":[{"floor":7,"key":"infinitespire:Beetle Shell"},{"floor":9,"key":"hubris:BottledRain"},{"floor":26,"key":"Oddly Smooth Stone"},{"floor":28,"key":"conspire:DeflatedDodgeball"},{"floor":29,"key":"hubris:TenFootPole"},{"floor":43,"key":"Happy Flower"},{"floor":56,"key":"infinitespire:Satchel"}],"event_choices":[{"damage_healed":0,"gold_gain":75,"player_choice":"Gather Gold","damage_taken":11,"max_hp_gain":0,"max_hp_loss":0,"event_name":"World of Goop","floor":5,"gold_loss":0},{"damage_healed":0,"gold_gain":0,"player_choice":"Leave","damage_taken":0,"max_hp_gain":0,"max_hp_loss":0,"event_name":"conspire:Investor","floor":22,"gold_loss":0},{"damage_healed":0,"gold_gain":99,"player_choice":"Stole From Cult","damage_taken":0,"max_hp_gain":0,"max_hp_loss":0,"event_name":"Nest","floor":25,"gold_loss":0},{"cards_removed":["blazmod:Defend"],"damage_healed":0,"gold_gain":0,"player_choice":"Removed Skill","damage_taken":0,"max_hp_gain":0,"max_hp_loss":0,"event_name":"Falling","floor":37,"gold_loss":0}],"is_beta":false,"boss_relics":[{"not_picked":["Sozu","StSpp:FireArrow"],"picked":"Busted Crown"},{"not_picked":["Empty Cage","conspire:RoyalGoblet"],"picked":"Replay:Grab Bag"},{"not_picked":["blazmod:SamuraiSword","ChewingGum"],"picked":"conspire:SlowCooker"},{"not_picked":["SacredBark","conspire:SpecialSausage"],"picked":"infinitespire:Blanks Blanky"},{"not_picked":["SlaversCollar","StSpp:PileOfSugar"],"picked":"Ring of Chaos"}],"items_purged_floors":[],"is_endless":false,"potions_floor_spawned":[1,7,12,16,19,20,24,38,39,49,56],"ascension_level":0}}