{"host":"k85tjwrh7mjrrc9a","time":1611104670,"event":{"mods":["AchievementEnabler","BaseMod","Colored Powertips","Highlight Path","Minty Spire (QoL Compilation)","Rare Cards Sparkle","StSLib"],"gold_per_floor":[113,113,113,23,34,52,81,81,127,127,137,137,167,11,11,112,112,143,155,186,198,222,234,246,246],"floor_reached":24,"language":"ENG","playtime":963,"items_purged":[],"score":316,"play_id":"e789256f-5bd5-486f-9e36-005f55479d26","local_time":"20210119200430","is_ascension_mode":true,"campfire_choices":[{"data":"True Grit","floor":10,"key":"SMITH"},{"data":"Armaments","floor":12,"key":"SMITH"},{"data":"Demon Form","floor":15,"key":"SMITH"},{"floor":23,"key":"REST"}],"circlet_count":0,"master_deck":["AscendersBane","Strike_R","Strike_R","Strike_R","Strike_R","Defend_R","Defend_R","Defend_R","Defend_R","Bash+1","Armaments","Inflame","Pommel Strike","True Grit+1","Armaments+1","Demon Form+1","CurseOfTheBell","Pommel Strike+1"],"relics":["Burning Blood","Blood Vial","Self Forming Clay","Bronze Scales","Molten Egg 2","Lee\u0027s Waffle","Calling Bell","MawBank","The Courier","Charon\u0027s Ashes"],"acts_visited":["Exordium","TheCity"],"potions_floor_usage":[22,24],"damage_taken":[{"damage":0,"enemies":"Small Slimes","floor":1,"turns":3},{"damage":13,"enemies":"2 Louse","floor":5,"turns":3},{"damage":1,"enemies":"Cultist","floor":6,"turns":3},{"damage":28,"enemies":"Lagavulin","floor":7,"turns":7},{"damage":8,"enemies":"Blue Slaver","floor":11,"turns":3},{"damage":24,"enemies":"Gremlin Nob","floor":13,"turns":4},{"damage":50,"enemies":"Hexaghost","floor":16,"turns":8},{"damage":19,"enemies":"Shell Parasite","floor":18,"turns":7},{"damage":32,"enemies":"Spheric Guardian","floor":20,"turns":6},{"damage":26,"enemies":"Snecko","floor":22,"turns":6},{"damage":54,"enemies":"Gremlin Leader","floor":24,"turns":5}],"seed_played":"-6862887829703016100","potions_obtained":[{"floor":6,"key":"AttackPotion"},{"floor":16,"key":"GamblersBrew"},{"floor":18,"key":"Ancient Potion"}],"is_trial":false,"path_per_floor":["M","?","?","$","M","M","E","?","T","R","M","R","E","$","R","B",null,"M","?","M","$","M","R","E"],"character_chosen":"IRONCLAD","items_purchased":["Inflame","Pommel Strike","Lee\u0027s Waffle"],"campfire_rested":1,"item_purchase_floors":[4,4,14],"current_hp_per_floor":[78,78,78,78,73,80,58,58,58,58,58,58,42,87,87,43,76,65,65,41,41,23,49,0,0],"gold":246,"neow_bonus":"UPGRADE_CARD","is_daily":false,"chose_seed":false,"campfire_upgraded":3,"win_rate":0.0,"timestamp":1611104670,"path_taken":["M","?","?","$","?","M","E","?","T","R","M","R","E","$","R","BOSS","M","?","?","$","?","R","E"],"items_purchased_type":["Card","Card","Relic"],"build_version":"2020-12-22","purchased_purges":0,"victory":false,"max_hp_per_floor":[80,80,80,80,80,80,80,80,80,80,80,80,80,87,87,87,87,87,87,87,87,87,87,87,87],"card_choices":[{"not_picked":["Dual Wield","Anger"],"picked":"Armaments","floor":1},{"not_picked":["Sword Boomerang","Fire Breathing","Combust"],"picked":"SKIP","floor":5},{"not_picked":["Headbutt","Burning Pact"],"picked":"True Grit","floor":6},{"not_picked":["Anger","Body Slam"],"picked":"Armaments","floor":7},{"not_picked":["Perfected Strike","Rage","Second Wind"],"picked":"SKIP","floor":11},{"not_picked":["Bludgeon+1","Combust"],"picked":"Demon Form","floor":13},{"not_picked":["Cleave+1","Warcry"],"picked":"Pommel Strike+1","floor":18},{"not_picked":["Dual Wield","Blood for Blood+1","Iron Wave+1"],"picked":"SKIP","floor":20},{"not_picked":["Clash+1","Burning Pact","Anger+1"],"picked":"SKIP","floor":22}],"player_experience":199003,"relics_obtained":[{"floor":7,"key":"Self Forming Clay"},{"floor":9,"key":"Bronze Scales"},{"floor":13,"key":"Molten Egg 2"},{"floor":17,"key":"MawBank"},{"floor":17,"key":"The Courier"},{"floor":17,"key":"Charon\u0027s Ashes"}],"event_choices":[{"damage_healed":0,"gold_gain":0,"player_choice":"Box","damage_taken":0,"relics_obtained":["Blood Vial"],"max_hp_gain":0,"max_hp_loss":0,"event_name":"Big Fish","floor":2,"gold_loss":0,"cards_obtained":["Regret"]},{"cards_removed":["Regret"],"damage_healed":0,"gold_gain":0,"player_choice":"Purged","damage_taken":0,"max_hp_gain":0,"max_hp_loss":0,"event_name":"Purifier","floor":3,"gold_loss":0},{"damage_healed":0,"gold_gain":0,"player_choice":"Leave","damage_taken":0,"max_hp_gain":0,"max_hp_loss":0,"event_name":"The Cleric","floor":8,"gold_loss":0},{"cards_removed":["Strike_R"],"damage_healed":0,"gold_gain":0,"player_choice":"Purged","damage_taken":0,"max_hp_gain":0,"max_hp_loss":0,"event_name":"Purifier","floor":19,"gold_loss":0}],"is_beta":false,"boss_relics":[{"not_picked":["Pandora\u0027s Box","Runic Pyramid"],"picked":"Calling Bell"}],"items_purged_floors":[],"is_endless":false,"potions_floor_spawned":[6,16,18],"killed_by":"Gremlin Leader","ascension_level":11}}