{"host":"5uvzo7moqy5vd63g","time":1611186337,"event":{"mods":["Aspiration","BaseMod","Conspire","Curses Come First","Dio Mod","Downfall","Hermit","Hubris","Jedi Mod","Mimic Mod","Minty Spire (QoL Compilation)","StSLib","Wandering Minibosses"],"gold_per_floor":[99,114,142,5,16,44,69,69,85,102,121,140,40,70,82,183,183,83,97,97,115,115,130,130,65,94,104,139,152,52,130,141,239,239,239,250,250,250,250],"floor_reached":37,"language":"ENG","playtime":2449,"items_purged":["jedi:frostbite","bronze:Strike"],"score":473,"play_id":"1c87864b-e5a2-40a9-bd6a-b41e9f1d4c88","local_time":"20210120184537","is_ascension_mode":false,"campfire_choices":[{"floor":1,"key":"RECALL"},{"floor":13,"key":"REST"},{"data":"bronze:Iterate","floor":18,"key":"SMITH"},{"data":"bronze:Repulsor","floor":30,"key":"SMITH"},{"data":"bronze:SpaghettiCode","floor":35,"key":"SMITH"}],"circlet_count":0,"master_deck":["bronze:Strike","bronze:Strike","bronze:Strike","bronze:Defend","bronze:Defend","bronze:Defend","bronze:Defend","bronze:Replicate","bronze:Goto","bronze:Virus+1","bronze:Fortify+1","bronze:OilSpill","bronze:BugBarrage","bronze:Repulsor+1","bronze:OilSpill","bronze:Boost","bronze:NullPointer","bronze:Boost","bronze:ChosenStrike","bronze:Assembly","bronze:WildBeam","bronze:BronzeOrb","bronze:Iterate+1","bronze:SpaghettiCode","bronze:ItsAFeature","bronze:Iterate+1","bronze:Backtrace+1","bronze:DarkDash","bronze:CloningBeam","bronze:SpaghettiCode+1","bronze:Shield","bronze:BuggyMess","bronze:AlphaBuild","bronze:Constructor+1"],"relics":["bronze:BronzeCore","Pear","hubris:SphereOfDissonance","Orichalcum","downfall:HeartBlessingRed","Smiling Mask","Coffee Dripper","downfall:HeartBlessingGreen","hubris:ToyBattleship","hubris:64BitClover","downfall:HeartBlessingBlue","aspiration:Nostalgia","Slimebound:AbsorbEndCombat","Philosopher\u0027s Stone"],"acts_visited":["Exordium","TheCity","TheBeyond"],"potions_floor_usage":[16,23,33],"damage_taken":[{"damage":2,"enemies":"Jaw Worm","floor":2,"turns":5},{"damage":35,"enemies":"conspire:MimicChest","floor":3,"turns":7},{"damage":0,"enemies":"downfall:FleeingMerchant","floor":4,"turns":4},{"damage":1,"enemies":"2 Louse","floor":5,"turns":2},{"damage":14,"enemies":"Gremlin Nob","floor":6,"turns":4},{"damage":0,"enemies":"Cultist","floor":9,"turns":3},{"damage":6,"enemies":"2 Fungi Beasts","floor":10,"turns":4},{"damage":2,"enemies":"Blue Slaver","floor":11,"turns":3},{"damage":7,"enemies":"Red Slaver","floor":12,"turns":2},{"damage":11,"enemies":"Lagavulin","floor":14,"turns":5},{"damage":0,"enemies":"Exordium Wildlife","floor":15,"turns":2},{"damage":7,"enemies":"WA_ARCHETYPE_RETAIN","floor":16,"turns":4},{"damage":4,"enemies":"Shell Parasite","floor":19,"turns":4},{"damage":0,"enemies":"3 Byrds","floor":21,"turns":6},{"damage":2,"enemies":"Centurion and Healer","floor":23,"turns":3},{"damage":6,"enemies":"downfall:FleeingMerchant","floor":25,"turns":4},{"damage":11,"enemies":"conspire:SneckoGhost","floor":26,"turns":2},{"damage":0,"enemies":"Sentry and Sphere","floor":27,"turns":2},{"damage":0,"enemies":"Book of Stabbing","floor":28,"turns":2},{"damage":14,"enemies":"Snake Plant","floor":29,"turns":2},{"damage":0,"enemies":"downfall:FleeingMerchant","floor":31,"turns":3},{"damage":0,"enemies":"Snecko","floor":32,"turns":3},{"damage":9,"enemies":"SI_MIRROR_ARCHETYPE","floor":33,"turns":6},{"damage":0,"enemies":"Orb Walker","floor":36,"turns":1},{"damage":0,"enemies":"3 Darklings","floor":37,"turns":2}],"seed_played":"-8916364594709320820","potions_obtained":[{"floor":5,"key":"Strength Potion"},{"floor":11,"key":"BlessingOfTheForge"},{"floor":14,"key":"DistilledChaos"},{"floor":16,"key":"Explosive Potion"},{"floor":23,"key":"DuplicationPotion"},{"floor":26,"key":"bronze:FreeFunctionsPotion"}],"is_trial":false,"path_per_floor":["R","M","?","$","M","E","T","?","M","M","M","M","R","E","M","B",null,"R","M","?","M","?","M","T","$","E","M","E","M","R","$","M","B",null,"R","M","M"],"character_chosen":"THE_AUTOMATON","items_purchased":["bronze:Repulsor","bronze:OilSpill","bronze:Shield","aspiration:Nostalgia"],"campfire_rested":1,"item_purchase_floors":[4,4,31,31],"current_hp_per_floor":[70,68,43,43,42,28,28,28,28,22,20,13,37,26,26,19,80,80,76,76,76,76,74,74,68,57,57,57,43,53,53,53,44,90,90,90,90,90,90],"gold":250,"neow_bonus":"ONE_RANDOM_RARE_CARD","is_daily":false,"chose_seed":false,"campfire_upgraded":3,"win_rate":0.0,"timestamp":1611186337,"path_taken":["R","M","?","$","M","E","T","?","M","M","?","M","R","E","M","BOSS","R","M","?","?","?","M","T","$","E","M","E","?","R","?","M","BOSS","R","M","M"],"items_purchased_type":["Card","Card","Card","Relic"],"build_version":"2020-12-22","purchased_purges":2,"victory":false,"max_hp_per_floor":[70,70,80,80,80,80,80,80,80,80,80,80,80,80,80,80,80,80,80,80,80,80,80,80,80,80,80,80,80,90,90,90,90,90,90,90,90,90,90],"card_choices":[{"not_picked":["bronze:Overheat","bronze:Deprecate"],"picked":"bronze:Fortify","floor":2},{"not_picked":["bronze:Shell","bronze:Philosophize"],"picked":"bronze:OilSpill","floor":3},{"not_picked":["bronze:FineTuning","bronze:GetLatest"],"picked":"bronze:BugBarrage","floor":4},{"not_picked":["bronze:ForceShield","bronze:BugBarrage"],"picked":"bronze:Boost","floor":5},{"not_picked":["bronze:DigitalCarnage","bronze:DelayedSlice"],"picked":"bronze:NullPointer","floor":6},{"not_picked":["bronze:Constructor","bronze:ForceShield"],"picked":"bronze:ChosenStrike","floor":9},{"not_picked":["bronze:DelayedGuard","bronze:Deprecate"],"picked":"bronze:Assembly","floor":10},{"not_picked":["bronze:WhirlingStrike","bronze:DigitalCarnage"],"picked":"bronze:WildBeam","floor":11},{"not_picked":["bronze:Branch","bronze:ChosenStrike","bronze:Allocate"],"picked":"SKIP","floor":12},{"not_picked":["bronze:DelayedGuard","bronze:OilSpill"],"picked":"bronze:BronzeOrb","floor":14},{"not_picked":["bronze:Philosophize","bronze:Safeguard"],"picked":"bronze:Iterate","floor":15},{"not_picked":["bronze:Verify","bronze:Format"],"picked":"bronze:SpaghettiCode","floor":16},{"not_picked":["bronze:BitShift+1","bronze:DigitalCarnage","bronze:Overheat"],"picked":"SKIP","floor":19},{"not_picked":["bronze:Overload","bronze:Constructor"],"picked":"bronze:Iterate+1","floor":21},{"not_picked":["bronze:ForceShield","bronze:DelayedGuard"],"picked":"bronze:Backtrace+1","floor":23},{"not_picked":["bronze:ThunderWave","bronze:Allocate","bronze:WhirlingStrike"],"picked":"SKIP","floor":25},{"not_picked":["bronze:CutThrough+1","bronze:Separator"],"picked":"bronze:DarkDash","floor":26},{"not_picked":["bronze:Turbo","bronze:Boost","bronze:Frontload"],"picked":"SKIP","floor":27},{"not_picked":["bronze:Repulsor","bronze:NullPointer"],"picked":"bronze:CloningBeam","floor":28},{"not_picked":["bronze:Deprecate","bronze:ChildClass"],"picked":"bronze:SpaghettiCode","floor":29},{"not_picked":["bronze:WildBeam","bronze:Deprecate","bronze:ForLoop+1"],"picked":"SKIP","floor":31},{"not_picked":["bronze:Safeguard","bronze:BugBarrage"],"picked":"bronze:BuggyMess","floor":32},{"not_picked":["bronze:FindAndReplace","bronze:Break"],"picked":"bronze:AlphaBuild","floor":33},{"not_picked":["bronze:CutThrough","bronze:DelayedSlice"],"picked":"bronze:Constructor+1","floor":36}],"player_experience":596406,"relics_obtained":[{"floor":3,"key":"Pear"},{"floor":6,"key":"hubris:SphereOfDissonance"},{"floor":7,"key":"Orichalcum"},{"floor":14,"key":"Smiling Mask"},{"floor":26,"key":"hubris:ToyBattleship"},{"floor":28,"key":"hubris:64BitClover"}],"event_choices":[{"damage_healed":0,"gold_gain":0,"player_choice":"Read","damage_taken":0,"max_hp_gain":0,"max_hp_loss":0,"event_name":"The Library","floor":20,"gold_loss":0,"cards_obtained":["bronze:ItsAFeature"]}],"is_beta":false,"boss_relics":[{"not_picked":["jedi:hotpepper","conspire:SlowCooker"],"picked":"Coffee Dripper"},{"not_picked":["Velvet Choker","Snecko Eye"],"picked":"Philosopher\u0027s Stone"}],"items_purged_floors":[25,31],"is_endless":false,"potions_floor_spawned":[5,11,14,15,16,19,23,26,29,32],"killed_by":"3 Darklings","ascension_level":0}}