{"host":"i0avyit1s6jb1siw","time":1611131617,"event":{"mods":["BaseMod","DeckTracker","Dota2Spire","Highlight Path","Minty Spire (QoL Compilation)","Quick Restart","StSLib","SuperFastMode"],"gold_per_floor":[115,115,22,42,42,42,72,72,87,87,121,139,139,64,91,91,167,167,186,197,209,222,222,247,69,84,84,131,131,131,56,67,67,67],"floor_reached":33,"language":"ENG","playtime":698,"items_purged":["Strike_P","Strike_P"],"score":820,"play_id":"8fc0fa86-de3c-41c7-803d-3c86c9a7c58b","local_time":"20210120093337","is_ascension_mode":true,"campfire_choices":[{"floor":6,"key":"REST"},{"data":"Eruption","floor":8,"key":"SMITH"},{"data":"Pray","floor":16,"key":"SMITH"},{"floor":30,"key":"RECALL"}],"circlet_count":0,"master_deck":["AscendersBane","Defend_P","Defend_P","Defend_P","Eruption+1","Vigilance+1","Vengeance","EmptyMind","WheelKick","CrushJoints+1","MentalFortress","SandsOfTime","Halt","BowlingBash","CarveReality","Pray+1","DevaForm","Protect","Evaluate","Meditate","Vault","Tantrum","Wallop","TalkToTheHand+1"],"relics":["HolyWater","Dead Branch","CloakClasp","InkBottle","Dota2Spire:PhaseBoots","Blue Candle","Juzu Bracelet","Pen Nib"],"acts_visited":["Exordium","TheCity"],"potions_floor_usage":[17,20],"damage_taken":[{"damage":4,"enemies":"Jaw Worm","floor":1,"turns":3},{"damage":0,"enemies":"Cultist","floor":4,"turns":2},{"damage":0,"enemies":"Gremlin Nob","floor":7,"turns":2},{"damage":8,"enemies":"2 Louse","floor":9,"turns":2},{"damage":0,"enemies":"Lagavulin","floor":11,"turns":4},{"damage":1,"enemies":"2 Fungi Beasts","floor":12,"turns":2},{"damage":0,"enemies":"Gremlin Nob","floor":15,"turns":3},{"damage":0,"enemies":"Hexaghost","floor":17,"turns":4},{"damage":0,"enemies":"Spheric Guardian","floor":19,"turns":1},{"damage":8,"enemies":"Shell Parasite","floor":20,"turns":3},{"damage":12,"enemies":"Snake Plant","floor":21,"turns":3},{"damage":0,"enemies":"Centurion and Healer","floor":22,"turns":4},{"damage":17,"enemies":"Book of Stabbing","floor":24,"turns":2},{"damage":0,"enemies":"3 Cultists","floor":26,"turns":5},{"damage":0,"enemies":"Chosen and Byrds","floor":32,"turns":5},{"damage":6,"enemies":"Colosseum Slavers","floor":33,"turns":3},{"damage":15,"enemies":"Colosseum Nobs","floor":33,"turns":2}],"seed_played":"7108158221279301799","potions_obtained":[{"floor":1,"key":"CultistPotion"},{"floor":12,"key":"PowerPotion"},{"floor":17,"key":"DistilledChaos"},{"floor":24,"key":"GamblersBrew"}],"is_trial":false,"path_per_floor":["M","?","$","M","?","R","E","R","M","T","E","M","?","$","E","R","B",null,"M","M","M","M","?","E","$","M","T","T","?","R","?","M","?"],"character_chosen":"WATCHER","items_purchased":["WheelKick","CrushJoints","Tantrum"],"campfire_rested":1,"item_purchase_floors":[3,3,25],"current_hp_per_floor":[39,39,39,39,19,39,39,39,31,31,31,30,26,26,26,26,26,58,58,50,38,38,38,21,21,21,21,21,21,21,21,21,0,0],"gold":67,"neow_bonus":"TRANSFORM_TWO_CARDS","is_daily":false,"chose_seed":false,"campfire_upgraded":2,"win_rate":0.0,"timestamp":1611131617,"path_taken":["M","?","?","M","?","R","E","R","M","T","E","M","?","$","E","R","BOSS","M","?","M","?","?","E","?","M","T","T","?","R","?","M","?"],"items_purchased_type":["Card","Card","Card"],"build_version":"2020-12-22","purchased_purges":2,"victory":false,"max_hp_per_floor":[68,68,68,68,68,68,68,68,68,68,68,68,68,68,68,68,68,68,68,68,68,68,68,68,68,68,68,68,68,68,68,68,68,68],"card_choices":[{"not_picked":["Sanctity","ClearTheMind","Crescendo"],"picked":"SKIP","floor":1},{"not_picked":["Crescendo","Consecrate"],"picked":"MentalFortress","floor":4},{"not_picked":["Wireheading","Perseverance"],"picked":"SandsOfTime","floor":7},{"not_picked":["SashWhip","Crescendo"],"picked":"Halt","floor":9},{"not_picked":["Wireheading","Consecrate"],"picked":"BowlingBash","floor":11},{"not_picked":["Prostrate","Consecrate"],"picked":"CarveReality","floor":12},{"not_picked":["Consecrate","FlurryOfBlows"],"picked":"Pray","floor":15},{"not_picked":["DeusExMachina","MasterReality"],"picked":"DevaForm","floor":17},{"not_picked":["ClearTheMind","Consecrate+1"],"picked":"Protect","floor":19},{"not_picked":["CutThroughFate+1","Prostrate"],"picked":"Evaluate","floor":20},{"not_picked":["WreathOfFlame","MentalFortress"],"picked":"Meditate","floor":21},{"not_picked":["ForeignInfluence","PathToVictory","WindmillStrike"],"picked":"SKIP","floor":22},{"not_picked":["CutThroughFate+1","Wireheading"],"picked":"Vault","floor":24},{"not_picked":["PathToVictory","CutThroughFate"],"picked":"Wallop","floor":26},{"not_picked":["Tantrum","FollowUp"],"picked":"TalkToTheHand+1","floor":32}],"player_experience":2302074,"relics_obtained":[{"floor":7,"key":"Dead Branch"},{"floor":10,"key":"CloakClasp"},{"floor":11,"key":"InkBottle"},{"floor":15,"key":"Dota2Spire:PhaseBoots"},{"floor":24,"key":"Blue Candle"},{"floor":27,"key":"Juzu Bracelet"}],"event_choices":[{"cards_removed":["Strike_P"],"damage_healed":0,"gold_gain":0,"player_choice":"Offered Basic","damage_taken":0,"max_hp_gain":0,"max_hp_loss":0,"event_name":"Bonfire Elementals","floor":2,"gold_loss":0},{"damage_healed":0,"gold_gain":0,"player_choice":"Entered Light","damage_taken":20,"max_hp_gain":0,"max_hp_loss":0,"event_name":"Shining Light","floor":5,"gold_loss":0,"cards_upgraded":["Vigilance","CrushJoints"]},{"damage_healed":0,"gold_gain":0,"player_choice":"Bought 0 Potions","damage_taken":0,"max_hp_gain":0,"max_hp_loss":0,"event_name":"The Woman in Blue","floor":13,"gold_loss":0},{"damage_healed":0,"gold_gain":0,"player_choice":"Ignored","damage_taken":0,"max_hp_gain":0,"max_hp_loss":0,"event_name":"Cursed Tome","floor":23,"gold_loss":0},{"damage_healed":0,"gold_gain":0,"player_choice":"Opened","damage_taken":0,"relics_obtained":["Pen Nib"],"max_hp_gain":0,"max_hp_loss":0,"event_name":"The Mausoleum","floor":29,"gold_loss":0,"cards_obtained":["Writhe"]},{"cards_removed":["Writhe"],"damage_healed":0,"gold_gain":0,"player_choice":"Gave Gold","damage_taken":0,"max_hp_gain":0,"max_hp_loss":0,"event_name":"Beggar","floor":31,"gold_loss":75},{"damage_healed":0,"gold_gain":0,"player_choice":"Fight","damage_taken":0,"max_hp_gain":0,"max_hp_loss":0,"event_name":"Colosseum","floor":33,"gold_loss":0},{"damage_healed":0,"gold_gain":0,"player_choice":"Fought Nobs","damage_taken":0,"max_hp_gain":0,"max_hp_loss":0,"event_name":"Colosseum","floor":33,"gold_loss":0}],"is_beta":false,"boss_relics":[{"not_picked":["Tiny House","Coffee Dripper"],"picked":"HolyWater"}],"items_purged_floors":[14,25],"is_endless":false,"potions_floor_spawned":[1,12,15,17,24,26,33],"killed_by":"Colosseum Nobs","ascension_level":20}}