{"host":"jyuuog6ydc2s7nd8","time":1611135135,"event":{"mods":["BaseMod","Better Vampires","Minty Spire (QoL Compilation)","Shop Mod","StSLib","The Hierophant","The Servant 0.9.4","TheBandit","[IsaacMod]ÒÔÈö¼âËþ"],"gold_per_floor":[110,129,179,179,192,217,217,245,245,245,261,261,325,325,325,399,399,419,103,123,138,138,138,168,184,184,20,45,45,45,64,64,141,141,153,168,3,19,0,0,29,44,44,62,62,72,110,121,121,237,249,354,386,398,410,455,481,493,505,467,486,501,521,521,528,528,528,528,108,134,134],"floor_reached":57,"language":"ZHS","playtime":3607,"items_purged":["Defend_G","Defend_G","BloodyBrimstone","Defend_G","Parasite","Bullet Time+1"],"score":3533,"play_id":"8f078a0b-3da2-4db7-a4e4-fae796cc7003","local_time":"20210120173215","is_ascension_mode":true,"campfire_choices":[{"data":"Acrobatics","floor":7.0,"key":"SMITH"},{"data":"Night Terror","floor":12.0,"key":"SMITH"},{"data":"Neutralize","floor":15.0,"key":"SMITH"},{"data":"Bullet Time","floor":23.0,"key":"SMITH"},{"data":"Tactician","floor":29.0,"key":"SMITH"},{"data":"Reflex","floor":32.0,"key":"SMITH"},{"data":"Prepared","floor":40,"key":"SMITH"},{"data":"Backflip","floor":45,"key":"SMITH"},{"floor":49,"key":"RECALL"},{"data":"Survivor","floor":40,"key":"SMITH"},{"floor":44,"key":"REST"},{"floor":49,"key":"REST"},{"floor":53,"key":"REST"}],"circlet_count":0,"master_deck":["AscendersBane","Survivor+1","Neutralize+1","Corpse Explosion+1","Noxious Fumes+1","Night Terror+1","Acrobatics+1","Prepared+1","Bane+1","Footwork+1","PiercingWail+1","Reflex+1","Tactician+1","Blur+1","Wraith Form v2+1","Backflip+1","Deadly Poison+1","Expertise+1","Escape Plan+1","Calculated Gamble+1","Leg Sweep+1","Flying Knee"],"relics":["HushsDoor","D4","Cracked Core","Ice Cream","Calipers","CaptainsWheel","TuHaoJin","Letter Opener","Kunai","DeathBook","HornCleat","UnicornStump","Bottled Lightning","BookOfRevelations","Strawberry","Blood Vial","Boot","Orichalcum","Happy Flower","SalivaCoin","Gremlin Horn","Sundial","Blue Candle","Shuriken","MagicMushroom","Fusion Hammer","OrangePellets","Lee\u0027s Waffle","Ninja Scroll"],"acts_visited":["Exordium","TheCity","TheBeyond","TheEnding"],"potions_floor_usage":[47,41,42,50,56,56,56],"damage_taken":[{"damage":5.0,"enemies":"2 Louse","floor":1.0,"turns":3.0},{"damage":0.0,"enemies":"Cultist","floor":2.0,"turns":2.0},{"damage":0.0,"enemies":"Hiden Room Battle","floor":3.0,"turns":1.0},{"damage":5.0,"enemies":"Jaw Worm","floor":5.0,"turns":4.0},{"damage":6.0,"enemies":"Lagavulin","floor":6.0,"turns":8.0},{"damage":21.0,"enemies":"3 Sentries","floor":8.0,"turns":5.0},{"damage":0.0,"enemies":"Gremlin Gang","floor":11.0,"turns":1.0},{"damage":0.0,"enemies":"Gremlin Nob","floor":13.0,"turns":3.0},{"damage":0.0,"enemies":"The Guardian","floor":16.0,"turns":9.0},{"damage":0.0,"enemies":"Shell Parasite","floor":18.0,"turns":4.0},{"damage":0.0,"enemies":"Spheric Guardian","floor":20.0,"turns":4.0},{"damage":0.0,"enemies":"Centurion and Healer","floor":21.0,"turns":4.0},{"damage":0.0,"enemies":"Slavers","floor":24.0,"turns":3.0},{"damage":0.0,"enemies":"Snake Plant","floor":25.0,"turns":4.0},{"damage":0.0,"enemies":"Gremlin Leader","floor":28.0,"turns":6.0},{"damage":0.0,"enemies":"3 Cultists","floor":31.0,"turns":4.0},{"damage":0.0,"enemies":"Champ","floor":33.0,"turns":7.0},{"damage":0.0,"enemies":"Orb Walker","floor":35.0,"turns":3.0},{"damage":3.0,"enemies":"3 Shapes","floor":36.0,"turns":3.0},{"damage":4,"enemies":"Writhing Mass","floor":38,"turns":5},{"damage":1,"enemies":"Nemesis","floor":41,"turns":9},{"damage":14,"enemies":"Sphere and 2 Shapes","floor":42,"turns":6},{"damage":2,"enemies":"Transient","floor":44,"turns":6},{"damage":2,"enemies":"Spire Growth","floor":46,"turns":5},{"damage":22,"enemies":"Reptomancer","floor":47,"turns":7},{"damage":0,"enemies":"Sphere and 2 Shapes","floor":48,"turns":3},{"damage":0,"enemies":"3 Darklings","floor":35,"turns":2},{"damage":0,"enemies":"Orb Walker","floor":38,"turns":2},{"damage":0,"enemies":"Reptomancer","floor":41,"turns":3},{"damage":0,"enemies":"Transient","floor":42,"turns":6},{"damage":0,"enemies":"3 Darklings","floor":46,"turns":1},{"damage":0,"enemies":"Jaw Worm Horde","floor":47,"turns":2},{"damage":0,"enemies":"Maw","floor":48,"turns":5},{"damage":2,"enemies":"Awakened One","floor":50,"turns":5},{"damage":0,"enemies":"Time Eater","floor":51,"turns":4},{"damage":0,"enemies":"Shield and Spear","floor":55,"turns":3},{"damage":0,"enemies":"The Heart","floor":56,"turns":5}],"seed_played":"1725049704188157062","potions_obtained":[{"floor":3.0,"key":"LiquidBronze"},{"floor":5.0,"key":"Fruit Juice"},{"floor":11.0,"key":"SkillPotion"},{"floor":16.0,"key":"PowerPotion"},{"floor":20.0,"key":"SteroidPotion"},{"floor":21.0,"key":"EntropicBrew"},{"floor":31.0,"key":"Block Potion"},{"floor":36.0,"key":"Energy Potion"},{"floor":42,"key":"SkillPotion"},{"floor":47,"key":"CultistPotion"},{"floor":35,"key":"Explosive Potion"},{"floor":35,"key":"Explosive Potion"},{"floor":41,"key":"Poison Potion"},{"floor":46,"key":"SpeedPotion"},{"floor":47,"key":"CultistPotion"}],"is_trial":false,"path_per_floor":["M","M","?","?","M","E","R","E","T","?","M","R","?","?","R","B",null,"M","$","M","M","?","R","E","M","T","$","E","R","?","M","R","B",null,"M","M","$","M","?","R","E","M","T","M","R","M","E","M","R","M","?","?","M","?","R","E","M","T","R","$","M","M","M","R","B","B",null,"R","$","E","B",null],"character_chosen":"THE_SILENT","items_purchased":["BelialBook","Reflex","Snake Skull","Tactician","SteamSale","GuppysHairball","GuppysCollar","Wraith Form v2+1","Backflip","Flying Knee","Lee\u0027s Waffle","Dexterity Potion"],"campfire_rested":3,"item_purchase_floors":[17,17,19,19,27,34,34,37,37,54,54,54],"current_hp_per_floor":[54,54,39,39,39,33,33,12,12,12,14,14,16,16,16,16,33,35,35,37,39,18,18,20,20,30,30,32,32,32,34,34,36,30,32,31,31,33,33,33,32,30,30,28,28,26,16,28,37,42,42,27,27,27,39,43,43,43,43,40,40,40,40,54,52,54,54,54,61,61,61],"gold":134,"neow_bonus":"REMOVE_TWO","is_daily":false,"chose_seed":false,"campfire_upgraded":9,"win_rate":0.0,"timestamp":1611135135,"path_taken":["M","M","?","?","M","E","R","E","T","?","?","R","?","?","R","BOSS","M","$","?","M","?","R","E","M","T","$","E","R","?","M","R","BOSS","M","M","$","M","?","R","E","M","T","M","R","M","E","M","R","M","?","?","M","?","R","E","M","T","R","$","M","M","M","R","BOSS","BOSS","R","$","E","BOSS"],"items_purchased_type":["Relic","Card","Relic","Card","Relic","Relic","Relic","Card","Card","Card","Relic","Potion"],"build_version":"2020-12-22","purchased_purges":6,"victory":true,"max_hp_per_floor":[60,60,57,57,62,62,62,62,62,62,61,61,60,60,60,57,39,41,41,43,45,45,45,47,47,57,57,59,59,59,61,61,60,30,32,34,34,40,40,40,40,40,40,40,40,40,40,40,40,45,43,43,43,43,43,43,43,43,43,40,40,40,40,54,54,54,54,54,61,61,61],"card_choices":[{"not_picked":[],"picked":"BloodyBrimstone","floor":0.0},{"not_picked":["Dodge and Roll","Riddle With Holes","Flying Knee"],"picked":"SKIP","floor":1.0},{"not_picked":["Backflip","Bomb"],"picked":"Corpse Explosion","floor":2.0},{"not_picked":["Deflect","Flying Knee"],"picked":"Noxious Fumes+1","floor":3.0},{"not_picked":["Deadly Poison","Bane"],"picked":"Night Terror","floor":5.0},{"not_picked":["Backstab","All Out Attack"],"picked":"Acrobatics","floor":6.0},{"not_picked":["Bane","Blade Dance"],"picked":"Prepared","floor":8.0},{"not_picked":["Endless Agony","Slice","Outmaneuver"],"picked":"Singing Bowl","floor":11.0},{"not_picked":["Prepared","Finisher","Poisoned Stab"],"picked":"Singing Bowl","floor":13.0},{"not_picked":["Phantasmal Killer","A Thousand Cuts+1"],"picked":"Bullet Time","floor":16.0},{"not_picked":["Deflect","Leg Sweep","Slice"],"picked":"Singing Bowl","floor":18.0},{"not_picked":["Cloak And Dagger","Tactician","Acrobatics"],"picked":"Singing Bowl","floor":20.0},{"not_picked":["Reflex","Eviscerate","Finisher"],"picked":"Singing Bowl","floor":21.0},{"not_picked":["Skewer","Dagger Spray","Dash"],"picked":"Singing Bowl","floor":24.0},{"not_picked":["Sucker Punch","Dodge and Roll"],"picked":"Blur","floor":25.0},{"not_picked":["Infinite Blades+1","Poisoned Stab","PiercingWail"],"picked":"Singing Bowl","floor":28.0},{"not_picked":["Slice","Endless Agony","Masterful Stab+1"],"picked":"Singing Bowl","floor":31.0},{"not_picked":["Corpse Explosion","A Thousand Cuts+1","Envenom+1"],"picked":"Singing Bowl","floor":33.0},{"not_picked":["Footwork+1","PiercingWail","Prepared"],"picked":"Singing Bowl","floor":35.0},{"not_picked":["Deadly Poison+1","Accuracy+1","Choke"],"picked":"Singing Bowl","floor":36.0},{"not_picked":["PiercingWail+1","Blade Dance+1"],"picked":"Deadly Poison+1","floor":37.0},{"not_picked":["Predator","Acrobatics+1","Blade Dance+1"],"picked":"SKIP","floor":38},{"not_picked":["Acrobatics+1","Backstab"],"picked":"Expertise+1","floor":41},{"not_picked":["Dagger Throw","Accuracy","Expertise+1"],"picked":"SKIP","floor":42},{"not_picked":["Bane","Blade Dance+1","Slice"],"picked":"SKIP","floor":44},{"not_picked":["Blur+1","Sucker Punch","Escape Plan+1"],"picked":"SKIP","floor":46},{"not_picked":["Blur+1","Sucker Punch"],"picked":"Escape Plan+1","floor":46},{"not_picked":["Storm of Steel+1","Finisher"],"picked":"Calculated Gamble+1","floor":47},{"not_picked":["Slice+1","Dagger Throw","Cloak And Dagger+1"],"picked":"SKIP","floor":48},{"not_picked":["Finisher","PiercingWail","Deflect+1","Acrobatics"],"picked":"SKIP","floor":35},{"not_picked":["Finisher","PiercingWail","Deflect+1","Acrobatics"],"picked":"SKIP","floor":35},{"not_picked":["Cloak And Dagger","Footwork+1","Dash","Flying Knee"],"picked":"SKIP","floor":38},{"not_picked":["Prepared","Caltrops","Tactician+1","PiercingWail+1"],"picked":"SKIP","floor":41},{"not_picked":["Quick Slash","Blade Dance","Bane","Calculated Gamble+1"],"picked":"SKIP","floor":42},{"not_picked":["Quick Slash","Choke","PiercingWail"],"picked":"Leg Sweep+1","floor":46},{"not_picked":["Terror","Glass Knife","Dodge and Roll","Calculated Gamble"],"picked":"SKIP","floor":47},{"not_picked":["Footwork+1","Eviscerate","Endless Agony","Caltrops"],"picked":"SKIP","floor":48},{"not_picked":["Deadly Poison+1","Distraction","Tools of the Trade"],"picked":"SKIP","floor":55}],"player_experience":1860069,"relics_obtained":[{"floor":3.0,"key":"Frozen Egg 2"},{"floor":3.0,"key":"War Paint"},{"floor":6.0,"key":"Dream Catcher"},{"floor":8.0,"key":"Pen Nib"},{"floor":9.0,"key":"Singing Bowl"},{"floor":22.0,"key":"Enchiridion"},{"floor":24.0,"key":"InkBottle"},{"floor":26.0,"key":"Pear"},{"floor":28.0,"key":"Omamori"},{"floor":34.0,"key":"Art of War"},{"floor":34.0,"key":"DeadEye"},{"floor":34.0,"key":"D4"},{"floor":41,"key":"Anchor"},{"floor":41,"key":"Paper Crane"},{"floor":43,"key":"Tough Bandages"},{"floor":47,"key":"CeramicFish"},{"floor":47,"key":"Juzu Bracelet"},{"floor":41,"key":"Whetstone"},{"floor":55,"key":"Ninja Scroll"}],"event_choices":[{"damage_healed":0.0,"max_hp_gain":0.0,"max_hp_loss":0.0,"gold_gain":0.0,"event_name":"HidenRoomEvent","player_choice":"Fight","floor":3.0,"gold_loss":0.0,"damage_taken":0.0},{"damage_healed":0.0,"max_hp_gain":0.0,"max_hp_loss":0.0,"gold_gain":0.0,"event_name":"Upgrade Shrine","player_choice":"Upgraded","floor":4.0,"gold_loss":0.0,"damage_taken":0.0,"cards_upgraded":["Corpse Explosion"]},{"damage_healed":0.0,"max_hp_gain":0.0,"max_hp_loss":0.0,"gold_gain":0.0,"event_name":"Liars Game","player_choice":"Ignored","floor":10.0,"gold_loss":0.0,"damage_taken":0.0},{"damage_healed":0.0,"max_hp_gain":0.0,"max_hp_loss":0.0,"gold_gain":30.0,"event_name":"Dead Adventurer","player_choice":"Searched \u00272\u0027 times","floor":13.0,"gold_loss":0.0,"damage_taken":0.0},{"damage_healed":0.0,"max_hp_gain":0.0,"max_hp_loss":0.0,"gold_gain":0.0,"event_name":"Scrap Ooze","player_choice":"Fled","floor":14.0,"gold_loss":0.0,"damage_taken":0.0},{"damage_healed":0.0,"max_hp_gain":0.0,"max_hp_loss":0.0,"gold_gain":0.0,"event_name":"Cursed Tome","player_choice":"Obtained Book","floor":22.0,"gold_loss":0.0,"damage_taken":21.0},{"damage_healed":0.0,"max_hp_gain":0.0,"max_hp_loss":0.0,"gold_gain":0.0,"event_name":"Ghosts","player_choice":"Ignored","floor":30.0,"gold_loss":0.0,"damage_taken":0.0},{"damage_healed":0,"gold_gain":0,"player_choice":"Paid","damage_taken":0,"relics_obtained":["Red Mask"],"max_hp_gain":0,"max_hp_loss":0,"event_name":"Tomb of Lord Red Mask","floor":39,"gold_loss":19},{"damage_healed":0,"gold_gain":0,"player_choice":"Max HP","damage_taken":0,"max_hp_gain":0,"max_hp_loss":2,"event_name":"Winding Halls","floor":36,"gold_loss":0},{"damage_healed":0,"gold_gain":0,"player_choice":"Gave Potion","damage_taken":0,"relics_obtained":["Toy Ornithopter"],"max_hp_gain":0,"max_hp_loss":0,"event_name":"WeMeetAgain","floor":39,"gold_loss":0}],"is_beta":false,"boss_relics":[{"not_picked":["SacredBark","Philosopher\u0027s Stone"],"picked":"Astrolabe"},{"not_picked":[]},{"not_picked":["Runic Dome","HoveringKite"],"picked":"Calling Bell"},{"not_picked":[]}],"items_purged_floors":[17,19,34,37,45,54],"is_endless":false,"potions_floor_spawned":[3,5,11,16,20,21,31,36,42,47,41,46,47,48],"ascension_level":20}}