{"host":"hfcva6mq15ctj0gu","time":1611163806,"event":{"mods":["Abigail Mod","AchievementEnabler","Act Like it!","Alarm Clock","BaseMod","Better Altar","Better Match","Better Skull","Better Third Choice","BetterRewards","CapriCore","Card Forge","Colored Map","Curses Come First","Disable Question Mark Monsters","Displayed Cursed Tome","Emptier Cage","FoggyMod","Friendly Minions","Gold Saver","Good Game Mod","Grow up Mod","Highlight Path","Kiyohime????","Kratos Character Expansion","Marisa????????","Minty Spire (QoL Compilation)","Permanent Neow","Poem Panic","Poor People Problems","Reimu??????","Remilia??????","Shade Mod","Shop Mod","StSLib","The Immortal","The Servant 0.9.4","The Vixen","Transform Curses","Virulent Crown","????"],"gold_per_floor":[1463,1118,1118,1137,1312,587,920,920,920,984,399,399,399,437,107,217,276,296,319,319,345,345,371,310,340,388,388,388,420,420,420,43,152,152,169,0,0,27,27,62,62,121,121,130,155,155,207,182,182,182,182,59,59,102,102],"floor_reached":56,"language":"ENG","playtime":2449,"items_purged":[],"score":1722,"play_id":"75edf41f-347a-4a99-b141-104ada0c1a11","local_time":"20210120183006","is_ascension_mode":false,"campfire_choices":[{"floor":13.0,"key":"RECALL"},{"floor":49,"key":"REST"}],"circlet_count":0,"master_deck":["AbbyMod:Ab_Defend+1","AbbyMod:Ab_Defend+1","AbbyMod:FleetingSanity+1","AbbyMod:SuperMuscular+1","AbbyMod:TentacleSwarm+1","AbbyMod:TentacleSwarm+1","AbbyMod:Ab_FiveStars+1","AbbyMod:AlignStars+1","KratosMod:FullCounter+1","AbbyMod:HeroCreationA+1","AbbyMod:TentacleSwarm+1","AbbyMod:HeroCreationA+1","MokouMod:RadiantBlade+1","TheVixenMod:Telepathy+1","AbbyMod:WormHole+1","Acrobatics+1","AbbyMod:Ab_FiveStars+1","AbbyMod:Ab_SwirlOfMadness+1","AbbyMod:HolidayWishes+1","AbbyMod:SuperMuscular+1","DemonKingCradle+1","Violence+1","Sadistic Nature+1","Mayhem+1","Master of Strategy+1","CharismaGuard+1","AbbyMod:Dabigail+1","Study+1"],"relics":["AbbyMod:Salem_Diary","Hammer of Thor","Seething Fire","Anvil of the Gods","REME:ComplimentaryCards","MerchantsRug","Mercury Hourglass","Question Card","PrismaticShard","Thread and Needle","Tiny Chest","Oddly Smooth Stone","CeramicFish","Incense Burner","Meat on the Bone","Bottled Flame","AbbyMod:MetalizedInsanity","Lantern","Toolbox","TentaclePot:ReiMu","Bag of Preparation","Molten Egg 2","RuthlessExorcism:ReiMu","Eternal Feather","Pen Nib","Bag of Marbles","Juzu Bracelet","The Courier","Nilry\u0027s Codex","Toxic Egg 2","Frozen Eye","AbbyMod:YogBlessing","Red Mask","InkBottle","Akabeko","Lizard Tail","Torii","CaptainsWheel","Potion Belt","Anchor","Strawberry"],"acts_visited":["Exordium","TheCity","TheBeyond","TheEnding"],"potions_floor_usage":[],"damage_taken":[{"damage":0.0,"enemies":"Jaw Worm","floor":1.0,"turns":4.0},{"damage":2.0,"enemies":"Cultist","floor":4.0,"turns":4.0},{"damage":0.0,"enemies":"Lagavulin","floor":7.0,"turns":5.0},{"damage":0.0,"enemies":"2 Louse","floor":14.0,"turns":3.0},{"damage":0.0,"enemies":"Hexaghost","floor":16.0,"turns":6.0},{"damage":0.0,"enemies":"Chosen","floor":18.0,"turns":5.0},{"damage":0.0,"enemies":"Spheric Guardian","floor":21.0,"turns":4.0},{"damage":7.0,"enemies":"Gremlin Leader","floor":23.0,"turns":6.0},{"damage":8.0,"enemies":"Book of Stabbing","floor":25.0,"turns":5.0},{"damage":78.0,"enemies":"Slavers","floor":29.0,"turns":5.0},{"damage":6.0,"enemies":"Automaton","floor":33.0,"turns":6.0},{"damage":0.0,"enemies":"3 Darklings","floor":35.0,"turns":1.0},{"damage":1,"enemies":"Giant Head","floor":40,"turns":5},{"damage":229,"enemies":"Mind Bloom Boss Battle","floor":42,"turns":5},{"damage":23,"enemies":"Reptomancer","floor":45,"turns":5},{"damage":0,"enemies":"2 Orb Walkers","floor":47,"turns":2},{"damage":23,"enemies":"Donu and Deca","floor":50,"turns":6},{"damage":0,"enemies":"Shield and Spear","floor":54,"turns":1},{"damage":77,"enemies":"The Heart","floor":55,"turns":10}],"seed_played":"-8940207535063269609","potions_obtained":[{"floor":1.0,"key":"ZuzhouPotion:ReiMu"},{"floor":4.0,"key":"Strength Potion"},{"floor":16.0,"key":"SteroidPotion"},{"floor":17.0,"key":"ColorlessPotion"},{"floor":18.0,"key":"Block Potion"},{"floor":25.0,"key":"Energy Potion"},{"floor":29.0,"key":"DuplicationPotion"},{"floor":35.0,"key":"FairyPotion"},{"floor":42,"key":"DuplicationPotion"},{"floor":45,"key":"Fire Potion"},{"floor":54,"key":"Regen Potion"}],"is_trial":false,"path_per_floor":["M","$","?","M","?","R","E","T","T","?","R","?","R","M","R","B",null,"M","T","?","M","?","E","$","E","T","T","?","E","?","?","R","B",null,"M","M","T","?","$","E","R","?","T","?","E","T","?","$","R","B",null,"R","$","E","B",null],"character_chosen":"Ab_Foreigner","items_purchased":["MerchantsRug","AbbyMod:SuperMuscular","AbbyMod:TentacleSwarm","Mercury Hourglass","Question Card","PrismaticShard","Tiny Chest","Oddly Smooth Stone","AbbyMod:TentacleSwarm","AbbyMod:Ab_FiveStars","AbbyMod:AlignStars","CeramicFish","Incense Burner","KratosMod:FullCounter","AbbyMod:MetalizedInsanity","Lantern","Toolbox","AbbyMod:HeroCreationA","AbbyMod:TentacleSwarm","TentaclePot:ReiMu","Bag of Preparation","AbbyMod:HeroCreationA","AbbyMod:Ab_FiveStars","AbbyMod:Ab_SwirlOfMadness+1","AbbyMod:HolidayWishes","AbbyMod:SuperMuscular","Toxic Egg 2","War Paint","Frozen Eye","AbbyMod:Dabigail+1","Potion Belt","Anchor"],"campfire_rested":1,"item_purchase_floors":[0,0,0,0,0,0,2,2,2,6,6,6,6,6,11,11,11,11,11,15,15,15,24,32,32,32,32,32,32,48,48,52],"current_hp_per_floor":[45,55,65,73,83,93,103,113,123,133,143,153,163,173,183,193,245,255,265,272,282,292,295,305,307,317,327,337,269,279,273,292,296,415,425,435,445,445,455,464,485,266,276,286,273,283,293,303,494,485,585,595,605,622,565],"gold":102,"neow_bonus":"","is_daily":false,"chose_seed":false,"campfire_upgraded":0,"win_rate":0.0,"timestamp":1611163806,"path_taken":["M","$","?","?","?","R","E","?","T","?","R","?","R","?","R","BOSS","M","?","?","?","?","E","$","E","T","?","?","E","?","?","R","BOSS","M","?","?","?","$","E","R","?","T","?","E","?","?","?","R","BOSS","R","$","E","BOSS"],"items_purchased_type":["Relic","Card","Card","Relic","Relic","Relic","Relic","Relic","Card","Card","Card","Relic","Relic","Card","Relic","Relic","Relic","Card","Card","Relic","Relic","Card","Card","Card","Card","Card","Relic","Relic","Relic","Card","Relic","Relic"],"build_version":"2020-12-22","purchased_purges":0,"victory":true,"max_hp_per_floor":[80,90,100,110,120,130,140,150,160,170,180,190,200,210,220,230,245,255,265,275,285,295,305,315,325,335,345,355,365,375,385,395,405,415,425,435,445,455,465,475,485,495,505,515,525,535,545,555,565,575,585,595,605,622,642],"card_choices":[{"not_picked":["Defy","TheVixenMod:WillOWisp","Scrape"],"picked":"TheVixenMod:FlameBurst","floor":1.0},{"not_picked":["TheVixenMod:Flamethrower","AbbyMod:FamiliarShield","Capacitor","Shade:Awaken"],"picked":"SKIP","floor":4.0},{"not_picked":["Shade:WallOfFlesh","Infernal Blade","Impatience","LeisurelyOfLord"],"picked":"SKIP","floor":7.0},{"not_picked":["KiyohimeMod:BlueBlackKey","MokouMod:FlareStarter","SpringWay:ReiMu","Loop"],"picked":"SKIP","floor":14.0},{"not_picked":["TheVixenMod:WonderRoom","KamiRite:ReiMu","AbbyMod:PantyShot"],"picked":"MokouMod:RadiantBlade","floor":16.0},{"not_picked":["Self Repair","Deadly Poison","MokouMod:ControlledCombustion"],"picked":"TheVixenMod:Telepathy","floor":17.0},{"not_picked":["MokouMod:TemporalFireSeal","Shade:FleshToFlesh","BloodHunter"],"picked":"AbbyMod:WormHole","floor":18.0},{"not_picked":["MagicAbsorber","BlasphemousPunishment","AirStrike:ReiMu+1"],"picked":"Acrobatics+1","floor":21.0},{"not_picked":["Mountainwind:ReiMu","LovePray:ReiMu","ChargingUp","VampirishNight"],"picked":"SKIP","floor":23.0},{"not_picked":["HakureiPhantom:ReiMu","ShootingEcho+1","FastForward","Meditate"],"picked":"SKIP","floor":25.0},{"not_picked":["Revelation:ReiMu","Flex+1","Sever Soul+1","Manipulate"],"picked":"SKIP","floor":29.0},{"not_picked":["Chrysalis+1","Shading:ReiMu+1","KratosMod:tartarusrage+1"],"picked":"DemonKingCradle","floor":33.0},{"not_picked":["Alleviate+1","Outmaneuver+1","Headbutt+1","EmptyFist+1"],"picked":"SKIP","floor":35.0},{"not_picked":["Thinking Ahead+1","Mayhem","The Bomb+1"],"picked":"Violence+1","floor":38},{"not_picked":["Mind Blast+1","Blind+1","Secret Technique+1"],"picked":"Sadistic Nature","floor":38},{"not_picked":["Discovery+1","Finesse+1","Swift Strike+1"],"picked":"Mayhem","floor":38},{"not_picked":["Iron Wave+1","Defragment","Ball Lightning+1"],"picked":"Master of Strategy+1","floor":40},{"not_picked":["Good Instincts+1","EarthLightRay+1","PayForSelf:ReiMu+1"],"picked":"CharismaGuard+1","floor":42},{"not_picked":["Shade:Trample+1","Coolheaded+1","KiyohimeMod:AndSoTheShipConquers+1","EnergyFlow"],"picked":"SKIP","floor":45},{"not_picked":["Tactician+1","ForgedInTime+1","Wild Strike+1"],"picked":"Study+1","floor":54}],"player_experience":126889,"relics_obtained":[{"floor":7.0,"key":"Old Coin"},{"floor":8.0,"key":"Meat on the Bone"},{"floor":9.0,"key":"Bottled Flame"},{"floor":23.0,"key":"Matryoshka"},{"floor":25.0,"key":"Molten Egg 2"},{"floor":26.0,"key":"RuthlessExorcism:ReiMu"},{"floor":26.0,"key":"Eternal Feather"},{"floor":27.0,"key":"Pen Nib"},{"floor":27.0,"key":"Bag of Marbles"},{"floor":29.0,"key":"Juzu Bracelet"},{"floor":37,"key":"InkBottle"},{"floor":40,"key":"Akabeko"},{"floor":42,"key":"Lizard Tail"},{"floor":43,"key":"ScarletDevilRocket"},{"floor":45,"key":"Torii"},{"floor":46,"key":"Dream Catcher"},{"floor":47,"key":"CaptainsWheel"},{"floor":54,"key":"Strawberry"}],"event_choices":[{"damage_healed":0.0,"max_hp_gain":0.0,"max_hp_loss":0.0,"gold_gain":175.0,"event_name":"betterThird:BetterSerpent","player_choice":"AGREE","floor":5.0,"gold_loss":0.0,"damage_taken":1137.0},{"damage_healed":0.0,"max_hp_gain":0.0,"max_hp_loss":0.0,"gold_gain":64.0,"event_name":"Golden Wing","player_choice":"Gained Gold","floor":10.0,"gold_loss":0.0,"damage_taken":0.0},{"damage_healed":143.0,"max_hp_gain":0.0,"max_hp_loss":180.0,"gold_gain":0.0,"event_name":"betterThird:BetterShining","player_choice":"Leave","floor":12.0,"gold_loss":0.0,"damage_taken":0.0},{"damage_healed":0.0,"max_hp_gain":0.0,"max_hp_loss":0.0,"gold_gain":0.0,"event_name":"Designer","player_choice":"Punched","floor":20.0,"gold_loss":0.0,"damage_taken":3.0},{"damage_healed":0.0,"max_hp_gain":0.0,"max_hp_loss":0.0,"gold_gain":0.0,"event_name":"Lab","player_choice":"Got Potions","floor":22.0,"gold_loss":0.0,"damage_taken":0.0},{"damage_healed":0.0,"max_hp_gain":0.0,"max_hp_loss":0.0,"gold_gain":0.0,"event_name":"Purifier","player_choice":"Ignored","floor":28.0,"gold_loss":0.0,"damage_taken":0.0},{"damage_healed":0.0,"max_hp_gain":0.0,"max_hp_loss":0.0,"gold_gain":0.0,"event_name":"The Mausoleum","player_choice":"Opened","floor":30.0,"gold_loss":0.0,"damage_taken":0.0,"relics_obtained":["The Courier"]},{"damage_healed":0.0,"max_hp_gain":0.0,"max_hp_loss":0.0,"gold_gain":0.0,"event_name":"Cursed Tome","player_choice":"Obtained Book","floor":31.0,"gold_loss":0.0,"damage_taken":16.0},{"damage_healed":0,"gold_gain":0,"player_choice":"Paid","damage_taken":0,"relics_obtained":["Red Mask"],"max_hp_gain":0,"max_hp_loss":0,"event_name":"Tomb of Lord Red Mask","floor":36,"gold_loss":169},{"damage_healed":0,"gold_gain":0,"player_choice":"Memory 3","damage_taken":10,"max_hp_gain":0,"max_hp_loss":0,"event_name":"SensoryStone","floor":38,"gold_loss":0},{"damage_healed":0,"gold_gain":0,"player_choice":"Fight","damage_taken":0,"max_hp_gain":0,"max_hp_loss":0,"event_name":"MindBloom","floor":42,"gold_loss":0},{"damage_healed":0,"gold_gain":0,"player_choice":"Cursed","damage_taken":0,"max_hp_gain":0,"max_hp_loss":0,"event_name":"Wheel of Change","floor":44,"gold_loss":0,"cards_obtained":["Decay"]},{"damage_healed":0,"gold_gain":0,"player_choice":"Fight","damage_taken":0,"max_hp_gain":0,"max_hp_loss":0,"event_name":"Mysterious Sphere","floor":47,"gold_loss":0}],"is_beta":false,"boss_relics":[{"not_picked":["Runic Pyramid","Cursed Key"],"picked":"Tiny House"},{"not_picked":["Busted Crown","Empty Cage"],"picked":"AbbyMod:YogBlessing"}],"items_purged_floors":[],"is_endless":false,"potions_floor_spawned":[1,4,16,18,25,29,35,42,45,54],"ascension_level":0}}