{"host":"vpaavrwbmey593fx","time":1611113078,"event":{"mods":["AchievementEnabler","BaseMod","Bestiary","Colored Map","Colored Powertips","DeckTracker","Minty Spire (QoL Compilation)","Relic Sorter"],"gold_per_floor":[169,183,196,207,282,292,317,327,327,327,327,327,355,374,374,474,474,488,488,157,72,56,56,88,42,42,75,87,97,117,136,136,239,239,249,264,279,212,232,264,264,293,293,293,310,341,341,381,381,381,381,381,20,53,53,53],"floor_reached":55,"language":"ENG","playtime":6715,"items_purged":["Strike_G","Poisoned Stab"],"score":1069,"play_id":"682ee60e-feee-4f33-a216-1066523e3215","local_time":"20210119192438","is_ascension_mode":true,"campfire_choices":[{"data":"Neutralize","floor":10.0,"key":"SMITH"},{"floor":12.0,"key":"REST"},{"data":"Dodge and Roll","floor":15.0,"key":"SMITH"},{"data":"Footwork","floor":23.0,"key":"SMITH"},{"floor":32.0,"key":"REST"},{"data":"Echo Form","floor":41.0,"key":"SMITH"},{"floor":44.0,"key":"RECALL"},{"data":"Terror","floor":47,"key":"SMITH"},{"data":"Phantasmal Killer","floor":49,"key":"SMITH"},{"data":"Calculated Gamble","floor":52,"key":"SMITH"}],"circlet_count":0,"master_deck":["Survivor","Neutralize+1","Quick Slash","Calculated Gamble+1","Blade Dance","Blur","Dodge and Roll+1","PiercingWail","Wraith Form v2","Footwork+1","Necronomicurse","Noxious Fumes","Predator","BowlingBash+1","Dodge and Roll","Prepared+1","All Out Attack+1","Backflip","Reaper+1","All Out Attack+1","Eviscerate+1","Phantasmal Killer+1","Blade Dance","Corpse Explosion","Footwork","Crippling Poison","Dash+1","Accuracy","Headbutt+1","Terror+1","Echo Form+1","Cloak And Dagger+1"],"relics":["Tiny House","Matryoshka","Pen Nib","Letter Opener","Smiling Mask","Thread and Needle","Paper Crane","Tough Bandages","Sozu","Necronomicon","PrismaticShard","Molten Egg 2","FossilizedHelix","Pandora\u0027s Box","CeramicFish","Regal Pillow","Bottled Lightning","Strange Spoon","Bronze Scales","Unceasing Top"],"acts_visited":["Exordium","TheCity","TheBeyond","TheEnding"],"potions_floor_usage":[],"damage_taken":[{"damage":0.0,"enemies":"2 Louse","floor":1.0,"turns":4.0},{"damage":1.0,"enemies":"Jaw Worm","floor":2.0,"turns":4.0},{"damage":1.0,"enemies":"Small Slimes","floor":3.0,"turns":3.0},{"damage":19.0,"enemies":"Exordium Thugs","floor":4.0,"turns":4.0},{"damage":0.0,"enemies":"2 Fungi Beasts","floor":6.0,"turns":4.0},{"damage":30.0,"enemies":"Lagavulin","floor":7.0,"turns":6.0},{"damage":0.0,"enemies":"Looter","floor":8.0,"turns":4.0},{"damage":0.0,"enemies":"Gremlin Nob","floor":13.0,"turns":5.0},{"damage":0.0,"enemies":"Blue Slaver","floor":14.0,"turns":4.0},{"damage":25.0,"enemies":"Slime Boss","floor":16.0,"turns":16.0},{"damage":11.0,"enemies":"3 Byrds","floor":18.0,"turns":8.0},{"damage":3.0,"enemies":"2 Thieves","floor":22.0,"turns":4.0},{"damage":1.0,"enemies":"Book of Stabbing","floor":24.0,"turns":11.0},{"damage":20.0,"enemies":"Slavers","floor":27.0,"turns":7.0},{"damage":0.0,"enemies":"Snecko","floor":28.0,"turns":6.0},{"damage":0.0,"enemies":"Snake Plant","floor":29.0,"turns":5.0},{"damage":0.0,"enemies":"3 Cultists","floor":30.0,"turns":6.0},{"damage":0.0,"enemies":"Shelled Parasite and Fungi","floor":31.0,"turns":7.0},{"damage":34.0,"enemies":"Collector","floor":33.0,"turns":14.0},{"damage":0.0,"enemies":"Orb Walker","floor":35.0,"turns":4.0},{"damage":13.0,"enemies":"3 Shapes","floor":36.0,"turns":3.0},{"damage":1.0,"enemies":"Writhing Mass","floor":37.0,"turns":8.0},{"damage":0.0,"enemies":"Maw","floor":39.0,"turns":8.0},{"damage":12.0,"enemies":"Reptomancer","floor":40.0,"turns":6.0},{"damage":0.0,"enemies":"Nemesis","floor":42.0,"turns":9.0},{"damage":15.0,"enemies":"Transient","floor":45.0,"turns":5.0},{"damage":7,"enemies":"Reptomancer","floor":46,"turns":6},{"damage":0,"enemies":"Giant Head","floor":48,"turns":7},{"damage":27,"enemies":"Donu and Deca","floor":50,"turns":8},{"damage":20,"enemies":"Shield and Spear","floor":54,"turns":5},{"damage":106,"enemies":"The Heart","floor":55,"turns":5}],"seed_played":"-8798368760083953554","potions_obtained":[{"floor":0.0,"key":"DistilledChaos"},{"floor":4.0,"key":"Poison Potion"},{"floor":7.0,"key":"Block Potion"},{"floor":13.0,"key":"GamblersBrew"},{"floor":14.0,"key":"BlessingOfTheForge"},{"floor":16.0,"key":"Fruit Juice"}],"is_trial":false,"path_per_floor":["M","M","M","M","?","M","E","M","T","R","?","R","E","M","R","B",null,"M","?","$","?","M","R","E","$","T","E","M","M","M","M","R","B",null,"M","M","M","$","M","E","R","E","T","R","M","E","R","E","R","B",null,"R","$","E","B"],"character_chosen":"THE_SILENT","items_purchased":["Noxious Fumes","PrismaticShard","Predator","Dodge and Roll","Terror","Strange Spoon","Bronze Scales"],"campfire_rested":2,"item_purchase_floors":[20,20,20,25,38,53,53],"current_hp_per_floor":[75,74,73,54,43,43,13,13,13,13,13,35,35,35,35,15,80,69,53,53,53,50,50,49,49,49,29,29,29,29,29,53,19,80,80,67,77,77,77,80,80,80,80,80,80,73,73,73,73,46,80,80,80,73,0,0],"gold":53,"neow_bonus":"BOSS_RELIC","is_daily":false,"chose_seed":false,"campfire_upgraded":7,"win_rate":0.0,"timestamp":1611113078,"path_taken":["M","M","M","M","?","M","E","M","T","R","?","R","E","M","R","BOSS","M","?","$","?","M","R","E","?","T","E","M","M","M","M","R","BOSS","M","M","M","$","M","E","R","E","T","R","M","E","R","E","R","BOSS","R","$","E","BOSS"],"items_purchased_type":["Card","Relic","Card","Card","Card","Relic","Relic"],"build_version":"2020-12-22","purchased_purges":2,"victory":false,"max_hp_per_floor":[75,75,75,75,75,75,75,75,75,75,75,75,75,75,75,80,80,80,80,80,80,80,80,80,80,80,80,80,80,80,80,80,80,80,80,80,80,80,80,80,80,80,80,80,80,80,80,80,80,80,80,80,80,80,80,80],"card_choices":[{"not_picked":["Dagger Spray","Deadly Poison"],"picked":"Poisoned Stab","floor":0.0},{"not_picked":["Poisoned Stab","Accuracy","Bane"],"picked":"SKIP","floor":1.0},{"not_picked":["Outmaneuver","Masterful Stab"],"picked":"Quick Slash","floor":2.0},{"not_picked":["Deadly Poison","Cloak And Dagger"],"picked":"Calculated Gamble","floor":3.0},{"not_picked":["Choke","Endless Agony","Underhanded Strike"],"picked":"SKIP","floor":4.0},{"not_picked":["Envenom","Expertise"],"picked":"Blade Dance","floor":6.0},{"not_picked":["Dash","Sucker Punch"],"picked":"Blur","floor":7.0},{"not_picked":["Backstab","Dagger Throw"],"picked":"Dodge and Roll","floor":8.0},{"not_picked":["Bane","Envenom"],"picked":"PiercingWail","floor":13.0},{"not_picked":["Predator","Distraction","Expertise"],"picked":"SKIP","floor":14.0},{"not_picked":["Storm of Steel","Unload"],"picked":"Wraith Form v2","floor":16.0},{"not_picked":["Riddle With Holes","Distraction"],"picked":"Footwork","floor":18.0},{"not_picked":["Leap","Dark Embrace"],"picked":"BowlingBash+1","floor":22.0},{"not_picked":["CrushJoints+1","Warcry","Meteor Strike+1"],"picked":"SKIP","floor":24.0},{"not_picked":["Bane+1","Thunder Strike+1","EmptyMind"],"picked":"SKIP","floor":27.0},{"not_picked":["Crescendo+1","Riddle With Holes+1"],"picked":"Prepared+1","floor":28.0},{"not_picked":["Dark Embrace","Clash+1","Halt"],"picked":"SKIP","floor":29.0},{"not_picked":["Collect","Dagger Throw+1"],"picked":"All Out Attack+1","floor":30.0},{"not_picked":["Halt","Dagger Spray+1"],"picked":"Backflip","floor":31.0},{"not_picked":["Secret Weapon","Judgement"],"picked":"Reaper+1","floor":33.0},{"not_picked":["Steam","Beam Cell+1"],"picked":"Headbutt+1","floor":35.0},{"not_picked":["JustLucky+1","Dark Shackles+1","Pommel Strike+1"],"picked":"SKIP","floor":36.0},{"not_picked":["Beam Cell+1","Armaments+1","Entrench+1"],"picked":"SKIP","floor":37.0},{"not_picked":["Slice+1","PathToVictory","Heavy Blade+1"],"picked":"SKIP","floor":39.0},{"not_picked":["Eviscerate+1","Forethought+1"],"picked":"Echo Form","floor":40.0},{"not_picked":["EmptyBody","Doom and Gloom+1","Jack Of All Trades+1"],"picked":"SKIP","floor":42.0},{"not_picked":["Burning Pact+1","Storm+1","CrushJoints+1"],"picked":"SKIP","floor":45.0},{"not_picked":["Doom and Gloom+1","EmptyBody+1","Steam Power+1"],"picked":"SKIP","floor":46},{"not_picked":["PiercingWail","Thinking Ahead"],"picked":"Cloak And Dagger+1","floor":48},{"not_picked":["Twin Strike+1","Sadistic Nature","Choke+1"],"picked":"SKIP","floor":54}],"player_experience":219448,"relics_obtained":[{"floor":7.0,"key":"Thread and Needle"},{"floor":9.0,"key":"Paper Crane"},{"floor":13.0,"key":"Tough Bandages"},{"floor":19.0,"key":"Necronomicon"},{"floor":24.0,"key":"Smiling Mask"},{"floor":26.0,"key":"Letter Opener"},{"floor":27.0,"key":"FossilizedHelix"},{"floor":40.0,"key":"Matryoshka"},{"floor":42.0,"key":"CeramicFish"},{"floor":43.0,"key":"Regal Pillow"},{"floor":46,"key":"Bottled Lightning"},{"floor":48,"key":"Pen Nib"},{"floor":54,"key":"Unceasing Top"}],"event_choices":[{"damage_healed":0.0,"max_hp_gain":0.0,"max_hp_loss":0.0,"gold_gain":75.0,"event_name":"World of Goop","player_choice":"Gather Gold","floor":5.0,"gold_loss":0.0,"damage_taken":11.0},{"damage_healed":0.0,"max_hp_gain":0.0,"max_hp_loss":0.0,"gold_gain":0.0,"event_name":"Golden Idol","player_choice":"Ignored","floor":11.0,"gold_loss":0.0,"damage_taken":0.0},{"damage_healed":0.0,"max_hp_gain":0.0,"max_hp_loss":0.0,"gold_gain":0.0,"event_name":"Cursed Tome","player_choice":"Obtained Book","floor":19.0,"gold_loss":0.0,"damage_taken":16.0},{"damage_healed":0.0,"max_hp_gain":0.0,"max_hp_loss":0.0,"gold_gain":0.0,"event_name":"Addict","player_choice":"Obtained Relic","floor":21.0,"gold_loss":85.0,"damage_taken":0.0,"relics_obtained":["Molten Egg 2"]}],"is_beta":false,"boss_relics":[{"not_picked":["HoveringKite","Runic Pyramid"],"picked":"Sozu"},{"not_picked":["Black Star","Fusion Hammer"],"picked":"Pandora\u0027s Box"}],"items_purged_floors":[20,53],"is_endless":false,"potions_floor_spawned":[4,7,13,14,16,18,22,29,30,36,37,39,45,48],"killed_by":"The Heart","ascension_level":4}}