{"host":"yuhy0i501zzmn1iz","time":1611102968,"event":{"mods":["AchievementEnabler","AlwaysNeverKeys","BaseMod","Bestiary","Better Match","Better Third Choice","Curses Come First","Downfall","Minty Spire (QoL Compilation)","StSLib","slay the spire mod where everything is the same but ironclad has a cowboy hat"],"gold_per_floor":[114,133,151,162,174,201,201,234,287,287,306,306,323,341,341,439,439,455,465,19,35,35,35,55,55,355,455,473,498,517,543,543,543,543],"floor_reached":33,"language":"ENG","playtime":1803,"items_purged":["Strike_G"],"score":441,"play_id":"75d30b9c-8dfa-4e6d-82d2-f774ce0f20b5","local_time":"20210119193608","is_ascension_mode":true,"campfire_choices":[{"floor":7.0,"key":"REST"},{"floor":12,"key":"REST"},{"floor":15,"key":"REST"},{"data":"Strike_G","floor":23,"key":"PURGE"},{"floor":25,"key":"REST"},{"data":"Strike_G","floor":32,"key":"PURGE"}],"circlet_count":0,"master_deck":["Strike_G","Defend_G","Defend_G","Defend_G+1","Defend_G","Defend_G+1","Survivor","Neutralize","Dagger Throw","Footwork","Dagger Throw","Bouncing Flask","Backflip","Bane","Bouncing Flask","Dash","Burst","Crippling Poison","Expertise","Eviscerate+1","Acrobatics+1","Sucker Punch+1","Noxious Fumes","Quick Slash+1","Noxious Fumes"],"relics":["Snecko Eye","Oddly Smooth Stone","Potion Belt","War Paint","Sozu","Peace Pipe","Old Coin","Eternal Feather","Bronze Scales"],"acts_visited":["Exordium","TheCity"],"potions_floor_usage":[8],"damage_taken":[{"damage":0.0,"enemies":"Cultist","floor":1.0,"turns":4.0},{"damage":9.0,"enemies":"Small Slimes","floor":2.0,"turns":4.0},{"damage":1.0,"enemies":"2 Louse","floor":3.0,"turns":2.0},{"damage":13.0,"enemies":"2 Fungi Beasts","floor":4.0,"turns":4.0},{"damage":8.0,"enemies":"Gremlin Gang","floor":5.0,"turns":7.0},{"damage":32.0,"enemies":"Gremlin Nob","floor":6.0,"turns":5.0},{"damage":20,"enemies":"3 Sentries","floor":8,"turns":8},{"damage":6,"enemies":"Large Slime","floor":11,"turns":5},{"damage":5,"enemies":"Blue Slaver","floor":13,"turns":3},{"damage":11,"enemies":"3 Louse","floor":14,"turns":2},{"damage":11,"enemies":"Hexaghost","floor":16,"turns":7},{"damage":0,"enemies":"Spheric Guardian","floor":18,"turns":3},{"damage":4,"enemies":"Shell Parasite","floor":19,"turns":3},{"damage":4,"enemies":"Snecko","floor":21,"turns":4},{"damage":9,"enemies":"Chosen and Byrds","floor":24,"turns":4},{"damage":9,"enemies":"Snake Plant","floor":28,"turns":3},{"damage":0,"enemies":"Gremlin Leader","floor":29,"turns":6},{"damage":2,"enemies":"Centurion and Healer","floor":30,"turns":4},{"damage":0,"enemies":"Slavers","floor":31,"turns":3},{"damage":83,"enemies":"Champ","floor":33,"turns":10}],"seed_played":"-6429842181291275102","potions_obtained":[{"floor":1.0,"key":"CunningPotion"},{"floor":2.0,"key":"Poison Potion"},{"floor":3.0,"key":"SpeedPotion"},{"floor":8,"key":"bronze:BurnAndBuffPotion"}],"is_trial":false,"path_per_floor":["M","M","M","M","M","E","R","E","T","?","M","R","M","M","R","B",null,"M","M","$","M","?","R","M","R","T","?","M","E","M","E","R","B"],"character_chosen":"THE_SILENT","items_purchased":["Peace Pipe","Expertise"],"campfire_rested":4,"item_purchase_floors":[20,20],"current_hp_per_floor":[70,61,60,47,39,7,28,8,8,8,2,23,18,7,28,17,57,57,53,53,49,49,49,40,61,61,61,52,52,50,50,65,0,0],"gold":543,"neow_bonus":"BOSS_RELIC","is_daily":false,"chose_seed":false,"campfire_upgraded":0,"win_rate":0.0,"timestamp":1611102968,"path_taken":["M","?","M","M","M","E","R","E","T","?","M","R","?","M","R","BOSS","M","M","$","M","?","R","M","R","T","?","?","E","M","E","R","BOSS"],"items_purchased_type":["Relic","Card"],"build_version":"2020-12-22","purchased_purges":1,"victory":false,"max_hp_per_floor":[70,70,70,70,70,70,70,70,70,70,70,70,70,70,70,70,70,70,70,70,70,70,70,70,70,70,70,70,70,70,70,70,70,70],"card_choices":[{"not_picked":["Deflect","Slice"],"picked":"Dagger Throw","floor":1.0},{"not_picked":["Flying Knee","Outmaneuver"],"picked":"Footwork","floor":2.0},{"not_picked":["Dodge and Roll","PiercingWail"],"picked":"Dagger Throw","floor":3.0},{"not_picked":["Outmaneuver","Concentrate","Deflect"],"picked":"SKIP","floor":4.0},{"not_picked":["Well Laid Plans","Prepared","Bane"],"picked":"SKIP","floor":5.0},{"not_picked":["Setup","Blur"],"picked":"Bouncing Flask","floor":6.0},{"not_picked":["Dagger Throw","Prepared"],"picked":"Backflip","floor":8},{"not_picked":["Concentrate","Expertise"],"picked":"Bane","floor":11},{"not_picked":["Backstab","Deadly Poison"],"picked":"Bouncing Flask","floor":13},{"not_picked":["Phantasmal Killer","Backflip"],"picked":"Dash","floor":14},{"not_picked":["Venomology","Unload"],"picked":"Burst","floor":16},{"not_picked":["Underhanded Strike+1","Quick Slash","Bane+1"],"picked":"SKIP","floor":18},{"not_picked":["Dagger Spray","Deflect"],"picked":"Crippling Poison","floor":19},{"not_picked":["Concentrate","Dagger Spray"],"picked":"Eviscerate+1","floor":21},{"not_picked":["Backstab","Dodge and Roll+1"],"picked":"Acrobatics+1","floor":24},{"not_picked":["Adrenaline","Expertise"],"picked":"Sucker Punch+1","floor":28},{"not_picked":["Acrobatics","Setup"],"picked":"Noxious Fumes","floor":29},{"not_picked":["Dagger Spray","Bane"],"picked":"Quick Slash+1","floor":30},{"not_picked":["Tactician","Acrobatics"],"picked":"Noxious Fumes","floor":31}],"player_experience":308120,"relics_obtained":[{"floor":6.0,"key":"Oddly Smooth Stone"},{"floor":8,"key":"Potion Belt"},{"floor":9,"key":"War Paint"},{"floor":26,"key":"Old Coin"},{"floor":29,"key":"Eternal Feather"},{"floor":31,"key":"Bronze Scales"}],"event_choices":[{"cards_removed":["Strike_G"],"damage_healed":0,"gold_gain":0,"player_choice":"Purged","damage_taken":0,"max_hp_gain":0,"max_hp_loss":0,"event_name":"Purifier","floor":10,"gold_loss":0},{"damage_healed":0,"gold_gain":100,"player_choice":"Pray","damage_taken":0,"max_hp_gain":0,"max_hp_loss":0,"event_name":"Golden Shrine","floor":27,"gold_loss":0}],"is_beta":false,"boss_relics":[{"not_picked":["Black Star","bronze:MakeshiftBattery"],"picked":"Sozu"}],"items_purged_floors":[20],"is_endless":false,"potions_floor_spawned":[1,2,3,8,28,29,30,31],"killed_by":"Champ","ascension_level":5}}