{"host":"ojezjkpqju62j8xy","time":1611147278,"event":{"mods":["ATMod(°¢èªMod)","Act Like it!","Aspiration","BaseMod","Conspire","Hermit","Minty Spire (QoL Compilation)","Pale of the Ancients","Replay The Spire","Spicy Shops","StSLib","¡¾ÒÅÎï¿¨ÅÆ¡¿REMEMod","²ÐÁôÖ®Îï"],"gold_per_floor":[118,137,137,151,240,240,274,288,311,311,345,358,633,648,648,752,752,772,167,179,194,394,394,426,426,426,436,469,469,469],"floor_reached":29,"language":"ZHS","playtime":1347,"items_purged":["ReplayTheSpireMod:Splinters","Regret"],"score":451,"play_id":"cee2523d-cb47-41a0-a489-998fdfb2f19d","local_time":"20210120205438","is_ascension_mode":true,"campfire_choices":[{"floor":6,"key":"RECALL"},{"floor":10,"key":"REST"},{"data":"Offering","floor":15,"key":"SMITH"},{"floor":23,"key":"REST"},{"floor":25,"key":"REST"}],"circlet_count":0,"master_deck":["AscendersBane","Strike_B","Strike_B","Strike_B","Strike_B","Defend_B","Defend_B","Defend_B","Zap","Dualcast","AT_MachinaRedman","Offering+1","Cold Snap","Turbo","Ball Lightning","Biased Cognition","Steam","Self Repair","Coolheaded","Ball Lightning","Storm","Beam Cell","Rainbow","ReplayTheSpireMod:Omega Cannon","CommonCold","Sickly","ReplayTheSpireMod:Faulty Equipment","Compile Driver+1","REME_FirmDetermination","Doom and Gloom","Aggregate","Leap","Buffer","Redo+1","White Noise+1","AT_WaterDrop"],"relics":["Cracked Core","AT_ATBox","REME_ComplimentaryCards","Ornamental Fan","Matryoshka","Replay:Ancient Bell","AT_SpeedBoots","Symbiotic Virus","Counterbalance","ReplayTheSpireMod:Lightbulb","PreservedInsect","Akabeko","Replay:Antivirus Software","Turnip"],"acts_visited":["Exordium","TheCity"],"potions_floor_usage":[11,21,28,29],"damage_taken":[{"damage":0,"enemies":"Jaw Worm","floor":1,"turns":1},{"damage":6,"enemies":"Cultist","floor":2,"turns":2},{"damage":6,"enemies":"2 Louse","floor":4,"turns":1},{"damage":27,"enemies":"3 Sentries","floor":7,"turns":4},{"damage":7,"enemies":"2 Fungi Beasts","floor":8,"turns":2},{"damage":15,"enemies":"Lagavulin","floor":11,"turns":6},{"damage":8,"enemies":"Red Slaver","floor":12,"turns":2},{"damage":14,"enemies":"Exordium Wildlife","floor":14,"turns":3},{"damage":43,"enemies":"The Guardian","floor":16,"turns":8},{"damage":12,"enemies":"Shell Parasite","floor":18,"turns":3},{"damage":0,"enemies":"conspire:FuzzyDice","floor":20,"turns":2},{"damage":10,"enemies":"Snake Plant","floor":21,"turns":3},{"damage":69,"enemies":"REME_1_Revenger","floor":24,"turns":5},{"damage":23,"enemies":"Centurion and Healer","floor":27,"turns":4},{"damage":18,"enemies":"Book of Stabbing","floor":28,"turns":4},{"damage":3,"enemies":"Snecko","floor":29,"turns":2}],"seed_played":"-7336422370526819765","potions_obtained":[{"floor":2,"key":"PlaceholderMod:PlaceholderPotion"},{"floor":4,"key":"SteroidPotion"},{"floor":8,"key":"Regen Potion"},{"floor":12,"key":"PotionOfCapacity"},{"floor":18,"key":"DuplicationPotion"},{"floor":24,"key":"BlessingOfTheForge"}],"is_trial":false,"path_per_floor":["M","M","?","M","?","R","E","M","T","R","E","M","?","M","R","B",null,"M","$","M","M","?","R","E","R","T","M","E","M"],"character_chosen":"DEFECT","items_purchased":["REME_FirmDetermination","Doom and Gloom","Aggregate","ReplayTheSpireMod:Lightbulb"],"campfire_rested":3,"item_purchase_floors":[19,19,19,19],"current_hp_per_floor":[75,69,69,63,63,63,36,36,36,60,67,59,59,52,52,16,66,54,54,54,51,51,75,13,37,37,21,3,0,0],"gold":469,"neow_bonus":"TEN_PERCENT_HP_BONUS","is_daily":false,"chose_seed":false,"campfire_upgraded":1,"win_rate":0.0,"timestamp":1611147278,"path_taken":["M","M","?","?","?","R","E","M","T","R","E","M","?","?","R","BOSS","M","$","M","M","?","R","E","R","T","M","E","?"],"items_purchased_type":["Card","Card","Card","Relic"],"build_version":"2020-12-22","purchased_purges":2,"victory":false,"max_hp_per_floor":[82,82,82,82,82,82,82,82,82,82,82,82,82,82,82,82,82,82,82,82,82,82,82,82,82,82,82,82,82,82],"card_choices":[{"not_picked":["Barrage","Gash"],"picked":"Cold Snap","floor":1},{"not_picked":["Go for the Eyes","Barrage"],"picked":"Turbo","floor":2},{"not_picked":["Hologram","BasicCrystalCard"],"picked":"Ball Lightning","floor":4},{"not_picked":["Double Energy","Hologram"],"picked":"Biased Cognition","floor":5},{"not_picked":["REME_SelfUpgrade","Streamline"],"picked":"Steam","floor":5},{"not_picked":["ReplayGash","Hello World"],"picked":"Self Repair","floor":5},{"not_picked":["AT_StudyProgram","Streamline"],"picked":"Coolheaded","floor":7},{"not_picked":["Beam Cell","Leap"],"picked":"Ball Lightning","floor":8},{"not_picked":["Panic Button","AT_ThreeBodyProblem"],"picked":"Storm","floor":11},{"not_picked":["Redo","Time Bomb"],"picked":"Beam Cell","floor":12},{"not_picked":["Sweeping Beam","Barrage"],"picked":"Rainbow","floor":14},{"not_picked":["Biased Cognition","AT_RightCognition"],"picked":"ReplayTheSpireMod:Omega Cannon","floor":16},{"not_picked":["conspire:NecroticWound","Decay"],"picked":"CommonCold","floor":17},{"not_picked":["Parasite","conspire:Blindness"],"picked":"Sickly","floor":17},{"not_picked":["Voices","Replay:Hysterical Blindness"],"picked":"ReplayTheSpireMod:Faulty Equipment","floor":17},{"not_picked":["AT_HeatAcrobatics","Sweeping Beam"],"picked":"Compile Driver+1","floor":18},{"not_picked":["Stack","Reprogram"],"picked":"Leap","floor":20},{"not_picked":["Heatsinks+1","Redo"],"picked":"Buffer","floor":21},{"not_picked":["Panic Button+1","Consume"],"picked":"Redo+1","floor":24},{"not_picked":["REME_SelfUpgrade+1","Go for the Eyes"],"picked":"White Noise+1","floor":27},{"not_picked":["REME_Whirling","AT_HeatAcrobatics+1"],"picked":"AT_WaterDrop","floor":28}],"player_experience":1436533,"relics_obtained":[{"floor":7,"key":"Ornamental Fan"},{"floor":11,"key":"Matryoshka"},{"floor":24,"key":"PreservedInsect"},{"floor":26,"key":"Akabeko"},{"floor":26,"key":"Replay:Antivirus Software"},{"floor":28,"key":"Turnip"}],"event_choices":[{"cards_removed":["Defend_B"],"damage_healed":0,"gold_gain":0,"player_choice":"Purged","damage_taken":0,"max_hp_gain":0,"max_hp_loss":0,"event_name":"Purifier","floor":3,"gold_loss":0},{"damage_healed":0,"gold_gain":275,"player_choice":"Desecrate","damage_taken":0,"max_hp_gain":0,"max_hp_loss":0,"event_name":"Golden Shrine","floor":13,"gold_loss":0,"cards_obtained":["Regret"]},{"damage_healed":0,"gold_gain":200,"player_choice":"Gold","damage_taken":0,"max_hp_gain":0,"max_hp_loss":0,"event_name":"Wheel of Change","floor":22,"gold_loss":0}],"is_beta":false,"boss_relics":[{"not_picked":["Coffee Dripper","aspiration:BursterCore"],"picked":"Replay:Ancient Bell"},{"not_picked":["AT_SunfireAegis","Art of War"],"picked":"AT_SpeedBoots"},{"not_picked":["StrikeDummy","REME_ArchaeologicalTools"],"picked":"Symbiotic Virus"},{"not_picked":["FossilizedHelix","Gambling Chip"],"picked":"Counterbalance"}],"items_purged_floors":[19,19],"is_endless":false,"potions_floor_spawned":[2,4,8,12,14,18,20,24],"killed_by":"Snecko","ascension_level":11}}