{"host":"l60rmjjsfi0fipmi","time":1611111873,"event":{"mods":["BaseMod","Colored Map","DeckTracker","Highlight Path","Minty Spire (QoL Compilation)","StSLib","The Cursed","The Servant 0.9.4"],"gold_per_floor":[115,115,128,144,144,175,175,106,153,178,196,213,230,246,246,246,246],"floor_reached":16,"language":"ENG","playtime":474,"items_purged":[],"score":143,"play_id":"fcdf6511-871c-4e2a-808b-5ccfa30eacc1","local_time":"20210119220433","is_ascension_mode":true,"campfire_choices":[{"floor":7,"key":"REST"},{"floor":15,"key":"REST"}],"circlet_count":0,"master_deck":["Strike_G","Strike_G","Strike_G","Strike_G","Defend_G+1","Defend_G","Defend_G","Defend_G","Defend_G","Survivor","Neutralize","Slice","Crippling Poison+1","Slice","Noxious Fumes","Footwork","Endless Agony","Slice","Dagger Spray","Deflect","Backflip"],"relics":["Ring of the Snake","NeowsBlessing","War Paint","PreservedInsect","MealTicket"],"acts_visited":["Exordium"],"potions_floor_usage":[11,14,14,16],"damage_taken":[{"damage":0,"enemies":"Jaw Worm","floor":1,"turns":1},{"damage":0,"enemies":"Cultist","floor":3,"turns":1},{"damage":0,"enemies":"2 Louse","floor":4,"turns":1},{"damage":52,"enemies":"Gremlin Nob","floor":6,"turns":6},{"damage":8,"enemies":"Lagavulin","floor":10,"turns":5},{"damage":7,"enemies":"Exordium Thugs","floor":11,"turns":4},{"damage":3,"enemies":"Red Slaver","floor":12,"turns":4},{"damage":4,"enemies":"2 Fungi Beasts","floor":13,"turns":4},{"damage":15,"enemies":"Exordium Thugs","floor":14,"turns":3},{"damage":24,"enemies":"The Guardian","floor":16,"turns":2}],"seed_played":"-6547195163078355542","potions_obtained":[{"floor":3,"key":"SpeedPotion"},{"floor":5,"key":"Poison Potion"},{"floor":5,"key":"FearPotion"},{"floor":12,"key":"FearPotion"},{"floor":13,"key":"Block Potion"}],"is_trial":false,"path_per_floor":["M","?","M","M","?","E","R","$","T","E","M","M","M","M","R","B"],"character_chosen":"THE_SILENT","items_purchased":["Footwork"],"campfire_rested":2,"item_purchase_floors":[8],"current_hp_per_floor":[70,70,70,70,70,18,39,39,39,31,24,21,17,2,23,0,0],"gold":246,"neow_bonus":"THREE_ENEMY_KILL","is_daily":false,"chose_seed":false,"campfire_upgraded":0,"win_rate":0.0,"timestamp":1611111873,"path_taken":["M","?","M","?","?","E","R","?","T","E","M","M","?","M","R","BOSS"],"items_purchased_type":["Card"],"build_version":"2020-12-22","purchased_purges":0,"victory":false,"max_hp_per_floor":[70,70,70,70,70,70,70,70,70,70,70,70,70,70,70,70,70],"card_choices":[{"not_picked":["Sucker Punch","Deadly Poison"],"picked":"Slice","floor":1},{"not_picked":["PiercingWail","Slice"],"picked":"Crippling Poison","floor":3},{"not_picked":["Flying Knee","Predator"],"picked":"Slice","floor":4},{"not_picked":["Prepared","Accuracy"],"picked":"Noxious Fumes","floor":6},{"not_picked":["Calculated Gamble","Prepared"],"picked":"Endless Agony","floor":10},{"not_picked":["Deflect","Expertise"],"picked":"Slice","floor":11},{"not_picked":["PiercingWail","Predator"],"picked":"Dagger Spray","floor":12},{"not_picked":["Accuracy","Slice"],"picked":"Deflect","floor":13},{"not_picked":["Quick Slash","Underhanded Strike"],"picked":"Backflip","floor":14}],"player_experience":509669,"relics_obtained":[{"floor":6,"key":"War Paint"},{"floor":9,"key":"PreservedInsect"},{"floor":10,"key":"MealTicket"}],"event_choices":[{"cards_removed":["Strike_G"],"damage_healed":0,"gold_gain":0,"player_choice":"Offered Basic","damage_taken":0,"max_hp_gain":0,"max_hp_loss":0,"event_name":"Bonfire Elementals","floor":2,"gold_loss":0},{"damage_healed":0,"gold_gain":0,"player_choice":"Got Potions","damage_taken":0,"max_hp_gain":0,"max_hp_loss":0,"event_name":"Lab","floor":5,"gold_loss":0}],"is_beta":false,"boss_relics":[],"items_purged_floors":[],"is_endless":false,"potions_floor_spawned":[3,10,12,13],"killed_by":"The Guardian","ascension_level":5}}