{"host":"lip44byzewa3adv8","time":1611108270,"event":{"mods":["BaseMod","Curses Come First","Minty Spire (QoL Compilation)","Relic Sorter","Relic Stats","ShortenTheSpire","StSLib","Synergy Search"],"gold_per_floor":[117,135,146,157,44,44,75,75,75,55,80,96,96,116,116,218,218,228,241,255,6,25,50,50,85,110,124,49,49,65,65,65,160,160,173,191,211,261,21,21,55,55,103,138,138,149,149,0,0,0,0,0,0,29,29],"floor_reached":56,"language":"ENG","playtime":4124,"items_purged":["Defend_G","Defend_G"],"score":1488,"play_id":"a9fdef16-0ffe-473b-ba4f-a51500e5b25b","local_time":"20210119210430","is_ascension_mode":true,"campfire_choices":[{"data":"Neutralize","floor":6.0,"key":"SMITH"},{"data":"Accuracy","floor":8.0,"key":"SMITH"},{"data":"Footwork","floor":13.0,"key":"SMITH"},{"data":"Dodge and Roll","floor":15.0,"key":"SMITH"},{"floor":24,"key":"REST"},{"data":"Backflip","floor":29,"key":"SMITH"},{"floor":32,"key":"REST"},{"floor":40,"key":"RECALL"},{"data":"Finisher","floor":42,"key":"SMITH"},{"data":"PiercingWail","floor":49,"key":"SMITH"},{"data":"Accuracy","floor":52,"key":"SMITH"}],"circlet_count":0,"master_deck":["Strike_G+1","Strike_G+1","Defend_G","Defend_G","Survivor","Neutralize+1","Envenom+1","Infinite Blades+1","Cloak And Dagger+1","Dodge and Roll","Cloak And Dagger","PiercingWail+1","Dodge and Roll+1","Accuracy+1","Poisoned Stab","Noxious Fumes","Footwork+1","Noxious Fumes","Adrenaline","Finisher+1","Calculated Gamble+1","Blur","Accuracy+1","Deflect+1","Prepared","Backflip+1","Adrenaline","Blur+1","Backflip+1","Backflip+1","Clumsy","Malaise","Malaise","Caltrops+1"],"relics":["Astrolabe","Whetstone","Mercury Hourglass","Torii","SlaversCollar","Tough Bandages","Anchor","Art of War","Nilry\u0027s Codex","Cursed Key","The Specimen","Shuriken","Frozen Egg 2","HornCleat","Red Mask","Letter Opener"],"acts_visited":["Exordium","TheCity","TheBeyond","TheEnding"],"potions_floor_usage":[27,50,50],"damage_taken":[{"damage":0.0,"enemies":"2 Louse","floor":1.0,"turns":3.0},{"damage":0.0,"enemies":"Cultist","floor":2.0,"turns":4.0},{"damage":1.0,"enemies":"Jaw Worm","floor":3.0,"turns":5.0},{"damage":0.0,"enemies":"3 Louse","floor":4.0,"turns":5.0},{"damage":0.0,"enemies":"Lagavulin","floor":7.0,"turns":7.0},{"damage":17.0,"enemies":"Gremlin Nob","floor":11.0,"turns":4.0},{"damage":1.0,"enemies":"2 Fungi Beasts","floor":12.0,"turns":3.0},{"damage":0.0,"enemies":"Large Slime","floor":14.0,"turns":3.0},{"damage":4.0,"enemies":"Hexaghost","floor":16.0,"turns":8.0},{"damage":1.0,"enemies":"3 Byrds","floor":18.0,"turns":5.0},{"damage":2.0,"enemies":"Spheric Guardian","floor":19.0,"turns":7.0},{"damage":8.0,"enemies":"Snecko","floor":20.0,"turns":7.0},{"damage":11.0,"enemies":"Chosen and Byrds","floor":22.0,"turns":7.0},{"damage":22,"enemies":"Slavers","floor":23,"turns":5},{"damage":0,"enemies":"Book of Stabbing","floor":25,"turns":6},{"damage":2,"enemies":"3 Cultists","floor":27,"turns":5},{"damage":7,"enemies":"Snake Plant","floor":30,"turns":6},{"damage":6,"enemies":"Champ","floor":33,"turns":10},{"damage":0,"enemies":"Orb Walker","floor":35,"turns":4},{"damage":2,"enemies":"3 Shapes","floor":36,"turns":6},{"damage":1,"enemies":"Sphere and 2 Shapes","floor":37,"turns":6},{"damage":0,"enemies":"Mind Bloom Boss Battle","floor":38,"turns":4},{"damage":0,"enemies":"Nemesis","floor":41,"turns":9},{"damage":0,"enemies":"Giant Head","floor":44,"turns":8},{"damage":21,"enemies":"Transient","floor":46,"turns":5},{"damage":12,"enemies":"Time Eater","floor":50,"turns":14},{"damage":22,"enemies":"Shield and Spear","floor":54,"turns":7},{"damage":64,"enemies":"The Heart","floor":55,"turns":11}],"seed_played":"4897738199258056870","potions_obtained":[{"floor":2.0,"key":"Fruit Juice"},{"floor":3.0,"key":"Fruit Juice"},{"floor":10.0,"key":"FairyPotion"},{"floor":11.0,"key":"DuplicationPotion"},{"floor":19.0,"key":"Fruit Juice"},{"floor":22.0,"key":"SteroidPotion"},{"floor":27,"key":"GhostInAJar"},{"floor":35,"key":"PowerPotion"}],"is_trial":false,"path_per_floor":["M","M","M","M","$","R","E","R","T","?","E","M","R","M","R","B",null,"M","M","M","$","M","E","R","E","T","M","?","R","M","?","R","B",null,"M","M","M","?","$","R","E","R","T","E","?","M","?","?","R","B",null,"R","$","E","B",null],"character_chosen":"THE_SILENT","items_purchased":["Accuracy","Blur","Accuracy","Shuriken"],"campfire_rested":2,"item_purchase_floors":[5,21,21,39],"current_hp_per_floor":[70,70,69,69,69,69,69,69,69,69,57,56,56,56,56,52,75,74,72,64,64,58,36,60,60,60,63,63,63,56,40,65,59,85,85,83,82,82,82,82,82,82,82,82,82,61,61,61,61,49,81,81,81,59,24],"gold":29,"neow_bonus":"BOSS_RELIC","is_daily":false,"chose_seed":false,"campfire_upgraded":8,"win_rate":0.0,"timestamp":1611108270,"path_taken":["M","M","M","M","$","R","E","R","T","?","E","M","R","?","R","BOSS","M","M","M","$","M","E","R","E","T","M","?","R","M","?","R","BOSS","M","M","M","?","$","R","E","R","T","E","?","?","?","?","R","BOSS","R","$","E","BOSS"],"items_purchased_type":["Card","Card","Card","Relic"],"build_version":"2020-12-22","purchased_purges":2,"victory":true,"max_hp_per_floor":[70,70,70,70,70,70,70,70,70,70,75,75,75,75,75,75,75,75,75,75,75,80,80,80,80,80,85,85,85,85,85,85,85,85,85,85,85,85,85,85,85,85,85,85,85,85,81,81,81,81,81,81,81,81,81],"relic_stats":{"Tough Bandages":[339],"Torii":55,"counters":[28,173],"Shuriken":[24],"Astrolabe":["Envenom","Infinite Blades","Cloak And Dagger"],"Art of War":[22],"Whetstone":["Strike_G","Strike_G"],"Letter Opener":[60],"Cursed Key":1,"obtain_stats":[{"Torii":11,"The Specimen":38,"Nilry\u0027s Codex":31,"Astrolabe":0,"Whetstone":7,"Letter Opener":54,"Frozen Egg 2":41,"Cursed Key":34,"Mercury Hourglass":9,"SlaversCollar":17,"Tough Bandages":23,"Anchor":25,"HornCleat":44,"Shuriken":39,"Art of War":26,"Red Mask":48,"Ring of the Snake":0},{"Torii":6,"The Specimen":22,"Nilry\u0027s Codex":17,"Astrolabe":0,"Whetstone":5,"Letter Opener":27,"Frozen Egg 2":23,"Cursed Key":18,"Mercury Hourglass":5,"SlaversCollar":9,"Tough Bandages":14,"Anchor":15,"HornCleat":24,"Shuriken":22,"Art of War":15,"Red Mask":25,"Ring of the Snake":0},{"Torii":28,"The Specimen":120,"Nilry\u0027s Codex":90,"Astrolabe":0,"Whetstone":24,"Letter Opener":163,"Frozen Egg 2":129,"Cursed Key":100,"Mercury Hourglass":24,"SlaversCollar":42,"Tough Bandages":73,"Anchor":79,"HornCleat":137,"Shuriken":120,"Art of War":79,"Red Mask":142,"Ring of the Snake":0}],"Mercury Hourglass":[496]},"card_choices":[{"not_picked":["Acrobatics","Slice"],"picked":"Dodge and Roll","floor":1.0},{"not_picked":["Deadly Poison","Dagger Spray"],"picked":"Cloak And Dagger","floor":2.0},{"not_picked":["Heel Hook","Reflex"],"picked":"PiercingWail","floor":3.0},{"not_picked":["Prepared","Calculated Gamble"],"picked":"Dodge and Roll","floor":4.0},{"not_picked":["Bouncing Flask","Flying Knee"],"picked":"Poisoned Stab","floor":7.0},{"not_picked":["Acrobatics","Flying Knee"],"picked":"Noxious Fumes","floor":11.0},{"not_picked":["Cloak And Dagger","Predator"],"picked":"Footwork","floor":12.0},{"not_picked":["PiercingWail","Slice"],"picked":"Noxious Fumes","floor":14.0},{"not_picked":["Phantasmal Killer","Tools of the Trade"],"picked":"Adrenaline","floor":16.0},{"not_picked":["Setup","Dodge and Roll"],"picked":"Finisher","floor":18.0},{"not_picked":["Dagger Throw+1","Crippling Poison+1"],"picked":"Calculated Gamble+1","floor":19.0},{"not_picked":["Crippling Poison","Underhanded Strike","Deflect"],"picked":"SKIP","floor":20.0},{"not_picked":["Underhanded Strike","Acrobatics+1"],"picked":"Deflect+1","floor":22.0},{"not_picked":["Flying Knee","Outmaneuver"],"picked":"Prepared","floor":23},{"not_picked":["Bane","Tactician"],"picked":"Backflip","floor":25},{"not_picked":["Skewer","Flying Knee+1","Deflect"],"picked":"SKIP","floor":27},{"not_picked":["Underhanded Strike","Poisoned Stab+1","Dodge and Roll"],"picked":"SKIP","floor":30},{"not_picked":["Phantasmal Killer","Corpse Explosion"],"picked":"Adrenaline","floor":33},{"not_picked":["Noxious Fumes+1","Escape Plan"],"picked":"Blur+1","floor":35},{"not_picked":["Infinite Blades+1","Quick Slash"],"picked":"Backflip+1","floor":36},{"not_picked":["Leg Sweep","Poisoned Stab"],"picked":"Backflip+1","floor":37},{"not_picked":["Masterful Stab","Bane","Glass Knife"],"picked":"SKIP","floor":41},{"not_picked":["PiercingWail","Skewer"],"picked":"Malaise","floor":44},{"not_picked":["Deflect","Acrobatics","Dagger Spray"],"picked":"SKIP","floor":46},{"not_picked":["Choke+1","Slice"],"picked":"Caltrops+1","floor":54}],"player_experience":726294,"relics_obtained":[{"floor":7.0,"key":"Whetstone"},{"floor":9.0,"key":"Mercury Hourglass"},{"floor":11.0,"key":"Torii"},{"floor":23,"key":"Tough Bandages"},{"floor":25,"key":"Anchor"},{"floor":26,"key":"Art of War"},{"floor":31,"key":"Nilry\u0027s Codex"},{"floor":38,"key":"The Specimen"},{"floor":41,"key":"Frozen Egg 2"},{"floor":44,"key":"HornCleat"},{"floor":54,"key":"Letter Opener"}],"event_choices":[{"damage_healed":0.0,"max_hp_gain":0.0,"max_hp_loss":0.0,"gold_gain":0.0,"event_name":"The Woman in Blue","player_choice":"Bought 1 Potion","floor":10.0,"gold_loss":0.0,"damage_taken":0.0},{"cards_removed":["Defend_G"],"damage_healed":0,"gold_gain":0,"player_choice":"Gave Gold","damage_taken":0,"max_hp_gain":0,"max_hp_loss":0,"event_name":"Beggar","floor":28,"gold_loss":75},{"damage_healed":0,"gold_gain":0,"player_choice":"Obtained Book","damage_taken":16,"max_hp_gain":0,"max_hp_loss":0,"event_name":"Cursed Tome","floor":31,"gold_loss":0},{"damage_healed":0,"gold_gain":0,"player_choice":"Fight","damage_taken":0,"max_hp_gain":0,"max_hp_loss":0,"event_name":"MindBloom","floor":38,"gold_loss":0},{"damage_healed":0,"gold_gain":0,"player_choice":"Copied","damage_taken":0,"max_hp_gain":0,"max_hp_loss":0,"event_name":"Duplicator","floor":45,"gold_loss":0,"cards_obtained":["Malaise"]},{"damage_healed":0,"gold_gain":0,"player_choice":"Max HP","damage_taken":0,"max_hp_gain":0,"max_hp_loss":4,"event_name":"Winding Halls","floor":47,"gold_loss":0},{"damage_healed":0,"gold_gain":0,"player_choice":"Paid","damage_taken":0,"relics_obtained":["Red Mask"],"max_hp_gain":0,"max_hp_loss":0,"event_name":"Tomb of Lord Red Mask","floor":48,"gold_loss":149}],"is_beta":false,"boss_relics":[{"not_picked":["Busted Crown","Sozu"],"picked":"SlaversCollar"},{"not_picked":["Pandora\u0027s Box","Coffee Dripper"],"picked":"Cursed Key"}],"items_purged_floors":[5,21],"is_endless":false,"potions_floor_spawned":[2,3,11,14,19,22,27,33,35,41,44,46],"ascension_level":4}}