{"host":"m5bsg12zcyqnofur","time":1611184938,"event":{"mods":["AchievementEnabler","BaseMod","BetterRewards","Colored Powertips","Hermit","Highlight Path","Minty Spire (QoL Compilation)","Quick Restart","Replay The Spire","Shop Mod","StSLib","The Bug Knight"],"gold_per_floor":[111,111,104,116,132,163,4,4,4,36,36,50,50,82,82,106,106,209,209,221,240,180,38,38,104,104,175,226,2,48,125,175,9,9,181,181,213,213,245,313,343,400,400,444,490,533,533,533,25,99,155,155,155,193,193,193,260,289,289],"floor_reached":60,"language":"ENG","playtime":3383,"items_purged":["Strike_G","Strike_G","Strike_G","Strike_G","Strike_G","Defend_G","Defend_G","Defend_G","ReplayTheSpireMod:Restless Dread","Defend_G","Dagger Spray+1","ReplayTheSpireMod:Exploit Weakness+1","Eviscerate+1","Reflex"],"score":2614,"play_id":"9980e448-600e-4c20-8852-c474e1e2d01e","local_time":"20210120172218","is_ascension_mode":true,"campfire_choices":[{"data":"Pot Of Greed","floor":13.0,"key":"SMITH"},{"data":"Pot Of Greed","floor":15.0,"key":"SMITH"},{"data":"Tactician","floor":17.0,"key":"SMITH"},{"data":"Tactician","floor":26.0,"key":"SMITH"},{"data":"Prepared","floor":34.0,"key":"SMITH"},{"data":"Prepared","floor":43.0,"key":"SMITH"},{"floor":53.0,"key":"RECALL"},{"data":"ReplayTheSpireMod:Scrap Shanks","floor":56.0,"key":"SMITH"}],"circlet_count":0,"master_deck":["Prepared+1","Tactician+1","ReplayTheSpireMod:Scrap Shanks+1","ReplayTheSpireMod:Scrap Shanks","Blade Dance","Accuracy","Prepared+1","Tactician+1","Pot Of Greed+1","Pot Of Greed+1","Accuracy","A Thousand Cuts","ReplayTheSpireMod:Shiv Toss","Envenom","Accuracy+1"],"relics":["Ring of the Snake","Membership Card","Sundial","InkBottle","ReplayTheSpireMod:CursedCoin","MerchantsRug","Grinning Jar","Vampiric Spirits","Happy Flower","Omamori","Tough Bandages","WristBlade","Bag of Marbles","Mercury Hourglass","Ancient Tea Set","Pondfish Scales","Bottled Lightning","Shuriken","Medical Kit","Paper Crane"],"acts_visited":["Exordium","TheCity","TheBeyond","TheEnding"],"potions_floor_usage":[59,59,59],"damage_taken":[{"damage":0.0,"enemies":"2 Louse","floor":1.0,"turns":2.0},{"damage":0.0,"enemies":"Jaw Worm","floor":4.0,"turns":1.0},{"damage":0.0,"enemies":"Small Slimes","floor":5.0,"turns":2.0},{"damage":0.0,"enemies":"Gremlin Nob","floor":6.0,"turns":3.0},{"damage":0.0,"enemies":"Lagavulin","floor":10.0,"turns":4.0},{"damage":0.0,"enemies":"2 Fungi Beasts","floor":12.0,"turns":2.0},{"damage":3.0,"enemies":"Replay:BlueRogue","floor":14.0,"turns":2.0},{"damage":0.0,"enemies":"Slime Boss","floor":18.0,"turns":3.0},{"damage":0.0,"enemies":"Chosen","floor":20.0,"turns":1.0},{"damage":0.0,"enemies":"3 Byrds","floor":21.0,"turns":1.0},{"damage":0.0,"enemies":"Slavers","floor":25.0,"turns":1.0},{"damage":0.0,"enemies":"Book of Stabbing","floor":27.0,"turns":1.0},{"damage":0.0,"enemies":"Shelled Parasite and Fungi","floor":30.0,"turns":1.0},{"damage":0.0,"enemies":"Slavers","floor":31.0,"turns":1.0},{"damage":0.0,"enemies":"3 Cultists","floor":32.0,"turns":1.0},{"damage":0.0,"enemies":"Champ","floor":35.0,"turns":1.0},{"damage":0.0,"enemies":"3 Shapes","floor":37.0,"turns":1.0},{"damage":0.0,"enemies":"3 Darklings","floor":39.0,"turns":1.0},{"damage":0.0,"enemies":"Maw","floor":40.0,"turns":2.0},{"damage":0.0,"enemies":"Jaw Worm Horde","floor":41.0,"turns":1.0},{"damage":0.0,"enemies":"Nemesis","floor":42.0,"turns":1.0},{"damage":0.0,"enemies":"Reptomancer","floor":44.0,"turns":1.0},{"damage":0.0,"enemies":"Nemesis","floor":46.0,"turns":1.0},{"damage":0.0,"enemies":"Transient","floor":50.0,"turns":2.0},{"damage":0.0,"enemies":"Reptomancer","floor":51.0,"turns":2.0},{"damage":0.0,"enemies":"Donu and Deca","floor":54.0,"turns":2.0},{"damage":0.0,"enemies":"Shield and Spear","floor":58.0,"turns":1.0},{"damage":56,"enemies":"The Heart","floor":59,"turns":4}],"seed_played":"-3050480951080081285","potions_obtained":[{"floor":5.0,"key":"LiquidBronze"},{"floor":10.0,"key":"Poison Potion"},{"floor":12.0,"key":"Weak Potion"},{"floor":14.0,"key":"SkillPotion"},{"floor":18.0,"key":"CunningPotion"},{"floor":20.0,"key":"Explosive Potion"},{"floor":21.0,"key":"PowerPotion"},{"floor":41.0,"key":"PowerPotion"}],"is_trial":false,"path_per_floor":["M","?","$","M","M","E","$","PTL","PTL","E","T","M","R","E","R","?","R","B",null,"M","M","?","$","?","E","R","E","T","$","M","E","M","$","R","B",null,"M","?","M","M","M","E","R","E","T","E","PTL","PTL","$","M","E","?","R","B",null,"R","$","E","B",null],"character_chosen":"THE_SILENT","items_purchased":["Membership Card","Snake Skull","Prepared","Lee\u0027s Waffle","Sundial","Tactician","ReplayTheSpireMod:Scrap Shanks","Blade Dance","InkBottle","Accuracy","Block Potion","Tactician","ReplayTheSpireMod:CursedCoin","MerchantsRug","Grinning Jar","Replay:Bandana","Tough Bandages","Accuracy","ReplayTheSpireMod:Shiv Toss","Pondfish Scales","Bottled Lightning","Medical Kit","Accuracy+1","DuplicationPotion"],"campfire_rested":0,"item_purchase_floors":[0,0,0,0,0,0,0,0,0,0,0,3,3,7,7,23,29,33,49,49,49,57,57,57],"current_hp_per_floor":[77,70,70,70,70,70,70,70,70,70,70,70,70,67,67,48,48,58,72,77,77,77,77,77,77,77,77,77,77,77,77,77,77,77,77,77,77,77,77,77,77,77,77,77,77,77,77,77,77,77,77,77,77,77,77,77,77,77,21],"gold":289,"neow_bonus":"","is_daily":false,"chose_seed":false,"campfire_upgraded":7,"win_rate":0.0,"timestamp":1611184938,"path_taken":["M","?","$","M","M","E","$","PTL","PTL","E","T","M","R","E","R","?","R","BOSS","M","M","?","$","?","E","R","E","T","$","?","E","M","$","R","BOSS","M","?","M","M","M","E","R","E","T","E","PTL","PTL","$","M","E","?","R","BOSS","R","$","E","BOSS"],"items_purchased_type":["Relic","Relic","Card","Relic","Relic","Card","Card","Card","Relic","Card","Potion","Card","Relic","Relic","Relic","Relic","Relic","Card","Card","Relic","Relic","Relic","Card","Potion"],"build_version":"2020-12-22","purchased_purges":14,"victory":true,"max_hp_per_floor":[77,77,77,77,77,77,77,77,77,77,77,77,77,77,77,77,77,77,77,77,77,77,77,77,77,77,77,77,77,77,77,77,77,77,77,77,77,77,77,77,77,77,77,77,77,77,77,77,77,77,77,77,77,77,77,77,77,77,77],"card_choices":[{"not_picked":["Underhanded Strike","Blur"],"picked":"Prepared","floor":1.0},{"not_picked":["Blade Dance","Backflip","Sucker Punch"],"picked":"SKIP","floor":4.0},{"not_picked":["Slice","Hidden Blade","Sucker Punch"],"picked":"SKIP","floor":5.0},{"not_picked":["Catalyst","Eviscerate","Riddle With Holes"],"picked":"SKIP","floor":6.0},{"not_picked":["Underhanded Strike","Expertise","PiercingWail"],"picked":"SKIP","floor":10.0},{"not_picked":["Deadly Poison","Slice","Sucker Punch"],"picked":"SKIP","floor":12.0},{"not_picked":["Acrobatics","Endless Agony","Bouncing Flask"],"picked":"SKIP","floor":14.0},{"not_picked":["Corpse Explosion","Bullet Time"],"picked":"Adrenaline","floor":18.0},{"not_picked":["Riddle With Holes+1","Backflip","Cloak And Dagger"],"picked":"SKIP","floor":20.0},{"not_picked":["Underhanded Strike","Acrobatics+1","Escape Plan"],"picked":"SKIP","floor":21.0},{"not_picked":["Fluid Movement","Prepared","Blur"],"picked":"SKIP","floor":25.0},{"not_picked":["Catalyst","Outmaneuver"],"picked":"Reflex","floor":27.0},{"not_picked":["Slice+1","Sucker Punch","Dodge and Roll+1"],"picked":"SKIP","floor":30.0},{"not_picked":["Prepared","Bouncing Flask","Heel Hook"],"picked":"SKIP","floor":31.0},{"not_picked":["Dodge and Roll","Caltrops","PiercingWail+1"],"picked":"SKIP","floor":32.0},{"not_picked":["Doppelganger","Bullet Time"],"picked":"A Thousand Cuts","floor":35.0},{"not_picked":["Dagger Throw","Fluid Movement","Cloak And Dagger"],"picked":"SKIP","floor":37.0},{"not_picked":["Bane+1","Prepared","Poisoned Stab+1"],"picked":"SKIP","floor":39.0},{"not_picked":["Hidden Blade+1","Deadly Poison+1","Dagger Throw"],"picked":"SKIP","floor":40.0},{"not_picked":["Deflect","Blur+1","Predator+1"],"picked":"SKIP","floor":41.0},{"not_picked":["Catalyst+1","Draining Mist+1","Setup"],"picked":"SKIP","floor":42.0},{"not_picked":["Eviscerate","Catalyst","Caltrops+1"],"picked":"SKIP","floor":44.0},{"not_picked":["Choke","Deadly Poison+1","Unload"],"picked":"SKIP","floor":46.0},{"not_picked":["Masterful Stab+1","Backflip","Quick Slash"],"picked":"SKIP","floor":50.0},{"not_picked":["ReplayTheSpireMod:Necrosis","Deflect+1"],"picked":"Envenom","floor":51.0},{"not_picked":["Backflip","Slice+1","PiercingWail"],"picked":"SKIP","floor":58.0}],"player_experience":254931,"relics_obtained":[{"floor":6.0,"key":"HornCleat"},{"floor":10.0,"key":"White Beast Statue"},{"floor":11.0,"key":"Peace Pipe"},{"floor":14.0,"key":"Vampiric Spirits"},{"floor":16.0,"key":"WingedGreaves"},{"floor":25.0,"key":"Happy Flower"},{"floor":27.0,"key":"Pantograph"},{"floor":28.0,"key":"Omamori"},{"floor":31.0,"key":"Replay:WaspNest"},{"floor":42.0,"key":"Bag of Marbles"},{"floor":44.0,"key":"Mercury Hourglass"},{"floor":46.0,"key":"Ancient Tea Set"},{"floor":51.0,"key":"Shuriken"},{"floor":58.0,"key":"Paper Crane"}],"event_choices":[{"damage_healed":0.0,"max_hp_gain":0.0,"max_hp_loss":0.0,"gold_gain":0.0,"event_name":"Scrap Ooze","player_choice":"Success","floor":2.0,"gold_loss":0.0,"damage_taken":7.0,"relics_obtained":["Thread and Needle"]},{"cards_removed":["Adrenaline"],"damage_healed":0.0,"max_hp_gain":0.0,"max_hp_loss":0.0,"gold_gain":0.0,"event_name":"Falling","player_choice":"Removed Skill","floor":38.0,"gold_loss":0.0,"damage_taken":0.0},{"damage_healed":0.0,"max_hp_gain":0.0,"max_hp_loss":0.0,"gold_gain":0.0,"event_name":"Tomb of Lord Red Mask","player_choice":"Ignored","floor":52.0,"gold_loss":0.0,"damage_taken":0.0}],"is_beta":false,"boss_relics":[{"not_picked":["Ectoplasm","Painkiller Herb"],"picked":"Astrolabe"},{"not_picked":["Calling Bell","Fusion Hammer"],"picked":"WristBlade"}],"items_purged_floors":[0,0,0,0,0,0,0,0,3,7,23,29,33,49],"is_endless":false,"potions_floor_spawned":[5,10,12,14,18,20,21,30,35,39,40,41,46,58],"ascension_level":6}}