{"host":"s5d39dhq0ddhxhke","time":1611137451,"event":{"mods":["AchievementEnabler","BaseMod","Colored Map","Minty Spire (QoL Compilation)","SuperFastMode"],"gold_per_floor":[117,133,133,208,225,260,260,278,359,359,379,379,393,410,410,510,510,523,523,523],"floor_reached":19,"language":"ENG","playtime":575,"items_purged":[],"score":274,"play_id":"5f6878d4-5f93-4a31-8d3f-6f1bdb26313e","local_time":"20210120121051","is_ascension_mode":true,"campfire_choices":[{"data":"Bash","floor":7,"key":"SMITH"},{"floor":12,"key":"REST"},{"floor":15,"key":"REST"}],"circlet_count":0,"master_deck":["AscendersBane","Strike_R","Strike_R","Strike_R","Strike_R","Strike_R","Defend_R","Defend_R","Defend_R","Defend_R","Bash+1","Whirlwind+1","Twin Strike","Berserk","Sword Boomerang","Sword Boomerang","Limit Break"],"relics":["SacredBark","Turnip","Shuriken","Regal Pillow","Runic Cube"],"acts_visited":["Exordium","TheCity"],"potions_floor_usage":[14,16,19],"damage_taken":[{"damage":1,"enemies":"Cultist","floor":1,"turns":4},{"damage":0,"enemies":"2 Louse","floor":2,"turns":2},{"damage":3,"enemies":"Jaw Worm","floor":5,"turns":4},{"damage":25,"enemies":"3 Sentries","floor":6,"turns":5},{"damage":12,"enemies":"2 Fungi Beasts","floor":8,"turns":2},{"damage":12,"enemies":"Large Slime","floor":11,"turns":5},{"damage":13,"enemies":"Gremlin Gang","floor":13,"turns":3},{"damage":19,"enemies":"Exordium Wildlife","floor":14,"turns":5},{"damage":80,"enemies":"The Guardian","floor":16,"turns":11},{"damage":33,"enemies":"Spheric Guardian","floor":18,"turns":4},{"damage":37,"enemies":"Shell Parasite","floor":19,"turns":6}],"seed_played":"-5265395637285014746","potions_obtained":[{"floor":1,"key":"BlessingOfTheForge"},{"floor":8,"key":"LiquidBronze"},{"floor":13,"key":"Regen Potion"},{"floor":18,"key":"SkillPotion"}],"is_trial":false,"path_per_floor":["M","M","?","?","M","E","R","M","T","?","M","R","M","M","R","B",null,"M","M"],"character_chosen":"IRONCLAD","items_purchased":[],"campfire_rested":2,"item_purchase_floors":[],"current_hp_per_floor":[71,71,71,60,57,32,32,20,20,20,8,47,34,15,54,23,66,33,0,0],"gold":523,"neow_bonus":"BOSS_RELIC","is_daily":false,"chose_seed":false,"campfire_upgraded":1,"win_rate":0.0,"timestamp":1611137451,"path_taken":["M","M","?","?","M","E","R","M","T","?","M","R","M","M","R","BOSS","M","M"],"items_purchased_type":[],"build_version":"2020-12-22","purchased_purges":0,"victory":false,"max_hp_per_floor":[80,80,80,80,80,80,80,80,80,80,80,80,80,80,80,80,80,80,80,80],"card_choices":[{"not_picked":["Infernal Blade","Clothesline"],"picked":"Whirlwind","floor":1},{"not_picked":["Cleave","Body Slam"],"picked":"Twin Strike","floor":2},{"not_picked":["True Grit","Clash","Wild Strike"],"picked":"SKIP","floor":5},{"not_picked":["Blood for Blood","Armaments","Juggernaut"],"picked":"SKIP","floor":6},{"not_picked":["Pommel Strike","Shrug It Off","Iron Wave"],"picked":"SKIP","floor":8},{"not_picked":["Warcry","Metallicize"],"picked":"Berserk","floor":11},{"not_picked":["Havoc","Body Slam"],"picked":"Sword Boomerang","floor":13},{"not_picked":["Fire Breathing","Headbutt"],"picked":"Sword Boomerang","floor":14},{"not_picked":["Feed","Exhume"],"picked":"Limit Break","floor":16},{"not_picked":["Hemokinesis","Clothesline","Body Slam+1"],"picked":"SKIP","floor":18}],"player_experience":448363,"relics_obtained":[{"floor":6,"key":"Turnip"},{"floor":9,"key":"Shuriken"}],"event_choices":[{"damage_healed":0,"gold_gain":0,"player_choice":"Grow","damage_taken":0,"max_hp_gain":0,"max_hp_loss":0,"event_name":"Living Wall","floor":3,"gold_loss":0,"cards_upgraded":["Whirlwind"]},{"damage_healed":0,"gold_gain":75,"player_choice":"Gather Gold","damage_taken":11,"max_hp_gain":0,"max_hp_loss":0,"event_name":"World of Goop","floor":4,"gold_loss":0},{"damage_healed":0,"gold_gain":0,"player_choice":"Gave Potion","damage_taken":0,"relics_obtained":["Regal Pillow"],"max_hp_gain":0,"max_hp_loss":0,"event_name":"WeMeetAgain","floor":10,"gold_loss":0}],"is_beta":false,"boss_relics":[{"not_picked":["Sozu","Pandora\u0027s Box"],"picked":"Runic Cube"}],"items_purged_floors":[],"is_endless":false,"potions_floor_spawned":[1,8,13,18],"killed_by":"Shell Parasite","ascension_level":12}}