{"host":"u7y9frlpoazak2mn","time":1611118390,"event":{"mods":["AchievementEnabler","Act Like it!","Alarm Clock","Aspiration","Astrologer","BaseMod","Beaked The Cultist","Better Altar","Better Match","Better Note","Better Sensory Stone","Better Skull","Better Third Choice","CCEM","Chen","Colored Map","Colored Powertips","Conspire","Curses Come First","Displayed Cursed Tome","Energized Spire","Fox Events","Friendly Minions","Gensokyo","GifTheSpireLib","Glutton Mod","Halation","Hallownest","Hermit","Hubris","Infinite Spire","Jedi Mod","Mimic Mod","Minty Spire (QoL Compilation)","MostiFishMod","Pale of the Ancients","Prisma Mod","Quarter Circle Forward PUNCH!","Quick Restart","Random Character Button","Rare Cards Sparkle","Relic Stats","Replay The Spire","Retaliation","Spicy Shops","Spikes Relics","StS++","StSLib","Stuff the Spire","The Blue Laboratory","The Bug Knight","The Construct","The Factory","The Forsaken","The Juggle","The Jungle","The Marked","Trackpad","Waifu the Spire","Wandering Minibosses","Yuri Mod","vexMod"],"gold_per_floor":[111,111,130,148,148,148,158,158,229,239,239,267,158,177,177,275,275,288,135,148,30,30,30,30],"floor_reached":23,"language":"ENG","playtime":1247,"items_purged":[],"score":191,"play_id":"ea9cb12d-2d39-40cc-8335-8f98c02e4a36","local_time":"20210119235310","is_ascension_mode":false,"campfire_choices":[{"floor":8,"key":"REST"},{"floor":11,"key":"REST"},{"data":"beaked:Caw","floor":15,"key":"SMITH"}],"circlet_count":0,"master_deck":["beaked:Strike_Y","beaked:Strike_Y","beaked:Strike_Y","beaked:Strike_Y","beaked:Strike_Y","beaked:Strike_Y","beaked:Defend_Y","beaked:Defend_Y","beaked:Defend_Y","beaked:Defend_Y","beaked:Ceremony","beaked:Ceremony","beaked:Ceremony","beaked:DigDeep","beaked:Caw+1","beaked:DigDeeper","beaked:FeelMyPain","beaked:Windmill","beaked:Windmill","beaked:ScreechingChant","beaked:Daydream","beaked:Insight","beaked:WarriorEssence","beaked:HuntressSpirit+1","beaked:Insight","beaked:WarriorEssence","beaked:Insight"],"relics":["beaked:MendingPlumage","DaveBox","NeowsBlessing","Nloth\u0027s Gift","SynthV:TestCard","Hallownest:SalubrasBlessingRelic","vexMod:MemoryStick","trackpad:WritersBlock","Vajra","infinitespire:Broken Mirror","StSpp:XCola","SpikesRelics:DaevaFist","energizedSpire:MagnifyingGlass"],"acts_visited":["Exordium","TheCity"],"potions_floor_usage":[7,10,12,16,20],"damage_taken":[{"damage":0,"enemies":"Hallownest:2_Baldur","floor":1,"turns":1},{"damage":0,"enemies":"Hallownest:monsterHuskGuard","floor":3,"turns":1},{"damage":0,"enemies":"Hallownest:2_MossCreeps","floor":4,"turns":1},{"damage":2,"enemies":"Hallownest:monsterAspidMother","floor":7,"turns":5},{"damage":12,"enemies":"Hallownest:Wandering_and_Horned","floor":10,"turns":3},{"damage":7,"enemies":"Hallownest:eliteVengeflyKing","floor":12,"turns":7},{"damage":0,"enemies":"Hallownest:monsterMossCharger","floor":14,"turns":3},{"damage":58,"enemies":"Hallownest:BossFalseKnight","floor":16,"turns":7},{"damage":35,"enemies":"2 Thieves","floor":18,"turns":5},{"damage":53,"enemies":"3 Byrds","floor":20,"turns":7},{"damage":36,"enemies":"Snake Plant","floor":23,"turns":2}],"seed_played":"916803214664945135","potions_obtained":[{"floor":3,"key":"Death Potion"},{"floor":4,"key":"blueLaboratory:FruitPunch"},{"floor":10,"key":"blueLaboratory:Moonshine"},{"floor":12,"key":"Weak Potion"},{"floor":14,"key":"blueLaboratory:NullPotion"},{"floor":18,"key":"Explosive Potion"}],"is_trial":false,"path_per_floor":["M","?","M","M","$","?","M","R","T","M","R","E","$","M","R_BF","B",null,"M","$","M","$","?","M"],"character_chosen":"BEAKED_THE_CULTIST","items_purchased":["beaked:Windmill","SpikesRelics:DaevaFist","beaked:Insight","beaked:WarriorEssence","beaked:HuntressSpirit+1","beaked:WarriorEssence","beaked:Insight"],"campfire_rested":2,"item_purchase_floors":[13,13,19,19,19,21,21],"current_hp_per_floor":[50,50,50,50,50,16,23,40,40,35,53,56,56,56,56,18,56,37,37,26,26,26,0,0],"gold":30,"neow_bonus":"THREE_ENEMY_KILL","is_daily":false,"chose_seed":false,"campfire_upgraded":1,"win_rate":0.0,"timestamp":1611118390,"path_taken":["M","?","M","M","$","?","M","R","T","M","R","E","$","M","R_BF","BOSS","M","$","M","$","?","M"],"items_purchased_type":["Card","Relic","Card","Card","Card","Card","Card"],"build_version":"2020-12-22","purchased_purges":0,"victory":false,"max_hp_per_floor":[50,50,50,50,50,50,52,54,54,54,56,56,56,56,56,56,56,56,56,56,56,56,56,56],"relic_stats":{"counters":[11,42],"Nloth\u0027s Gift":2,"obtain_stats":[{"Hallownest:SalubrasBlessingRelic":2,"vexMod:MemoryStick":6,"DaveBox":0,"NeowsBlessing":0,"Vajra":6,"SynthV:TestCard":1,"infinitespire:Broken Mirror":9,"trackpad:WritersBlock":6,"Nloth\u0027s Gift":1,"SpikesRelics:DaevaFist":13,"energizedSpire:MagnifyingGlass":17,"beaked:MendingPlumage":0,"StSpp:XCola":12},{"Hallownest:SalubrasBlessingRelic":1,"vexMod:MemoryStick":3,"DaveBox":0,"NeowsBlessing":0,"Vajra":3,"SynthV:TestCard":1,"infinitespire:Broken Mirror":4,"trackpad:WritersBlock":3,"Nloth\u0027s Gift":1,"SpikesRelics:DaevaFist":6,"energizedSpire:MagnifyingGlass":8,"beaked:MendingPlumage":0,"StSpp:XCola":6},{"Hallownest:SalubrasBlessingRelic":1,"vexMod:MemoryStick":3,"DaveBox":0,"NeowsBlessing":0,"Vajra":3,"SynthV:TestCard":1,"infinitespire:Broken Mirror":8,"trackpad:WritersBlock":3,"Nloth\u0027s Gift":1,"SpikesRelics:DaevaFist":18,"energizedSpire:MagnifyingGlass":28,"beaked:MendingPlumage":0,"StSpp:XCola":18}]},"card_choices":[{"not_picked":["beaked:FeelMyPain","beaked:TuckingFeathers"],"picked":"beaked:DigDeep","floor":1},{"not_picked":["beaked:Evade","beaked:Tweet","beaked:Roost","beaked:RitualOfBody"],"picked":"beaked:Caw","floor":3},{"not_picked":["beaked:Roost","beaked:Flinch","beaked:Poke","beaked:FakeOut"],"picked":"beaked:DigDeeper","floor":4},{"not_picked":["beaked:Negation","beaked:Tweet","beaked:TuckingFeathers","beaked:BraceForImpact"],"picked":"beaked:FeelMyPain","floor":7},{"not_picked":["beaked:Resilience","beaked:Foresight","beaked:Flinch","beaked:RitualOfBody","beaked:TuckingFeathers"],"picked":"SKIP","floor":10},{"not_picked":["beaked:SacrificialAttack","beaked:FeelMyPain","beaked:RuinSticks","beaked:FullHouse"],"picked":"beaked:Windmill","floor":12},{"not_picked":["beaked:Overpower","beaked:HuntressEssence","beaked:StunningBlow","beaked:Flinch","beaked:BounceBack"],"picked":"SKIP","floor":14},{"not_picked":["beaked:VolatileMisfortune","beaked:FakeOut","beaked:FullHouse","beaked:SacrificialScars"],"picked":"beaked:ScreechingChant","floor":16},{"not_picked":["beaked:Struggle+1","beaked:Flinch+1","beaked:StunningBlow","beaked:DigDeeper"],"picked":"beaked:Daydream","floor":18},{"not_picked":["beaked:Tradeoff","beaked:MachineSpirit","beaked:Poke+1","beaked:Resilience"],"picked":"beaked:Insight","floor":20}],"player_experience":326850,"relics_obtained":[{"floor":1,"key":"SynthV:TestCard"},{"floor":9,"key":"infinitespire:Broken Mirror"},{"floor":12,"key":"StSpp:XCola"}],"event_choices":[{"damage_healed":0,"gold_gain":0,"player_choice":"RE RE RE ","damage_taken":40,"relics_obtained":["vexMod:MemoryStick","trackpad:WritersBlock","Vajra"],"max_hp_gain":0,"max_hp_loss":0,"event_name":"betterSkull:BetterSkull","floor":6,"gold_loss":0,"cards_upgraded":[]}],"is_beta":false,"boss_relics":[{"not_picked":["construct:ClawGrip","halation:ForbiddenBikini"],"picked":"energizedSpire:MagnifyingGlass"}],"items_purged_floors":[],"is_endless":false,"potions_floor_spawned":[3,4,10,12,14,18],"killed_by":"Snake Plant","ascension_level":0}}