{"host":"nzq3d31h1j2g5t95","time":1611105951,"event":{"mods":["BaseMod","Hubris","Minty Spire (QoL Compilation)","Replay The Spire","StSLib","[IsaacMod]ÒÔÈö¼âËþ"],"gold_per_floor":[109,124,134,134,152,152,184,184,184,212,212,223,223,257,257,357,357,373,386,301,226,246,279,8,41,64,64,80,80,30,64,64,166,166,179,179,196,29,29,57,57,92,92,92,108,108,108,123,123,123],"floor_reached":51,"language":"ZHS","playtime":2426,"items_purged":["Strike_R","Defend_R"],"score":1420,"play_id":"68156d87-3741-4794-b25f-9047284d5c66","local_time":"20210120092551","is_ascension_mode":true,"campfire_choices":[{"data":"Armaments","floor":6.0,"key":"SMITH"},{"data":"Replay:Many Hands","floor":8.0,"key":"SMITH"},{"floor":13.0,"key":"REST"},{"data":"Seeing Red","floor":15.0,"key":"SMITH"},{"data":"Apotheosis","floor":27.0,"key":"SMITH"},{"data":"Sneak Up","floor":32.0,"key":"SMITH"},{"floor":41.0,"key":"REST"},{"floor":46,"key":"REST"}],"circlet_count":0,"master_deck":["AscendersBane","Strike_R","Strike_R","Strike_R","Defend_R","Defend_R","Defend_R","Armaments+1","Armaments","Survivor","Neutralize","Seeing Red+1","Replay:Many Hands+1","Sword Boomerang+1","Hemogenesis+1","Dual Wield+1","Exhume","Body Slam+1","Sword Boomerang+1","Demon Form","Apotheosis+1","Backflip","Sneak Up+1","Replay:Bag of Tricks","Metallicize+1","Heavy Blade+1","Writhe","Calculated Gamble"],"relics":["HushsDoor","Ooze Armor","SatanicBible","Molten Egg 2","Quantum Egg","Bag of Marbles","hubris:PeanutButter","SacredBark","Matryoshka","hubris:DisguiseKit","Art of War","Centennial Puzzle","Smiling Mask","hubris:Towel","Blue Candle","hubris:TerracottaHorce","Chemical X","PreservedInsect","BelialBook","ReplayTheSpireMod:Ninjato","Strawberry"],"acts_visited":["TheCity","TheBeyond"],"potions_floor_usage":[42,45],"damage_taken":[{"damage":1.0,"enemies":"Cultist","floor":1.0,"turns":3.0},{"damage":4.0,"enemies":"Jaw Worm","floor":2.0,"turns":4.0},{"damage":0.0,"enemies":"2 Louse","floor":3.0,"turns":2.0},{"damage":6.0,"enemies":"Red Slaver","floor":5.0,"turns":4.0},{"damage":48.0,"enemies":"Gremlin Nob","floor":7.0,"turns":6.0},{"damage":0.0,"enemies":"3 Sentries","floor":10.0,"turns":4.0},{"damage":11.0,"enemies":"3 Louse","floor":12.0,"turns":5.0},{"damage":18.0,"enemies":"Gremlin Nob","floor":14.0,"turns":4.0},{"damage":26.0,"enemies":"Hexaghost","floor":16.0,"turns":6.0},{"damage":25.0,"enemies":"Spheric Guardian","floor":18.0,"turns":6.0},{"damage":29.0,"enemies":"Shell Parasite","floor":19.0,"turns":5.0},{"damage":0.0,"enemies":"Snecko","floor":22.0,"turns":2.0},{"damage":0.0,"enemies":"Slavers","floor":23.0,"turns":1.0},{"damage":0.0,"enemies":"Book of Stabbing","floor":25.0,"turns":2.0},{"damage":14.0,"enemies":"Snake Plant","floor":28.0,"turns":6.0},{"damage":4.0,"enemies":"Replay:Snechameleon","floor":31.0,"turns":5.0},{"damage":46.0,"enemies":"Automaton","floor":33.0,"turns":9.0},{"damage":38.0,"enemies":"3 Shapes","floor":35.0,"turns":5.0},{"damage":63.0,"enemies":"3 Darklings","floor":37.0,"turns":11.0},{"damage":0.0,"enemies":"Giant Head","floor":40.0,"turns":7.0},{"damage":35,"enemies":"R_Hoarder","floor":42,"turns":6},{"damage":34,"enemies":"Jaw Worm Horde","floor":45,"turns":5},{"damage":22,"enemies":"Writhing Mass","floor":48,"turns":3},{"damage":14,"enemies":"hubris:GrandSnecko","floor":50,"turns":5}],"seed_played":"6646928363158765069","potions_obtained":[{"floor":2.0,"key":"FearPotion"},{"floor":5.0,"key":"DistilledChaos"},{"floor":10.0,"key":"BlessingOfTheForge"},{"floor":14.0,"key":"DuplicationPotion"},{"floor":19.0,"key":"Energy Potion"},{"floor":22.0,"key":"Elixir"},{"floor":23.0,"key":"Strength Potion"},{"floor":31.0,"key":"SpeedPotion"},{"floor":35.0,"key":"AttackPotion"},{"floor":40.0,"key":"SpeedPotion"},{"floor":42,"key":"Fire Potion"}],"is_trial":false,"path_per_floor":["M","M","M","?","M","R","E","R","T","E","?","M","R","E","R","B",null,"M","M","?","?","M","E","$","E","T","R","M","?","$","E","R","B",null,"M","?","M","$","?","E","R","E","T","?","M","R","?","M","R","B",null],"character_chosen":"IRONCLAD","items_purchased":["Apotheosis","Chemical X"],"campfire_rested":3,"item_purchase_floors":[24,38],"current_hp_per_floor":[71,67,67,67,61,61,13,13,13,13,39,28,52,34,34,16,64,39,18,18,18,26,26,26,37,37,37,34,34,34,44,44,15,64,54,54,5,5,21,21,45,30,37,37,14,40,40,18,44,41],"gold":123,"neow_bonus":"BOSS_RELIC","is_daily":false,"chose_seed":false,"campfire_upgraded":5,"win_rate":0.0,"timestamp":1611105951,"path_taken":["M","M","?","?","?","R","E","R","T","E","?","M","R","E","R","BOSS","M","M","?","?","M","E","$","E","T","R","M","?","$","E","R","BOSS","M","?","M","$","?","E","R","E","T","?","?","R","?","?","R","BOSS"],"items_purchased_type":["Card","Relic"],"build_version":"2020-12-22","purchased_purges":2,"victory":true,"max_hp_per_floor":[80,80,80,80,80,80,80,80,80,80,80,80,80,80,80,80,80,80,80,80,80,80,80,80,80,80,80,80,80,80,80,80,80,80,80,80,80,80,80,80,80,80,87,87,87,87,87,87,87,87],"card_choices":[{"not_picked":["Run Through","Clothesline"],"picked":"Armaments","floor":1.0},{"not_picked":["Combust","Wild Strike"],"picked":"Body Slam","floor":2.0},{"not_picked":["Cleave","Uppercut"],"picked":"Armaments","floor":3.0},{"not_picked":["Pommel Strike","Clothesline"],"picked":"Seeing Red","floor":5.0},{"not_picked":["Entrench","Clash+1"],"picked":"Replay:Many Hands","floor":7.0},{"not_picked":["Run Through+1","Thunderclap+1"],"picked":"Sword Boomerang+1","floor":10.0},{"not_picked":["Heavy Blade+1","hubris:ReadiedAction"],"picked":"Hemogenesis+1","floor":12.0},{"not_picked":["Replay:Undeath\u0027s Touch+1","Run Through+1"],"picked":"Dual Wield","floor":14.0},{"not_picked":["Feed+1","Limit Break"],"picked":"Exhume","floor":16.0},{"not_picked":["Entrench","Iron Wave+1"],"picked":"Body Slam+1","floor":18.0},{"not_picked":["Thunderclap+1","Perfected Strike+1"],"picked":"Sword Boomerang+1","floor":19.0},{"not_picked":["Anger+1","Iron Wave+1"],"picked":"Demon Form","floor":22.0},{"not_picked":["Perfected Strike+1","Rupture","Wild Strike+1"],"picked":"SKIP","floor":23.0},{"not_picked":["Sword Boomerang+1","hubris:ReadiedAction","Dark Embrace"],"picked":"Backflip","floor":25.0},{"not_picked":["Pommel Strike+1","Body Slam+1","Clothesline+1","hubris:SlightOfHand"],"picked":"SKIP","floor":28.0},{"not_picked":["ReplayTheSpireMod:Corrosion Curse","ReplayTheSpireMod:Strike From Hell+1","Armaments"],"picked":"Sneak Up","floor":31.0},{"not_picked":["Feed+1","Immolate+1","Limit Break"],"picked":"Replay:Bag of Tricks","floor":33.0},{"not_picked":["Battle Trance","Havoc","hubris:Counter"],"picked":"Metallicize+1","floor":35.0},{"not_picked":["Warcry","Massacre+1","Blade Dance"],"picked":"Heavy Blade+1","floor":37.0},{"not_picked":["Flame Barrier","Hemokinesis+1","Inflame"],"picked":"Calculated Gamble","floor":40.0},{"not_picked":["Pommel Strike+1","Sever Soul+1","Clothesline+1","Poisoned Stab"],"picked":"SKIP","floor":42},{"not_picked":["Entrench","Armaments","Dual Wield","Blade Dance"],"picked":"SKIP","floor":45},{"not_picked":["Armaments","True Grit","hubris:ReadiedAction","Dodge and Roll"],"picked":"SKIP","floor":48}],"player_experience":161720,"relics_obtained":[{"floor":7.0,"key":"Molten Egg 2"},{"floor":9.0,"key":"Quantum Egg"},{"floor":10.0,"key":"Bag of Marbles"},{"floor":14.0,"key":"hubris:PeanutButter"},{"floor":23.0,"key":"hubris:DisguiseKit"},{"floor":25.0,"key":"Art of War"},{"floor":26.0,"key":"Centennial Puzzle"},{"floor":26.0,"key":"Smiling Mask"},{"floor":31.0,"key":"Blue Candle"},{"floor":40.0,"key":"PreservedInsect"},{"floor":42,"key":"BelialBook"},{"floor":43,"key":"ReplayTheSpireMod:Ninjato"},{"floor":43,"key":"Strawberry"}],"event_choices":[{"damage_healed":26.0,"max_hp_gain":0.0,"max_hp_loss":0.0,"gold_gain":0.0,"event_name":"Big Fish","player_choice":"Banana","floor":11.0,"gold_loss":0.0,"damage_taken":0.0},{"damage_healed":0.0,"max_hp_gain":0.0,"max_hp_loss":0.0,"gold_gain":0.0,"event_name":"Addict","player_choice":"Obtained Relic","floor":20.0,"gold_loss":85.0,"damage_taken":0.0,"relics_obtained":["Matryoshka"]},{"cards_removed":["Strike_R"],"damage_healed":0.0,"max_hp_gain":0.0,"max_hp_loss":0.0,"gold_gain":0.0,"event_name":"Beggar","player_choice":"Gave Gold","floor":21.0,"gold_loss":75.0,"damage_taken":0.0},{"damage_healed":0.0,"max_hp_gain":0.0,"max_hp_loss":0.0,"gold_gain":0.0,"event_name":"Tomb of Lord Red Mask","player_choice":"Ignored","floor":36.0,"gold_loss":0.0,"damage_taken":0.0},{"damage_healed":16.0,"max_hp_gain":0.0,"max_hp_loss":0.0,"gold_gain":0.0,"event_name":"Winding Halls","player_choice":"Writhe","floor":39.0,"gold_loss":0.0,"damage_taken":0.0,"cards_obtained":["Writhe"]},{"cards_removed":["Body Slam"],"damage_healed":0,"gold_gain":0,"player_choice":"Removed Attack","damage_taken":0,"max_hp_gain":0,"max_hp_loss":0,"event_name":"Falling","floor":47,"gold_loss":0}],"is_beta":false,"boss_relics":[{"not_picked":["ReplayTheSpireMod:DimensionalGlitch","Replay:Wanted Poster"],"picked":"SacredBark"},{"not_picked":[]},{"not_picked":["Coffee Dripper","Velvet Choker"],"picked":"hubris:TerracottaHorce"},{"not_picked":[]}],"items_purged_floors":[24,30],"is_endless":false,"potions_floor_spawned":[2,5,7,10,14,19,22,23,31,35,40,42],"ascension_level":12}}