{"host":"l2dnabsh5e0fsksb","time":1611107845,"event":{"mods":["2.2 Compatiblity","BaseMod","Downfall","Minty Spire (QoL Compilation)","Quick Restart","StSLib"],"gold_per_floor":[99,99,99,160,435,335,335,31,58,58,77,104,4,22,32,134,134,34,48,61,61,88,118,118,3,18,45,45,56,56,81,98,203,203,203,216,491,504,165,181,181,215,231,260,29,29,29,58,71,71,71,106,36,36,36,36,36],"floor_reached":55,"language":"ENG","playtime":2419,"items_purged":["Regret","Parasite","Regret","Pride"],"score":1195,"play_id":"5391cdac-30a9-40c8-8510-d4980b4b6a52","local_time":"20210120122724","is_ascension_mode":true,"campfire_choices":[{"floor":1.0,"key":"RECALL"},{"data":"bronze:Iterate","floor":6.0,"key":"SMITH"},{"data":"bronze:BitShift","floor":10.0,"key":"SMITH"},{"data":"bronze:Iterate","floor":13.0,"key":"SMITH"},{"data":"bronze:TinkerersToolbox","floor":18.0,"key":"SMITH"},{"data":"bronze:Iterate","floor":28,"key":"SMITH"},{"data":"bronze:Library","floor":35,"key":"SMITH"},{"floor":47,"key":"REST"},{"floor":54,"key":"REST"}],"circlet_count":0,"master_deck":["bronze:Strike+1","bronze:Strike+1","bronze:Strike+1","bronze:Strike+1","bronze:Defend+1","bronze:Defend+1","bronze:Defend+1","bronze:Defend+1","bronze:Replicate","bronze:Goto","bronze:Iterate+1","bronze:DelayedSlice","bronze:DelayedSlice","bronze:Constructor","bronze:WhirlingStrike","bronze:BitShift+1","bronze:Iterate+1","bronze:OilSpill","bronze:DelayedSlice","bronze:TinkerersToolbox+1","bronze:FineTuning+1","bronze:Separator","bronze:DelayedSlice+1","bronze:CloningBeam+1","bronze:Iterate+1","bronze:Iterate+1","bronze:Invalidate","bronze:Repulsor","bronze:Philosophize+1","bronze:BitShift","bronze:Library+1","CurseOfTheBell","bronze:Repair+1","bronze:ForceShield+1","bronze:DelayedSlice+1","bronze:WhirlingStrike+1","downfall:Aged","bronze:BronzeArmor+1","bronze:FineTuning+1","Bandage Up","bronze:Optimize+1","bronze:DelayedGuard+1","bronze:BronzeOrb","bronze:FineTuning+1","bronze:ForceShield+1","bronze:BitShift+1"],"relics":["bronze:BronzeCore","downfall:HeartsMalice","Bag of Marbles","downfall:HeartBlessingRed","Medical Kit","Bottled Flame","Vajra","downfall:HeartBlessingGreen","Cursed Key","downfall:HeartBlessingBlue","Red Mask","Ancient Tea Set","Pantograph","Shuriken","bronze:CableSpool","Bronze Scales","Calling Bell","Oddly Smooth Stone","White Beast Statue","Torii","Anchor","Sling","Question Card","Eternal Feather","Akabeko","Dream Catcher","Toxic Egg 2","Bottled Lightning"],"acts_visited":["Exordium","TheCity","TheBeyond","TheEnding"],"potions_floor_usage":[23,33,42],"damage_taken":[{"damage":0.0,"enemies":"Small Slimes","floor":2.0,"turns":1.0},{"damage":0.0,"enemies":"Jaw Worm","floor":3.0,"turns":1.0},{"damage":0.0,"enemies":"Lagavulin Event","floor":4.0,"turns":1.0},{"damage":4.0,"enemies":"downfall:FleeingMerchant","floor":8.0,"turns":4.0},{"damage":20.0,"enemies":"3 Sentries","floor":9.0,"turns":4.0},{"damage":0.0,"enemies":"Cultist","floor":11.0,"turns":1.0},{"damage":0.0,"enemies":"Gremlin Nob","floor":12.0,"turns":2.0},{"damage":0.0,"enemies":"Exordium Wildlife","floor":14.0,"turns":1.0},{"damage":0.0,"enemies":"Exordium Thugs","floor":15.0,"turns":2.0},{"damage":29.0,"enemies":"SI_SHIV_ARCHETYPE","floor":16.0,"turns":3.0},{"damage":0.0,"enemies":"3 Byrds","floor":19.0,"turns":1.0},{"damage":0.0,"enemies":"Spheric Guardian","floor":20.0,"turns":2.0},{"damage":0.0,"enemies":"Masked Bandits","floor":22.0,"turns":2.0},{"damage":0,"enemies":"Book of Stabbing","floor":23,"turns":4},{"damage":6,"enemies":"downfall:FleeingMerchant","floor":25,"turns":4},{"damage":0,"enemies":"Cultist and Chosen","floor":26,"turns":2},{"damage":0,"enemies":"Gremlin Leader","floor":27,"turns":3},{"damage":0,"enemies":"Shelled Parasite and Fungi","floor":29,"turns":1},{"damage":1,"enemies":"Book of Stabbing","floor":31,"turns":2},{"damage":1,"enemies":"Centurion and Healer","floor":32,"turns":3},{"damage":66,"enemies":"DF_ARCHETYPE_CLAW","floor":33,"turns":6},{"damage":9,"enemies":"3 Shapes","floor":36,"turns":3},{"damage":9,"enemies":"3 Darklings","floor":38,"turns":2},{"damage":0,"enemies":"downfall:FleeingMerchant","floor":39,"turns":1},{"damage":26,"enemies":"Maw","floor":40,"turns":5},{"damage":43,"enemies":"Nemesis","floor":42,"turns":3},{"damage":9,"enemies":"4 Shapes","floor":43,"turns":6},{"damage":14,"enemies":"Giant Head","floor":44,"turns":5},{"damage":0,"enemies":"Nemesis","floor":48,"turns":1},{"damage":0,"enemies":"Jaw Worm Horde","floor":49,"turns":2},{"damage":75,"enemies":"WA_ARCHETYPE_DIVINITY","floor":50,"turns":8},{"damage":89,"enemies":"downfall:CharBossMerchant","floor":52,"turns":8},{"damage":188,"enemies":"downfall:NeowBoss","floor":55,"turns":13}],"seed_played":"-7056584105039663612","potions_obtained":[{"floor":9.0,"key":"LiquidBronze"},{"floor":11.0,"key":"BlessingOfTheForge"},{"floor":12.0,"key":"AttackPotion"},{"floor":16.0,"key":"Guardian:BlockOnCardUsePotion"},{"floor":23,"key":"bronze:BurnAndBuffPotion"},{"floor":27,"key":"Fruit Juice"},{"floor":32,"key":"Explosive Potion"},{"floor":33,"key":"champ:CounterPotion"},{"floor":36,"key":"Regen Potion"},{"floor":38,"key":"CultistPotion"},{"floor":42,"key":"SneckoOil"},{"floor":48,"key":"LiquidMemories"},{"floor":49,"key":"bronze:FreeFunctionsPotion"},{"floor":52,"key":"EssenceOfSteel"}],"is_trial":false,"path_per_floor":["R","M","M","?","?","R","T","$","E","R","M","E","R","M","M","B",null,"R","M","M","?","?","E","T","$","M","E","R","M","?","E","M","B",null,"R","M","?","M","$","M","T","E","M","E","$","?","R","E","M","B",null,"E","$","R","B"],"character_chosen":"THE_AUTOMATON","items_purchased":["bronze:WhirlingStrike","bronze:BitShift","Medical Kit","Anchor","Sling","Question Card","Bandage Up","bronze:ForceShield+1"],"campfire_rested":2,"item_purchase_floors":[8,8,8,39,39,39,45,53],"current_hp_per_floor":[70,70,70,70,70,70,70,66,46,46,46,46,46,46,46,17,70,80,80,80,80,80,80,80,74,74,74,74,74,74,73,72,16,82,82,73,73,64,64,48,48,24,15,1,1,1,49,49,53,11,82,7,7,58,0,0,0],"gold":36,"neow_bonus":"THREE_ENEMY_KILL","is_daily":false,"chose_seed":false,"campfire_upgraded":6,"win_rate":0.0,"timestamp":1611107844,"path_taken":["R","M","M","?","?","R","T","$","E","R","M","E","R","M","M","BOSS","R","M","M","?","?","E","T","?","?","E","R","M","?","E","M","BOSS","R","M","?","?","$","M","T","E","M","E","$","?","R","E","M","BOSS","E","$","R","BOSS"],"items_purchased_type":["Card","Card","Relic","Relic","Relic","Relic","Card","Card"],"build_version":"2020-12-22","purchased_purges":4,"victory":false,"max_hp_per_floor":[70,70,70,70,70,70,70,70,70,70,70,70,70,70,70,70,70,80,80,80,80,80,80,80,77,77,77,77,77,77,77,77,82,82,82,82,82,82,82,82,82,82,82,82,82,82,82,82,82,82,82,82,82,82,82,82,82],"card_choices":[{"not_picked":["bronze:Shield","bronze:BronzeArmor"],"picked":"bronze:Iterate","floor":2.0},{"not_picked":["bronze:Branch","bronze:ItsAFeature"],"picked":"bronze:DelayedSlice","floor":3.0},{"not_picked":["bronze:Branch","bronze:DigitalCarnage"],"picked":"bronze:DelayedSlice","floor":4.0},{"not_picked":["bronze:Separator","bronze:DelayedGuard"],"picked":"bronze:Constructor","floor":8.0},{"not_picked":["bronze:Separator","bronze:CloningBeam"],"picked":"bronze:Iterate","floor":9.0},{"not_picked":["bronze:Overheat","bronze:SpaghettiCode","bronze:InfiniteBeams"],"picked":"SKIP","floor":11.0},{"not_picked":["bronze:BitShift","bronze:Shield"],"picked":"bronze:OilSpill","floor":12.0},{"not_picked":["bronze:Branch","bronze:MaxOutput","bronze:DarkDash"],"picked":"SKIP","floor":14.0},{"not_picked":["bronze:CloningBeam","bronze:Virus"],"picked":"bronze:DelayedSlice","floor":15.0},{"not_picked":["bronze:Break","bronze:SpaghettiCode"],"picked":"bronze:TinkerersToolbox","floor":16.0},{"not_picked":["bronze:Overload","bronze:Turbo+1"],"picked":"bronze:FineTuning+1","floor":19.0},{"not_picked":["bronze:NullPointer","bronze:BugBarrage"],"picked":"bronze:Separator","floor":20.0},{"not_picked":["bronze:NullPointer","bronze:Frontload"],"picked":"bronze:DelayedSlice+1","floor":22.0},{"not_picked":["bronze:HyperBeam","bronze:Format"],"picked":"bronze:CloningBeam+1","floor":23},{"not_picked":["bronze:Frontload+1","bronze:Allocate"],"picked":"bronze:Iterate","floor":25},{"not_picked":["bronze:FineTuning","bronze:Backtrace"],"picked":"bronze:Iterate+1","floor":26},{"not_picked":["bronze:Branch+1","bronze:Overload"],"picked":"bronze:Invalidate","floor":27},{"not_picked":["bronze:WildBeam","bronze:RecursiveStrike"],"picked":"bronze:Repulsor","floor":29},{"not_picked":["bronze:DelayedGuard","bronze:GetLatest"],"picked":"bronze:Philosophize+1","floor":31},{"not_picked":["bronze:WildBeam+1","bronze:Deprecate"],"picked":"bronze:BitShift","floor":32},{"not_picked":["bronze:RecursiveStrike","bronze:Format"],"picked":"bronze:Library","floor":33},{"not_picked":["bronze:BugBarrage","bronze:Refactor"],"picked":"bronze:Repair+1","floor":36},{"not_picked":["bronze:WildBeam+1","bronze:Turbo"],"picked":"bronze:ForceShield+1","floor":38},{"not_picked":["bronze:DarkDash","bronze:Invalidate+1"],"picked":"bronze:DelayedSlice+1","floor":39},{"not_picked":["bronze:Invalidate","bronze:NullPointer","bronze:Overheat"],"picked":"bronze:WhirlingStrike+1","floor":40},{"not_picked":["bronze:Separator+1","bronze:ItsAFeature","bronze:Turbo"],"picked":"bronze:BronzeArmor+1","floor":42},{"not_picked":["bronze:Refactor+1","bronze:InfiniteBeams","bronze:NullPointer","bronze:BuggyMess+1"],"picked":"SKIP","floor":43},{"not_picked":["bronze:Shield","bronze:ChildClass+1","bronze:Invalidate+1"],"picked":"bronze:FineTuning+1","floor":44},{"not_picked":["bronze:ThunderWave","bronze:Invalidate+1","bronze:Shield"],"picked":"bronze:Optimize+1","floor":47},{"not_picked":["bronze:Turbo+1","bronze:Separator","bronze:WildBeam+1"],"picked":"bronze:DelayedGuard+1","floor":48},{"not_picked":["bronze:DigitalCarnage","bronze:BuggyMess+1","bronze:Invalidate+1"],"picked":"bronze:BronzeOrb","floor":49},{"not_picked":["bronze:CutThrough+1","bronze:BugBarrage","bronze:MaxOutput"],"picked":"bronze:FineTuning+1","floor":52},{"not_picked":["bronze:FineTuning+1","bronze:ChosenStrike+1","bronze:BuggyMess+1"],"picked":"bronze:BitShift+1","floor":54}],"player_experience":1810925,"relics_obtained":[{"floor":4.0,"key":"Bag of Marbles"},{"floor":9.0,"key":"Bottled Flame"},{"floor":12.0,"key":"Vajra"},{"floor":22.0,"key":"Red Mask"},{"floor":23,"key":"Ancient Tea Set"},{"floor":24,"key":"Pantograph"},{"floor":27,"key":"Shuriken"},{"floor":31,"key":"Bronze Scales"},{"floor":34,"key":"Oddly Smooth Stone"},{"floor":34,"key":"White Beast Statue"},{"floor":34,"key":"Torii"},{"floor":41,"key":"Eternal Feather"},{"floor":42,"key":"Akabeko"},{"floor":44,"key":"Dream Catcher"},{"floor":48,"key":"Toxic Egg 2"},{"floor":52,"key":"Bottled Lightning"}],"event_choices":[{"damage_healed":0.0,"max_hp_gain":0.0,"max_hp_loss":0.0,"gold_gain":0.0,"event_name":"Masked Bandits","player_choice":"Fought Bandits","floor":22.0,"gold_loss":0.0,"damage_taken":0.0},{"damage_healed":0,"gold_gain":0,"player_choice":"Stole Relic","damage_taken":0,"relics_obtained":["bronze:CableSpool"],"max_hp_gain":0,"max_hp_loss":0,"event_name":"Addict","floor":30,"gold_loss":0,"cards_obtained":["Pride"]}],"is_beta":false,"boss_relics":[{"not_picked":["Philosopher\u0027s Stone","Velvet Choker"],"picked":"Cursed Key"},{"not_picked":["bronze:MakeshiftBattery","Tiny House"],"picked":"Calling Bell"}],"items_purged_floors":[8,25,39,45],"is_endless":false,"potions_floor_spawned":[9,11,12,16,23,27,32,33,36,38,39,40,42,43,44,48,49,52],"killed_by":"downfall:NeowBoss","ascension_level":4}}