{"host":"w05x4i13f2m9joq1","time":1611185014,"event":{"mods":["Act Like it!","Bard","BaseMod","Better Altar","Better Match","Better Note","Better Sensory Stone","Better Skull","Better Third Choice","BetterRewards","Colored Map","Colored Powertips","Duelist Mod","GifTheSpireLib","Googly Eyes","Ironclad Rager","Lobotomy","LobotomyExtend","Marisa????????","Minty Spire (QoL Compilation)","Replay The Spire","Spire Birthday Party","StSLib","The Bug Knight","The Construct","The Hierophant","The IronCluck","The Mystic","TheBandit","everything is the same but u backflip on backflip","slay the spire mod where everything is the same but ironclad has a cowboy hat"],"gold_per_floor":[145,76,95,108,0,34,51,78,78,107,44,44,44,44,44,143,143,163,177,191,41,41,41,73,148,171,171,185,210,229,259,259,356,356,373,21,34,34,34,34],"floor_reached":39,"language":"ENG","playtime":2243,"items_purged":["theDuelist:AncientPixieDragon","theDuelist:CastleWalls"],"score":688,"play_id":"9496eba6-246c-431c-941d-9cef4ad91841","local_time":"20210120182334","is_ascension_mode":true,"campfire_choices":[{"floor":13,"key":"REST"},{"floor":15,"key":"REST"},{"data":"theDuelist:LordD","floor":23,"key":"SMITH"},{"floor":27,"key":"REST"},{"data":"Doubt","floor":32,"key":"PURGE"}],"circlet_count":0,"master_deck":["theDuelist:BabyDragon","theDuelist:CastleWalls","theDuelist:CaveDragon","theDuelist:CaveDragon","theDuelist:LesserDragon","theDuelist:LesserDragon","theDuelist:Sparks","theDuelist:Sparks","theDuelist:YamataDragon","theDuelist:SilverWing","theDuelist:CoralDragon","theDuelist:LordD+1","theDuelist:SliferSky","theDuelist:CyberTwinDragon","theDuelist:DragonMastery","theDuelist:PotGreed+1","theDuelist:CyberTwinDragon+1","theDuelist:DragonMirror","theDuelist:TyrantWing+1","theDuelist:FiveHeaded","theDuelist:Mountain+1","theDuelist:ArmageddonDragonEmp","theDuelist:EvilMind","theDuelist:StardustDragon","theDuelist:WaterDragon+1"],"relics":["theDuelist:MillenniumPuzzle","theDuelist:CardPoolRelic","theDuelist:CardPoolBasicRelic","theDuelist:BoosterPackPoolRelic","theDuelist:CardPoolAddRelic","theDuelist:CardPoolMinusRelic","theDuelist:CardPoolSaveRelic","theDuelist:CardPoolOptionsRelic","Bag of Marbles","LetterFromLob","theDuelist:NamelessPowerRelicA","Bag of Marbles","Snake Skull","Snack Pack","White Beast Statue","MawBank","theDuelist:Monsterbox","Cursed Key","Sling","Frozen Egg 2","ReplayTheSpireMod:TigerMarble","Carrot","Strawberry","Runic Pyramid","theDuelist:MillenniumRing"],"acts_visited":["Exordium","TheCity","TheBeyond"],"potions_floor_usage":[10,10,10,16,33,33,33,39,39,39],"damage_taken":[{"damage":0,"enemies":"2 Louse","floor":1,"turns":1},{"damage":5,"enemies":"Jaw Worm","floor":3,"turns":2},{"damage":5,"enemies":"Small Slimes","floor":4,"turns":3},{"damage":8,"enemies":"Gremlin Nob","floor":6,"turns":3},{"damage":3,"enemies":"2 Fungi Beasts","floor":7,"turns":3},{"damage":33,"enemies":"3 Sentries","floor":8,"turns":8},{"damage":0,"enemies":"Gremlin Nob","floor":10,"turns":1},{"damage":77,"enemies":"Fading Forest","floor":16,"turns":11},{"damage":32,"enemies":"3 Byrds","floor":18,"turns":6},{"damage":6,"enemies":"Shell Parasite","floor":19,"turns":3},{"damage":6,"enemies":"Centurion and Healer","floor":20,"turns":4},{"damage":7,"enemies":"Gremlin Leader","floor":24,"turns":5},{"damage":0,"enemies":"3 Cultists","floor":28,"turns":5},{"damage":0,"enemies":"theDuelist:KaibaA2","floor":29,"turns":3},{"damage":13,"enemies":"Snake Plant","floor":30,"turns":2},{"damage":18,"enemies":"Gremlin Leader","floor":31,"turns":6},{"damage":5,"enemies":"Champ","floor":33,"turns":5},{"damage":20,"enemies":"3 Shapes","floor":35,"turns":4},{"damage":35,"enemies":"3 Darklings","floor":37,"turns":4},{"damage":45,"enemies":"Transient","floor":39,"turns":2}],"seed_played":"-5319789669365104956","potions_obtained":[{"floor":3,"key":"PowerPotion"},{"floor":7,"key":"theDuelist:IcePotion"},{"floor":8,"key":"Energy Potion"},{"floor":10,"key":"theDuelist:BabyPotion"},{"floor":16,"key":"theDuelist:FireBottle"},{"floor":18,"key":"theDuelist:VampireVial"},{"floor":19,"key":"SkillPotion"},{"floor":20,"key":"FocusPotion"},{"floor":28,"key":"AttackPotion"},{"floor":31,"key":"Energy Potion"},{"floor":33,"key":"Block Potion"},{"floor":35,"key":"PowerPotion"},{"floor":37,"key":"theDuelist:TokenPotionB"}],"is_trial":false,"path_per_floor":["M","?","M","M","?","E","M","E","T","E","$","M","R","$","R","B",null,"M","M","M","$","?","R","E","?","T","R","M","E","M","E","R_BF","B",null,"M","$","M","?","M"],"character_chosen":"THE_DUELIST","items_purchased":["theDuelist:Monsterbox","Sling","theDuelist:MillenniumRing"],"campfire_rested":3,"item_purchase_floors":[14,21,36],"current_hp_per_floor":[80,80,75,70,70,62,59,26,26,30,30,30,54,54,78,5,80,48,44,40,40,40,40,37,29,29,53,53,55,42,31,31,30,87,69,69,36,36,0,0],"gold":34,"neow_bonus":"RANDOM_COMMON_RELIC","is_daily":false,"chose_seed":false,"campfire_upgraded":1,"win_rate":0.0,"timestamp":1611185014,"path_taken":["M","?","M","M","?","E","M","E","T","E","?","M","R","$","R","BOSS","M","M","M","$","?","R","E","?","T","R","M","E","M","E","R_BF","BOSS","M","$","?","?","M"],"items_purchased_type":["Relic","Relic","Relic"],"build_version":"2020-12-22","purchased_purges":2,"victory":false,"max_hp_per_floor":[80,80,80,80,80,80,80,80,80,80,80,80,80,80,80,80,80,80,80,80,80,80,80,80,80,80,80,80,80,80,87,87,87,87,87,87,87,87,87,87],"card_choices":[{"not_picked":["theDuelist:Pyrorex","theDuelist:BlackBrutdrago","theDuelist:Babycerasaurus","theDuelist:BabyDragon"],"picked":"theDuelist:AncientPixieDragon","floor":1},{"not_picked":["theDuelist:Earthquake","theDuelist:EvolutionBurst","theDuelist:SystemDown","theDuelist:EvilMind"],"picked":"theDuelist:SilverWing","floor":3},{"not_picked":["theDuelist:Pyrorex","theDuelist:Beatraptor","theDuelist:Freezadon","theDuelist:DragonZombie"],"picked":"theDuelist:CoralDragon","floor":4},{"not_picked":["theDuelist:CyberValley","theDuelist:SilverDragon","theDuelist:Kabazauls","theDuelist:GiantRex"],"picked":"theDuelist:LordD","floor":6},{"not_picked":["theDuelist:SeismicShockwave","theDuelist:DragonMastery"],"picked":"theDuelist:SliferSky","floor":7},{"not_picked":["theDuelist:TrihornedDragon","theDuelist:Kabazauls","theDuelist:BlackPtera","theDuelist:BarrelDragon"],"picked":"theDuelist:CyberTwinDragon","floor":8},{"not_picked":["theDuelist:Hinotama","theDuelist:GoldenApples","theDuelist:PurplePainOni","theDuelist:ShardGreed","theDuelist:ImperialOrder"],"picked":"SKIP","floor":10},{"not_picked":["theDuelist:QueenDragunDjinn","theDuelist:DefensiveTactics","theDuelist:CyberDragonInfinity","theDuelist:BerserkScales"],"picked":"theDuelist:DragonMastery","floor":16},{"not_picked":["theDuelist:BigFire","theDuelist:BigEye","theDuelist:PurplePainOni+1","theDuelist:Terraforming"],"picked":"theDuelist:PotGreed+1","floor":18},{"not_picked":["theDuelist:BusterBlader","theDuelist:Duoterion","theDuelist:HazyFlameHydra","theDuelist:CyberValley"],"picked":"theDuelist:CyberTwinDragon+1","floor":19},{"not_picked":["theDuelist:Vandalgyon","theDuelist:GalaxySoldier","theDuelist:AutorokketDragon","theDuelist:JurassicImpact"],"picked":"theDuelist:DragonMirror","floor":20},{"not_picked":["theDuelist:GalaxySoldier+1","theDuelist:DragonRavine+1","theDuelist:DragonMirror+1","theDuelist:BerserkScales+1"],"picked":"theDuelist:TyrantWing+1","floor":24},{"not_picked":["theDuelist:SliferSky+1","theDuelist:Scapegoat+1","theDuelist:DefensiveTactics","theDuelist:ChimeratechOverdragon"],"picked":"theDuelist:FiveHeaded","floor":28},{"not_picked":["theDuelist:SilverWing+1","theDuelist:DragonMirror+1","theDuelist:Berserking+1"],"picked":"theDuelist:Mountain+1","floor":29},{"not_picked":["theDuelist:Scapegoat","theDuelist:QueenDragunDjinn"],"picked":"theDuelist:ArmageddonDragonEmp","floor":30},{"not_picked":["theDuelist:SuperStridentBlaze","theDuelist:CyberEmergency","theDuelist:BlackVeloci+1","theDuelist:MoltenDestruction+1"],"picked":"theDuelist:EvilMind","floor":31},{"not_picked":["theDuelist:WingedDragonRa","theDuelist:WaterDragon","theDuelist:VoidOgreDragon","theDuelist:Scapegoat"],"picked":"theDuelist:StardustDragon","floor":33},{"not_picked":["theDuelist:TailSwipe","theDuelist:SeismicShockwave","theDuelist:BusterBladerDDS+1","theDuelist:ArmageddonDragonEmp+1"],"picked":"theDuelist:WaterDragon+1","floor":35},{"not_picked":["theDuelist:YamataDragon+1","theDuelist:BlackPtera+1","theDuelist:Freezadon","theDuelist:CyberDragonVier","theDuelist:ThunderDragon+1"],"picked":"SKIP","floor":37}],"player_experience":99615,"relics_obtained":[{"floor":1,"key":"LetterFromLob"},{"floor":6,"key":"Snake Skull"},{"floor":8,"key":"Snack Pack"},{"floor":9,"key":"White Beast Statue"},{"floor":10,"key":"MawBank"},{"floor":24,"key":"Frozen Egg 2"},{"floor":26,"key":"ReplayTheSpireMod:TigerMarble"},{"floor":29,"key":"Carrot"},{"floor":31,"key":"Strawberry"}],"event_choices":[{"power_reward":2,"total_magic_score":27,"gold_gain":0,"duelist":true,"damage_taken":0,"relics_obtained":["theDuelist:NamelessPowerRelicA"],"points":2,"max_hp_gain":0,"max_hp_loss":0,"spent_points":{"magic":0,"greed":0,"war":0,"power":2,"hunger":0},"event_name":"Nameless Tomb","floor":2,"gold_loss":69,"cards_obtained":[]},{"damage_healed":0,"gold_gain":0,"player_choice":"Duplicated Relic - Bag of Marbles","duelist":true,"damage_taken":0,"max_hp_gain":0,"max_hp_loss":0,"event_name":"Relic Duplicator","floor":5,"gold_loss":0},{"damage_healed":0,"gold_gain":75,"player_choice":"Touch","damage_taken":8,"max_hp_gain":0,"max_hp_loss":0,"event_name":"FaceTrader","floor":25,"gold_loss":0},{"damage_healed":0,"gold_gain":0,"player_choice":"Leave","duelist":true,"damage_taken":0,"max_hp_gain":0,"max_hp_loss":0,"event_name":"Egyptian Village","floor":38,"gold_loss":0}],"is_beta":false,"boss_relics":[{"not_picked":["Honey Jar","Replay:Drink Me"],"picked":"Cursed Key"},{"not_picked":["Snecko Scales","Inserter"],"picked":"Runic Pyramid"}],"items_purged_floors":[11,36],"is_endless":false,"potions_floor_spawned":[3,7,8,10,16,18,19,20,24,28,29,30,31,33,35,37],"killed_by":"Transient","ascension_level":4}}