{"host":"vrsxkkch9ccrec7k","time":1611122858,"event":{"mods":["Act Like it!","BaseMod","Bestiary","Better Altar","Better Match","Better Note","Better Sensory Stone","Better Skull","Better Third Choice","Better Vampires","Downfall","Minty Spire (QoL Compilation)","Permanent Neow","Relic Stats","Spicy Shops","StSLib"],"gold_per_floor":[349,366,366,34,49,62,62,62,212,229,252,278,288,21,38,133,133,133,146,160,260,273,284,284,297,297,397,423,423,68,83,103,205,205,205,225,243,261,261,261,286,306,316,316,316,349,7,23,39,39],"floor_reached":51,"language":"ENG","playtime":6788,"items_purged":["Decay","bronze:Strike","bronze:Strike","downfall:Malfunctioning"],"score":931,"play_id":"3cb43314-7cf5-42c3-9d9e-6f01fd072511","local_time":"20210120010738","is_ascension_mode":true,"campfire_choices":[{"data":"bronze:Goto","floor":1.0,"key":"SMITH"},{"floor":8.0,"key":"REST"},{"data":"Apotheosis","floor":18.0,"key":"SMITH"},{"data":"bronze:Strike","floor":26.0,"key":"PURGE"},{"data":"Mind Blast","floor":29.0,"key":"SMITH"},{"floor":35,"key":"RECALL"},{"data":"bronze:Strike","floor":40,"key":"PURGE"},{"data":"Pain","floor":45,"key":"PURGE"}],"circlet_count":0,"master_deck":["bronze:Defend","bronze:Defend","bronze:Defend","bronze:Defend","bronze:Replicate","bronze:Goto+1","bronze:NullPointer","Apotheosis+1","bronze:Iterate","bronze:MaxOutput+1","downfall:Icky","bronze:Deprecate","bronze:Frontload","bronze:Shield","bronze:FindAndReplace","bronze:Optimize+1","bronze:BurnOut","bronze:DigitalCarnage","bronze:BugBarrage","bronze:Assembly","bronze:Refactor","bronze:Goto","bronze:Turbo","bronze:BronzeArmor","bronze:ShipIt","Mind Blast+1","downfall:Icky","bronze:FindAndReplace","bronze:Fortify","bronze:ItsAFeature+1","bronze:Flail","bronze:ForLoop+1","expansioncontent:LastStand+1","bronze:ItsAFeature+1","bronze:MaxOutput+1","Sadistic Nature+1","bronze:Refactor","bronze:FineTuning","bronze:Allocate+1"],"relics":["bronze:BronzeCore","Frozen Egg 2","Bird Faced Urn","Orichalcum","Slimebound:StickyStick","Bronze Scales","Cursed Key","Peace Pipe","Pantograph","Mummified Hand","downfall:GremlinSack","Bag of Marbles","PreservedInsect","bronze:ElectromagneticCoil","Smiling Mask","Membership Card","champ:DuelingGlove","Oddly Smooth Stone","HandDrill"],"acts_visited":["Exordium","TheCity","TheBeyond"],"potions_floor_usage":[33,38,49],"damage_taken":[{"damage":13.0,"enemies":"Jaw Worm","floor":2.0,"turns":4.0},{"damage":9.0,"enemies":"downfall:FleeingMerchant","floor":4.0,"turns":4.0},{"damage":0.0,"enemies":"Small Slimes","floor":5.0,"turns":2.0},{"damage":12.0,"enemies":"2 Louse","floor":6.0,"turns":3.0},{"damage":0.0,"enemies":"2 Fungi Beasts","floor":10.0,"turns":3.0},{"damage":2.0,"enemies":"3 Sentries","floor":12.0,"turns":8.0},{"damage":8.0,"enemies":"Lots of Slimes","floor":13.0,"turns":7.0},{"damage":0.0,"enemies":"downfall:FleeingMerchant","floor":14.0,"turns":4.0},{"damage":2.0,"enemies":"Exordium Thugs","floor":15.0,"turns":5.0},{"damage":8.0,"enemies":"DF_ARCHETYPE_STREAMLINE","floor":16.0,"turns":14.0},{"damage":3.0,"enemies":"Spheric Guardian","floor":19.0,"turns":4.0},{"damage":2.0,"enemies":"Chosen and Byrds","floor":20.0,"turns":6.0},{"damage":0.0,"enemies":"Colosseum Nobs","floor":21.0,"turns":4.0},{"damage":2.0,"enemies":"Snake Plant","floor":22.0,"turns":4.0},{"damage":4.0,"enemies":"Centurion and Healer","floor":23.0,"turns":5.0},{"damage":4.0,"enemies":"Snecko","floor":25.0,"turns":4.0},{"damage":0.0,"enemies":"Snecko","floor":27.0,"turns":3.0},{"damage":27.0,"enemies":"Slavers","floor":28.0,"turns":5.0},{"damage":12.0,"enemies":"downfall:FleeingMerchant","floor":30.0,"turns":4.0},{"damage":14.0,"enemies":"Snake Plant","floor":31.0,"turns":3.0},{"damage":11.0,"enemies":"Centurion and Healer","floor":32.0,"turns":4.0},{"damage":26,"enemies":"WA_ARCHETYPE_CALM","floor":33,"turns":7},{"damage":12,"enemies":"3 Darklings","floor":36,"turns":4},{"damage":5,"enemies":"Orb Walker","floor":37,"turns":2},{"damage":23,"enemies":"Writhing Mass","floor":38,"turns":6},{"damage":11,"enemies":"Maw","floor":42,"turns":5},{"damage":2,"enemies":"3 Darklings","floor":43,"turns":4},{"damage":7,"enemies":"Giant Head","floor":46,"turns":3},{"damage":1,"enemies":"downfall:FleeingMerchant","floor":47,"turns":4},{"damage":6,"enemies":"4 Shapes","floor":48,"turns":5},{"damage":0,"enemies":"Spire Growth","floor":49,"turns":3},{"damage":19,"enemies":"SI_POISON_ARCHETYPE","floor":50,"turns":10}],"seed_played":"5767596857920838284","potions_obtained":[{"floor":5.0,"key":"Swift Potion"},{"floor":6.0,"key":"Slimebound:ThreeZeroPotion"},{"floor":12.0,"key":"Fire Potion"},{"floor":15.0,"key":"LiquidBronze"},{"floor":19.0,"key":"PowerPotion"},{"floor":22.0,"key":"Strength Potion"},{"floor":23.0,"key":"Regen Potion"},{"floor":28.0,"key":"EssenceOfSteel"},{"floor":32,"key":"bronze:FreeFunctionsPotion"},{"floor":33,"key":"Energy Potion"},{"floor":42,"key":"champ:CounterPotion"},{"floor":49,"key":"Energy Potion"}],"is_trial":false,"path_per_floor":["R","M","?","$","M","M","T","R","?","M","T","E","M","$","M","B",null,"R","M","M","?","M","M","T","M","R","?","E","R","$","M","M","B",null,"R","M","M","M","?","R","T","M","M","?","R","E","$","M","M","B",null],"character_chosen":"THE_AUTOMATON","items_purchased":["Frozen Egg 2","Bronze Scales","bronze:ItsAFeature+1","PreservedInsect","Membership Card","champ:DuelingGlove","Oddly Smooth Stone","Sadistic Nature+1","Swift Potion","bronze:Refactor","Energy Potion","HandDrill"],"campfire_rested":1,"item_purchase_floors":[4,14,30,30,47,47,47,47,47,47,47,47],"current_hp_per_floor":[70,57,57,48,48,36,36,57,57,59,59,61,55,57,57,53,66,66,67,68,70,68,68,68,66,66,68,45,45,37,38,33,38,62,62,56,53,36,36,36,36,33,41,70,70,69,70,70,70,55],"gold":39,"neow_bonus":"TWO_FIFTY_GOLD","is_daily":false,"chose_seed":false,"campfire_upgraded":3,"win_rate":0.0,"timestamp":1611122858,"path_taken":["R","M","?","$","M","M","T","R","?","M","?","E","?","$","M","BOSS","R","M","M","?","M","M","T","M","R","?","E","R","$","?","M","BOSS","R","M","M","M","?","R","T","M","M","?","R","E","$","M","M","BOSS"],"items_purchased_type":["Relic","Relic","Card","Relic","Relic","Relic","Relic","Card","Potion","Card","Potion","Relic"],"build_version":"2020-12-22","purchased_purges":4,"victory":true,"max_hp_per_floor":[70,70,70,70,70,70,70,70,70,70,70,70,70,70,70,70,70,70,70,70,70,70,70,70,70,70,70,70,70,70,70,70,70,70,70,70,70,70,70,70,70,70,70,70,70,70,70,70,70,70],"relic_stats":{"Peace Pipe":3,"counters":[32,153],"Mummified Hand":[66],"Bird Faced Urn":[109],"Bronze Scales":[252],"Pantograph":25,"PreservedInsect":125,"HandDrill":[8],"Orichalcum":[168],"Cursed Key":2,"Smiling Mask":25,"obtain_stats":[{"champ:DuelingGlove":47,"bronze:ElectromagneticCoil":34,"bronze:BronzeCore":0,"Oddly Smooth Stone":47,"PreservedInsect":30,"Frozen Egg 2":4,"Orichalcum":11,"Cursed Key":17,"Smiling Mask":46,"Peace Pipe":21,"downfall:GremlinSack":27,"Slimebound:StickyStick":12,"Mummified Hand":24,"Bird Faced Urn":7,"Bronze Scales":14,"Pantograph":21,"Bag of Marbles":28,"HandDrill":47,"Membership Card":47},{"champ:DuelingGlove":29,"bronze:ElectromagneticCoil":22,"bronze:BronzeCore":0,"Oddly Smooth Stone":29,"PreservedInsect":19,"Frozen Egg 2":2,"Orichalcum":5,"Cursed Key":10,"Smiling Mask":28,"Peace Pipe":13,"downfall:GremlinSack":17,"Slimebound:StickyStick":6,"Mummified Hand":15,"Bird Faced Urn":4,"Bronze Scales":8,"Pantograph":13,"Bag of Marbles":18,"HandDrill":29,"Membership Card":29},{"champ:DuelingGlove":135,"bronze:ElectromagneticCoil":107,"bronze:BronzeCore":0,"Oddly Smooth Stone":135,"PreservedInsect":93,"Frozen Egg 2":8,"Orichalcum":16,"Cursed Key":54,"Smiling Mask":131,"Peace Pipe":68,"downfall:GremlinSack":84,"Slimebound:StickyStick":24,"Mummified Hand":77,"Bird Faced Urn":13,"Bronze Scales":35,"Pantograph":68,"Bag of Marbles":89,"HandDrill":135,"Membership Card":135}]},"card_choices":[{"not_picked":["bronze:Turbo","bronze:BuggyMess"],"picked":"bronze:NullPointer","floor":2.0},{"not_picked":["Master of Strategy","PanicButton"],"picked":"Apotheosis","floor":3.0},{"not_picked":["bronze:DelayedGuard","bronze:BugBarrage"],"picked":"bronze:Iterate","floor":4.0},{"not_picked":["bronze:WildBeam","bronze:BugBarrage","bronze:Turbo"],"picked":"SKIP","floor":5.0},{"not_picked":["bronze:ForLoop","bronze:BuggyMess"],"picked":"bronze:MaxOutput+1","floor":6.0},{"not_picked":["bronze:GetLatest","bronze:DelayedGuard"],"picked":"bronze:Deprecate","floor":10.0},{"not_picked":["bronze:ChildClass","bronze:CloningBeam"],"picked":"bronze:Frontload","floor":12.0},{"not_picked":["bronze:Philosophize","bronze:CutThrough"],"picked":"bronze:Shield","floor":13.0},{"not_picked":["bronze:Invalidate","bronze:NullPointer"],"picked":"bronze:FindAndReplace","floor":14.0},{"not_picked":["bronze:Repulsor+1","bronze:DarkDash"],"picked":"bronze:Optimize+1","floor":15.0},{"not_picked":["bronze:ThunderWave","bronze:TinkerersToolbox"],"picked":"bronze:BurnOut","floor":16.0},{"not_picked":["bronze:FineTuning","bronze:Deprecate"],"picked":"bronze:DigitalCarnage","floor":19.0},{"not_picked":["bronze:FollowUp","bronze:Deprecate","bronze:FineTuning"],"picked":"SKIP","floor":20.0},{"not_picked":["bronze:Invalidate+1","bronze:Optimize+1"],"picked":"bronze:BugBarrage","floor":21.0},{"not_picked":["bronze:Iterate","bronze:Overheat","bronze:Philosophize"],"picked":"SKIP","floor":22.0},{"not_picked":["bronze:WhirlingStrike","bronze:BronzeOrb"],"picked":"bronze:Assembly","floor":23.0},{"not_picked":["bronze:WhirlingStrike","bronze:ChildClass"],"picked":"bronze:Refactor","floor":25.0},{"not_picked":["bronze:Repulsor+1","bronze:Separator"],"picked":"bronze:FindAndReplace","floor":28.0},{"not_picked":["bronze:Turbo","bronze:Backtrace+1"],"picked":"bronze:Fortify","floor":30.0},{"not_picked":["bronze:GetLatest","bronze:DigitalCarnage"],"picked":"bronze:Flail","floor":31.0},{"not_picked":["bronze:BuggyMess","bronze:Invalidate","bronze:OilSpill"],"picked":"SKIP","floor":32},{"not_picked":["bronze:CutThrough+1","bronze:Overheat","bronze:Shield"],"picked":"SKIP","floor":36},{"not_picked":["bronze:Iterate","bronze:CutThrough+1"],"picked":"bronze:ForLoop+1","floor":37},{"not_picked":["bronze:Safeguard+1","bronze:Shield","bronze:Turbo+1"],"picked":"SKIP","floor":38},{"not_picked":["expansioncontent:Hexaburn+1","expansioncontent:GuardianWhirl"],"picked":"expansioncontent:LastStand+1","floor":39},{"not_picked":["bronze:BuggyMess+1","bronze:Separator+1"],"picked":"bronze:ItsAFeature+1","floor":42},{"not_picked":["bronze:Deprecate+1","bronze:BronzeArmor","bronze:Optimize+1"],"picked":"SKIP","floor":43},{"not_picked":["bronze:InfiniteBeams+1","bronze:Shell","bronze:BugBarrage"],"picked":"SKIP","floor":46},{"not_picked":["bronze:FollowUp+1","bronze:Invalidate"],"picked":"bronze:MaxOutput+1","floor":47},{"not_picked":["bronze:Overheat+1","bronze:Branch+1"],"picked":"bronze:FineTuning","floor":48},{"not_picked":["bronze:Frontload","bronze:Invalidate+1"],"picked":"bronze:Allocate+1","floor":49}],"player_experience":1635305,"relics_obtained":[{"floor":7.0,"key":"Bird Faced Urn"},{"floor":11.0,"key":"Orichalcum"},{"floor":12.0,"key":"Slimebound:StickyStick"},{"floor":21.0,"key":"Peace Pipe"},{"floor":21.0,"key":"Pantograph"},{"floor":24.0,"key":"Mummified Hand"},{"floor":27.0,"key":"downfall:GremlinSack"},{"floor":28.0,"key":"Bag of Marbles"},{"floor":46,"key":"Smiling Mask"}],"event_choices":[{"damage_healed":0.0,"max_hp_gain":0.0,"max_hp_loss":0.0,"gold_gain":1.0,"event_name":"betterStone:BetterStone","player_choice":"1","floor":3.0,"gold_loss":0.0,"damage_taken":0.0}],"is_beta":false,"boss_relics":[{"not_picked":["expansioncontent:StudyCardRelic","Calling Bell"],"picked":"Cursed Key"},{"not_picked":["Empty Cage","Pandora\u0027s Box"],"picked":"bronze:ElectromagneticCoil"}],"items_purged_floors":[4,14,30,47],"is_endless":false,"potions_floor_spawned":[5,6,12,15,19,22,23,28,32,33,42,48,49],"ascension_level":5}}