{"host":"9ndbo4kgsfoemf7y","time":1611147703,"event":{"mods":["AchievementEnabler","BaseMod","Colored Map","DeckTracker","Keyboard Shortcuts","Minty Spire (QoL Compilation)","Permanent Neow","Quick Restart","Relic Stats","StSLib","SuperFastMode"],"gold_per_floor":[115,128,141,141,156,187,197,210,210,210,235,235,35,48,48,144,144,162,178,55,66,86,86,118,118,118,118,118,150,169,184,184,286,286,300,315,368,288,298,325,338,338,338,238,288,288,288,300,300,300,300],"floor_reached":50,"language":"KOR","playtime":1517,"items_purged":["Strike_R","Strike_R","Strike_R"],"score":551,"play_id":"60ca260f-63b0-4fb6-a88f-d67083e158f7","local_time":"20210120220143","is_ascension_mode":false,"campfire_choices":[{"data":"Perfected Strike","floor":12.0,"key":"SMITH"},{"data":"Offering","floor":15.0,"key":"SMITH"},{"data":"Perfected Strike","floor":23.0,"key":"SMITH"},{"data":"Rage","floor":25.0,"key":"SMITH"},{"data":"Corruption","floor":28,"key":"SMITH"},{"floor":32,"key":"REST"},{"floor":42,"key":"REST"},{"data":"Reaper","floor":46,"key":"SMITH"},{"data":"Fiend Fire","floor":49,"key":"SMITH"}],"circlet_count":0,"master_deck":["Strike_R+1","Defend_R","Defend_R","Defend_R","Bash","Perfected Strike+1","Wild Strike+1","Pommel Strike","Evolve","Wild Strike","Fiend Fire+1","Feel No Pain","Offering+1","Perfected Strike+1","Demon Form","Perfected Strike","Shockwave+1","Flame Barrier+1","Rage+1","Corruption+1","Fire Breathing","Perfected Strike","Reaper+1","Twin Strike+1"],"relics":["Burning Blood","Darkstone Periapt","StrikeDummy","The Courier","Incense Burner","Runic Cube","Blood Vial","Whetstone","Prayer Wheel","Self Forming Clay","Busted Crown","Ice Cream","Letter Opener","Potion Belt","CaptainsWheel"],"acts_visited":["Exordium","TheCity","TheBeyond"],"potions_floor_usage":[30,33,33,50,50,50],"damage_taken":[{"damage":6.0,"enemies":"Cultist","floor":1.0,"turns":3.0},{"damage":12.0,"enemies":"Small Slimes","floor":2.0,"turns":4.0},{"damage":0.0,"enemies":"2 Louse","floor":3.0,"turns":2.0},{"damage":5.0,"enemies":"Looter","floor":5.0,"turns":3.0},{"damage":26.0,"enemies":"3 Sentries","floor":6.0,"turns":8.0},{"damage":6.0,"enemies":"Exordium Thugs","floor":7.0,"turns":4.0},{"damage":10.0,"enemies":"Lots of Slimes","floor":8.0,"turns":4.0},{"damage":6.0,"enemies":"Gremlin Nob","floor":11.0,"turns":3.0},{"damage":0.0,"enemies":"Large Slime","floor":14.0,"turns":2.0},{"damage":47.0,"enemies":"The Guardian","floor":16.0,"turns":11.0},{"damage":16.0,"enemies":"Spheric Guardian","floor":18.0,"turns":3.0},{"damage":13.0,"enemies":"Chosen","floor":19.0,"turns":2.0},{"damage":23.0,"enemies":"Centurion and Healer","floor":21.0,"turns":4.0},{"damage":11.0,"enemies":"Cultist and Chosen","floor":22.0,"turns":4.0},{"damage":15.0,"enemies":"Book of Stabbing","floor":24.0,"turns":5.0},{"damage":16,"enemies":"Gremlin Leader","floor":29,"turns":5},{"damage":27,"enemies":"Snake Plant","floor":30,"turns":3},{"damage":18,"enemies":"Shelled Parasite and Fungi","floor":31,"turns":4},{"damage":32,"enemies":"Champ","floor":33,"turns":9},{"damage":0,"enemies":"3 Shapes","floor":35,"turns":5},{"damage":24,"enemies":"3 Darklings","floor":36,"turns":4},{"damage":23,"enemies":"2 Orb Walkers","floor":37,"turns":4},{"damage":17,"enemies":"4 Shapes","floor":39,"turns":12},{"damage":22,"enemies":"Giant Head","floor":40,"turns":8},{"damage":31,"enemies":"Spire Growth","floor":41,"turns":3},{"damage":21,"enemies":"Mind Bloom Boss Battle","floor":45,"turns":5},{"damage":20,"enemies":"Jaw Worm Horde","floor":48,"turns":4},{"damage":74,"enemies":"Time Eater","floor":50,"turns":9}],"seed_played":"9027503572586757791","potions_obtained":[{"floor":1.0,"key":"Swift Potion"},{"floor":6.0,"key":"GamblersBrew"},{"floor":7.0,"key":"SpeedPotion"},{"floor":14.0,"key":"Regen Potion"},{"floor":19.0,"key":"Strength Potion"},{"floor":21.0,"key":"EssenceOfSteel"},{"floor":30,"key":"SkillPotion"},{"floor":33,"key":"Block Potion"},{"floor":37,"key":"SpeedPotion"},{"floor":45,"key":"SmokeBomb"},{"floor":48,"key":"SpeedPotion"}],"is_trial":false,"path_per_floor":["M","M","M","T","M","E","M","M","T","?","E","R","$","M","R","B",null,"M","M","$","M","M","R","E","R","T","?","R","E","M","M","R","B",null,"M","M","?","$","M","E","M","R","T","$","?","R","?","M","R","B"],"character_chosen":"IRONCLAD","items_purchased":["Feel No Pain","Offering","Blood Vial"],"campfire_rested":2,"item_purchase_floors":[13,13,20],"current_hp_per_floor":[80,74,80,80,80,60,60,56,56,56,56,56,56,62,62,21,80,70,63,63,48,45,45,38,38,38,38,38,30,20,10,34,10,80,80,70,55,55,46,36,25,49,49,49,51,51,51,59,59,0,0],"gold":300,"neow_bonus":"REMOVE_CARD","is_daily":false,"chose_seed":false,"campfire_upgraded":7,"win_rate":0.0,"timestamp":1611147703,"path_taken":["M","M","M","?","?","E","M","M","T","?","E","R","$","M","R","BOSS","M","M","$","M","?","R","E","R","T","?","R","E","?","M","R","BOSS","M","M","?","$","M","E","M","R","T","$","?","R","?","M","R","BOSS"],"items_purchased_type":["Card","Card","Relic"],"build_version":"2020-12-22","purchased_purges":3,"victory":false,"max_hp_per_floor":[80,80,80,80,80,80,80,80,80,80,80,80,80,80,80,80,80,80,80,80,80,80,80,80,80,80,80,80,80,80,80,80,80,80,80,80,80,80,80,80,80,80,80,80,80,80,80,80,80,80,80],"relic_stats":{"Darkstone Periapt":0,"Blood Vial":28,"Busted Crown":26,"counters":[28,137],"Self Forming Clay":[129],"Prayer Wheel":7,"Whetstone":["Wild Strike","Strike_R"],"Letter Opener":[5],"obtain_stats":[{"Darkstone Periapt":4,"Ice Cream":37,"Potion Belt":43,"Self Forming Clay":29,"The Courier":9,"Incense Burner":11,"Whetstone":24,"Letter Opener":40,"Burning Blood":0,"Blood Vial":20,"CaptainsWheel":45,"Busted Crown":34,"Prayer Wheel":26,"StrikeDummy":6,"Runic Cube":17},{"Darkstone Periapt":3,"Ice Cream":22,"Potion Belt":25,"Self Forming Clay":16,"The Courier":7,"Incense Burner":8,"Whetstone":15,"Letter Opener":24,"Burning Blood":0,"Blood Vial":12,"CaptainsWheel":26,"Busted Crown":19,"Prayer Wheel":15,"StrikeDummy":5,"Runic Cube":10},{"Darkstone Periapt":9,"Ice Cream":96,"Potion Belt":119,"Self Forming Clay":67,"The Courier":28,"Incense Burner":31,"Whetstone":62,"Letter Opener":116,"Burning Blood":0,"Blood Vial":49,"CaptainsWheel":124,"Busted Crown":83,"Prayer Wheel":62,"StrikeDummy":20,"Runic Cube":44}],"Burning Blood":155,"Runic Cube":[63]},"card_choices":[{"not_picked":["Rampage","Clash"],"picked":"Perfected Strike","floor":1.0},{"not_picked":["Clash","Rampage"],"picked":"Wild Strike","floor":2.0},{"not_picked":["Armaments","Spot Weakness","Body Slam"],"picked":"SKIP","floor":3.0},{"not_picked":["Headbutt","Iron Wave"],"picked":"Pommel Strike","floor":5.0},{"not_picked":["Clash","Heavy Blade"],"picked":"Evolve","floor":6.0},{"not_picked":["Thunderclap","Clothesline"],"picked":"Wild Strike","floor":7.0},{"not_picked":["Shrug It Off","Dropkick","Headbutt"],"picked":"SKIP","floor":8.0},{"not_picked":["Shrug It Off","Flex","Rupture"],"picked":"SKIP","floor":11.0},{"not_picked":["Dark Embrace","Clothesline"],"picked":"Perfected Strike","floor":14.0},{"not_picked":["Immolate","Bludgeon"],"picked":"Demon Form","floor":16.0},{"not_picked":["Havoc+1","Pommel Strike"],"picked":"Perfected Strike","floor":18.0},{"not_picked":["Evolve+1","Havoc"],"picked":"Shockwave+1","floor":19.0},{"not_picked":["Dual Wield","Shrug It Off"],"picked":"Flame Barrier+1","floor":21.0},{"not_picked":["Iron Wave+1","Shrug It Off","True Grit"],"picked":"SKIP","floor":22.0},{"not_picked":["Seeing Red+1","Wild Strike"],"picked":"Rage","floor":24.0},{"not_picked":["Flex+1","Anger","Clothesline+1"],"picked":"SKIP","floor":29},{"not_picked":["Bloodletting","Iron Wave+1"],"picked":"Battle Trance","floor":30},{"not_picked":["Flex","Uppercut"],"picked":"Fire Breathing","floor":30},{"not_picked":["Iron Wave","Clash"],"picked":"Perfected Strike","floor":31},{"not_picked":["Dropkick+1","Thunderclap+1","Heavy Blade+1"],"picked":"SKIP","floor":31},{"not_picked":["Brutality","Juggernaut"],"picked":"Reaper","floor":33},{"not_picked":["Clothesline"],"picked":"SKIP","floor":35},{"not_picked":["Clash"],"picked":"SKIP","floor":35},{"not_picked":["Intimidate"],"picked":"SKIP","floor":36},{"not_picked":["Warcry+1"],"picked":"SKIP","floor":36},{"not_picked":[],"picked":"Twin Strike+1","floor":39},{"not_picked":["Flex"],"picked":"SKIP","floor":39},{"not_picked":["Battle Trance"],"picked":"SKIP","floor":40},{"not_picked":["Sever Soul+1"],"picked":"SKIP","floor":41},{"not_picked":["Sword Boomerang"],"picked":"SKIP","floor":41},{"not_picked":["Clash+1"],"picked":"SKIP","floor":48},{"not_picked":["Pummel+1"],"picked":"SKIP","floor":48}],"player_experience":835426,"relics_obtained":[{"floor":4.0,"key":"Darkstone Periapt"},{"floor":6.0,"key":"StrikeDummy"},{"floor":9.0,"key":"The Courier"},{"floor":11.0,"key":"Incense Burner"},{"floor":24.0,"key":"Whetstone"},{"floor":26.0,"key":"Prayer Wheel"},{"floor":29,"key":"Self Forming Clay"},{"floor":37,"key":"Ice Cream"},{"floor":40,"key":"Letter Opener"},{"floor":43,"key":"Potion Belt"},{"floor":45,"key":"CaptainsWheel"}],"event_choices":[{"damage_healed":0.0,"max_hp_gain":0.0,"max_hp_loss":0.0,"gold_gain":0.0,"cards_transformed":["Defend_R"],"event_name":"Transmorgrifier","player_choice":"Transformed","floor":10.0,"gold_loss":0.0,"damage_taken":0.0,"cards_obtained":["Fiend Fire"]},{"damage_healed":0,"gold_gain":0,"player_choice":"1 cards matched","damage_taken":0,"max_hp_gain":0,"max_hp_loss":0,"event_name":"Match and Keep!","floor":27,"gold_loss":0,"cards_obtained":["Corruption"]},{"damage_healed":0,"gold_gain":0,"player_choice":"Fight","damage_taken":0,"max_hp_gain":0,"max_hp_loss":0,"event_name":"Mysterious Sphere","floor":37,"gold_loss":0},{"damage_healed":0,"gold_gain":0,"player_choice":"Fight","damage_taken":0,"max_hp_gain":0,"max_hp_loss":0,"event_name":"MindBloom","floor":45,"gold_loss":0},{"cards_removed":["Battle Trance"],"damage_healed":0,"gold_gain":0,"player_choice":"Removed Skill","damage_taken":0,"max_hp_gain":0,"max_hp_loss":0,"event_name":"Falling","floor":47,"gold_loss":0}],"is_beta":false,"boss_relics":[{"not_picked":["Fusion Hammer","SacredBark"],"picked":"Runic Cube"},{"not_picked":["Astrolabe","SlaversCollar"],"picked":"Busted Crown"}],"items_purged_floors":[13,38,44],"is_endless":false,"potions_floor_spawned":[1,6,7,14,19,21,30,33,37,40,45,48],"killed_by":"Time Eater","ascension_level":0}}