{"host":"627up2rvtmm0cf0r","time":1611147735,"event":{"mods":["100% Spire Juice","ATMod(阿瑾Mod)","Act Like it!","BaseMod","Better Vampires","CapriCore","Card Filter","Card Forge","Colored Powertips","DeckTracker","Dota2Spire","Downfall","Energized Spire","Friendly Minions","Highlight Path","Infinite Spire","Jedi Mod","Marked Mod","Mimic Mod","Minty Spire (QoL Compilation)","MostiFishMod","Permanent Neow","Practice Mode","Quick Restart","Relic Stats","Shop Mod","Spicy Shops","StSLib","SuperFastMode","TestMod","The Blackbeard","The Marked","【遗物卡牌】REMEMod","残留之物","篝火指南"],"gold_per_floor":[99,111,130,150,150,166,193,227,246,256,287,8,21,47,60,158,158,158,172,189,203,203,239,239,261,277,384,402,611,636,675,697,802,802,602,620,620,1020,1036,1077,1077,1084,931,964,673,695,729,751,768,778],"floor_reached":51,"language":"ZHS","playtime":2257,"items_purged":["Slimebound:Strike_Slimebound","Slimebound:Chomp","Slimebound:LeadByExample","Slimebound:Tackle","Slimebound:Defend_Slimebound"],"score":1174,"play_id":"ca890f8c-3a08-43b6-80de-57cbf734d924","local_time":"20210120210215","is_ascension_mode":true,"campfire_choices":[{"data":"Slimebound:CorrosiveSpit","floor":1,"key":"SMITH"},{"data":"Slimebound:SlimeSlap","floor":18,"key":"SMITH"},{"data":"expansioncontent:DashGenerateEvil","floor":35,"key":"SMITH"}],"circlet_count":0,"master_deck":["Slimebound:Defend_Slimebound","Slimebound:Defend_Slimebound","Slimebound:Defend_Slimebound","Slimebound:Split+1","Slimebound:CorrosiveSpit+1","Slimebound:GoopSpray","Slimebound:ComboTackle","Slimebound:Equalize","Slimebound:RainOfGoop","Slimebound:SlimeSlap+1","expansioncontent:DashGenerateEvil+1","infinitespire:Gouge"],"relics":["Slimebound:AbsorbEndCombat","Hammer of Thor","Seething Fire","Anvil of the Gods","DaveBox","testmod-TestBox","AT_ATBox","testmod-RainbowHikingShoes","Membership Card","PreservedInsect","Dota2Spire:ArmletOfMordiggian","Dota2Spire:OctarineCore","infinitespire:CheckeredPen","infinitespire:Satchel","testmod-DeterminationOfClimber","Dota2Spire:PowerTreads","MutagenicStrength","Blood Vial","Black Star","downfall:HeartBlessingGreen","downfall:HeartBlessingBlue","Dota2Spire:DivineRapier","PlaceholderMod:DaolothFragment","TungstenRod","Vajra","jedi:angrymask","AT_ArchangelStaff","ArrowTower","jedi:Pinwheel","Boot"],"acts_visited":["Exordium","TheCity","TheBeyond"],"potions_floor_usage":[11,19],"damage_taken":[{"damage":10,"enemies":"Small Slimes","floor":2,"turns":4},{"damage":3,"enemies":"Cultist","floor":3,"turns":3},{"damage":1,"enemies":"Jaw Worm","floor":4,"turns":3},{"damage":18,"enemies":"Lots of Slimes","floor":6,"turns":3},{"damage":19,"enemies":"Gremlin Nob","floor":8,"turns":3},{"damage":3,"enemies":"3 Louse","floor":9,"turns":2},{"damage":3,"enemies":"Blue Slaver","floor":10,"turns":3},{"damage":5,"enemies":"3 Sentries","floor":11,"turns":3},{"damage":3,"enemies":"downfall:FleeingMerchant","floor":12,"turns":4},{"damage":2,"enemies":"2 Fungi Beasts","floor":13,"turns":3},{"damage":0,"enemies":"Lagavulin","floor":14,"turns":3},{"damage":3,"enemies":"Large Slime","floor":15,"turns":3},{"damage":23,"enemies":"IC_STATUS_ARCHETYPE","floor":16,"turns":3},{"damage":3,"enemies":"3 Byrds","floor":19,"turns":3},{"damage":4,"enemies":"Chosen","floor":20,"turns":3},{"damage":0,"enemies":"Centurion and Healer","floor":21,"turns":3},{"damage":3,"enemies":"Slavers","floor":23,"turns":1},{"damage":0,"enemies":"Shelled Parasite and Fungi","floor":25,"turns":2},{"damage":0,"enemies":"Snake Plant","floor":26,"turns":1},{"damage":0,"enemies":"downfall:Augmenter","floor":27,"turns":1},{"damage":0,"enemies":"Centurion and Healer","floor":28,"turns":1},{"damage":0,"enemies":"downfall:FleeingMerchant","floor":29,"turns":1},{"damage":0,"enemies":"Cultist and Chosen","floor":30,"turns":1},{"damage":0,"enemies":"REME_1_Revenger","floor":31,"turns":1},{"damage":0,"enemies":"Shelled Parasite and Fungi","floor":32,"turns":1},{"damage":4,"enemies":"WA_ARCHETYPE_CALM","floor":33,"turns":1},{"damage":3,"enemies":"3 Darklings","floor":36,"turns":1},{"damage":0,"enemies":"Orb Walker","floor":39,"turns":1},{"damage":0,"enemies":"Reptomancer","floor":40,"turns":1},{"damage":2,"enemies":"Reptomancer","floor":42,"turns":1},{"damage":2,"enemies":"Nemesis","floor":44,"turns":1},{"damage":2,"enemies":"4 Shapes","floor":46,"turns":1},{"damage":0,"enemies":"Maw","floor":47,"turns":1},{"damage":0,"enemies":"Writhing Mass","floor":48,"turns":1},{"damage":0,"enemies":"Jaw Worm Horde","floor":49,"turns":1},{"damage":0,"enemies":"SI_POISON_ARCHETYPE","floor":50,"turns":1}],"seed_played":"-2494738312617380048","potions_obtained":[{"floor":3,"key":"ColorlessPotion"},{"floor":8,"key":"FearPotion"},{"floor":13,"key":"SteroidPotion"},{"floor":15,"key":"Explosive Potion"},{"floor":16,"key":"champ:CounterPotion"},{"floor":19,"key":"Fruit Juice"},{"floor":27,"key":"jedi:hoardpotion"}],"is_trial":false,"path_per_floor":["R","M","M","M","?","M","T","E","M","M","E","$","M","E","M","B",null,"R","M","M","M","?","E","T","M","M","?","M","$","M","E","M","B",null,"R","M","?","?","M","E","T","?","$","E","R","M","M","M","M","B",null],"character_chosen":"SLIMEBOUND","items_purchased":["expansioncontent:DashGenerateEvil","infinitespire:CheckeredPen","Vajra","ArrowTower","jedi:Pinwheel","Boot"],"campfire_rested":0,"item_purchase_floors":[12,12,43,45,45,45],"current_hp_per_floor":[65,57,56,61,61,49,49,38,43,44,47,56,65,65,62,44,65,65,70,70,70,53,53,53,53,53,53,53,53,53,53,53,53,53,63,63,48,48,59,63,63,63,63,63,63,63,63,63,63,63],"gold":778,"neow_bonus":"THREE_CARDS","is_daily":false,"chose_seed":false,"campfire_upgraded":3,"win_rate":0.0,"timestamp":1611147735,"path_taken":["R","M","M","M","?","M","T","E","?","?","E","$","M","E","M","BOSS","R","M","M","M","?","E","T","M","?","?","M","$","M","E","M","BOSS","R","M","?","?","M","E","T","?","$","E","R","M","M","?","M","BOSS"],"items_purchased_type":["Card","Relic","Relic","Relic","Relic","Relic"],"build_version":"2020-12-22","purchased_purges":5,"victory":true,"max_hp_per_floor":[65,65,65,65,65,65,65,65,65,65,65,65,65,65,65,65,65,65,70,70,70,53,53,53,53,53,53,53,53,53,53,53,53,53,63,63,63,63,63,63,63,63,63,63,63,63,63,63,63,63],"relic_stats":{"Blood Vial":4,"counters":[36,67],"PreservedInsect":422,"Black Star":2,"Boot":[0],"obtain_stats":[{"jedi:angrymask":44,"Dota2Spire:PowerTreads":23,"AT_ATBox":0,"DaveBox":0,"PlaceholderMod:DaolothFragment":40,"Dota2Spire:ArmletOfMordiggian":8,"Vajra":43,"downfall:HeartBlessingGreen":35,"Hammer of Thor":0,"jedi:command_boss":22,"testmod-RainbowHikingShoes":0,"jedi:Pinwheel":45,"AT_ArchangelStaff":44,"Boot":45,"Blood Vial":31,"downfall:HeartBlessingBlue":35,"Dota2Spire:DivineRapier":40,"testmod-DeterminationOfClimber":22,"testmod-TestBox":0,"PreservedInsect":7,"Seething Fire":0,"infinitespire:CheckeredPen":12,"Anvil of the Gods":0,"MutagenicStrength":27,"infinitespire:Satchel":14,"Slimebound:AbsorbEndCombat":0,"Dota2Spire:OctarineCore":11,"Black Star":34,"Membership Card":0,"ArrowTower":45,"TungstenRod":41,"REME_ComplimentaryCards":0},{"jedi:angrymask":31,"Dota2Spire:PowerTreads":17,"AT_ATBox":0,"DaveBox":0,"PlaceholderMod:DaolothFragment":29,"Dota2Spire:ArmletOfMordiggian":5,"Vajra":30,"downfall:HeartBlessingGreen":26,"Hammer of Thor":0,"jedi:command_boss":16,"testmod-RainbowHikingShoes":0,"jedi:Pinwheel":31,"AT_ArchangelStaff":31,"Boot":31,"Blood Vial":24,"downfall:HeartBlessingBlue":26,"Dota2Spire:DivineRapier":29,"testmod-DeterminationOfClimber":16,"testmod-TestBox":0,"PreservedInsect":4,"Seething Fire":0,"infinitespire:CheckeredPen":9,"Anvil of the Gods":0,"MutagenicStrength":20,"infinitespire:Satchel":11,"Slimebound:AbsorbEndCombat":0,"Dota2Spire:OctarineCore":8,"Black Star":26,"Membership Card":0,"ArrowTower":31,"TungstenRod":29,"REME_ComplimentaryCards":0},{"jedi:angrymask":62,"Dota2Spire:PowerTreads":47,"AT_ATBox":0,"DaveBox":0,"PlaceholderMod:DaolothFragment":60,"Dota2Spire:ArmletOfMordiggian":15,"Vajra":61,"downfall:HeartBlessingGreen":57,"Hammer of Thor":0,"jedi:command_boss":46,"testmod-RainbowHikingShoes":0,"jedi:Pinwheel":62,"AT_ArchangelStaff":62,"Boot":62,"Blood Vial":55,"downfall:HeartBlessingBlue":57,"Dota2Spire:DivineRapier":60,"testmod-DeterminationOfClimber":46,"testmod-TestBox":0,"PreservedInsect":12,"Seething Fire":0,"infinitespire:CheckeredPen":26,"Anvil of the Gods":0,"MutagenicStrength":51,"infinitespire:Satchel":32,"Slimebound:AbsorbEndCombat":0,"Dota2Spire:OctarineCore":22,"Black Star":57,"Membership Card":0,"ArrowTower":62,"TungstenRod":60,"REME_ComplimentaryCards":0}],"TungstenRod":3},"card_choices":[{"not_picked":["Slimebound:FlameTackle","Slimebound:Grow"],"picked":"Slimebound:GoopSpray","floor":2},{"not_picked":["Slimebound:ComboTackle","Slimebound:FinishingTackle","Slimebound:HauntingLick"],"picked":"SKIP","floor":3},{"not_picked":["Slimebound:LeechEnergy","Slimebound:SlimeSpikes"],"picked":"Slimebound:ComboTackle","floor":4},{"not_picked":["Slimebound:Replication","Slimebound:SamplingLick"],"picked":"Slimebound:Equalize","floor":6},{"not_picked":["Slimebound:MegaLick","Slimebound:GoopTackle","Slimebound:HauntingLick"],"picked":"SKIP","floor":8},{"not_picked":["Slimebound:Schlurp","Slimebound:ViciousTackle"],"picked":"Slimebound:RainOfGoop","floor":9},{"not_picked":["Slimebound:LeechingTouch","Slimebound:SplitLeeching","Slimebound:LivingWall"],"picked":"SKIP","floor":10},{"not_picked":["Slimebound:LevelUp","Slimebound:DivideAndConquer"],"picked":"Slimebound:SlimeSlap","floor":11},{"not_picked":["Slimebound:SplitMire","Slimebound:Grow","Slimebound:ItLooksTasty"],"picked":"SKIP","floor":12},{"not_picked":["Slimebound:LivingWall","Slimebound:SamplingLick","Slimebound:ViciousTackle"],"picked":"SKIP","floor":13},{"not_picked":["Slimebound:DisruptingSlam","Slimebound:SplitAcid","Slimebound:LeechingTouch"],"picked":"SKIP","floor":14},{"not_picked":["Slimebound:Schlurp","Slimebound:Chomp","Slimebound:Equalize"],"picked":"SKIP","floor":15},{"not_picked":["Slimebound:ComboTackle","Slimebound:LeechingTouch+1","Slimebound:Equalize"],"picked":"SKIP","floor":19},{"not_picked":["Slimebound:SlimeSpikes","Slimebound:LeechEnergy+1","Slimebound:GoopTackle+1"],"picked":"SKIP","floor":20},{"not_picked":["Slimebound:SplitBruiser","Slimebound:Repurpose","Slimebound:GrowthPunch"],"picked":"SKIP","floor":21},{"not_picked":["Slimebound:RollThrough","Slimebound:SlimeSpikes","Slimebound:PressTheAttack"],"picked":"SKIP","floor":23},{"not_picked":["Slimebound:SlimeSpikes","Slimebound:PressTheAttack","Slimebound:SplitLeeching"],"picked":"SKIP","floor":25},{"not_picked":["Slimebound:ServeAndProtect","Slimebound:SplitLeeching","Slimebound:FlameTackle"],"picked":"SKIP","floor":26},{"not_picked":["Slimebound:RollThrough+1","Slimebound:BestDefense","Slimebound:SamplingLick"],"picked":"SKIP","floor":28},{"not_picked":["Slimebound:SlimeSlap","Slimebound:DuplicatedForm","Slimebound:SplitBruiser"],"picked":"SKIP","floor":29},{"not_picked":["Slimebound:SplitAcid","Slimebound:LivingWall","Slimebound:Prepare"],"picked":"SKIP","floor":30},{"not_picked":["Slimebound:SlimeSlap","Slimebound:LeechEnergy","Slimebound:Prepare"],"picked":"SKIP","floor":31},{"not_picked":["Slimebound:GoopTackle","Slimebound:LeechingTouch+1","Slimebound:BestDefense"],"picked":"SKIP","floor":32},{"not_picked":["Slimebound:SplitLeeching","Slimebound:ProtectTheBoss+1","Slimebound:ItLooksTasty+1"],"picked":"SKIP","floor":36},{"not_picked":["infinitespire:Fortify","infinitespire:Punishment"],"picked":"infinitespire:Gouge","floor":37},{"not_picked":["Slimebound:ViciousTackle+1","Slimebound:TongueLash+1","Slimebound:SlimeSpikes"],"picked":"SKIP","floor":39},{"not_picked":["Slimebound:DisruptingSlam","Slimebound:MassFeed","Slimebound:SlimeSpikes"],"picked":"SKIP","floor":40},{"not_picked":["Slimebound:SplitLeeching+1","Slimebound:Nibble+1","Slimebound:ViciousTackle"],"picked":"SKIP","floor":44},{"not_picked":["Slimebound:ServeAndProtect+1","Slimebound:GoopSpray","Slimebound:Chomp+1"],"picked":"SKIP","floor":46},{"not_picked":["Slimebound:Gluttony+1","Slimebound:SlimeTap","Slimebound:SplitMire"],"picked":"SKIP","floor":47},{"not_picked":["Slimebound:GoopSpray","Slimebound:SplitAcid","Slimebound:Nibble+1"],"picked":"SKIP","floor":48},{"not_picked":["Slimebound:SplitAcid","Slimebound:OozeBath","Slimebound:Schlurp+1"],"picked":"SKIP","floor":49}],"player_experience":126889,"relics_obtained":[{"floor":7,"key":"PreservedInsect"},{"floor":8,"key":"Dota2Spire:ArmletOfMordiggian"},{"floor":11,"key":"Dota2Spire:OctarineCore"},{"floor":14,"key":"infinitespire:Satchel"},{"floor":23,"key":"Dota2Spire:PowerTreads"},{"floor":27,"key":"MutagenicStrength"},{"floor":31,"key":"Blood Vial"},{"floor":40,"key":"Dota2Spire:DivineRapier"},{"floor":40,"key":"PlaceholderMod:DaolothFragment"},{"floor":41,"key":"TungstenRod"},{"floor":44,"key":"jedi:angrymask"},{"floor":44,"key":"AT_ArchangelStaff"}],"event_choices":[{"damage_healed":0,"gold_gain":400,"player_choice":"Sell","damage_taken":0,"max_hp_gain":0,"max_hp_loss":0,"event_name":"恩洛斯的盘子","floor":38,"relics_lost":["REME_ComplimentaryCards"],"gold_loss":0}],"is_beta":false,"boss_relics":[{"not_picked":["testmod-BatchProcessingSystem","energizedSpire:CursedPentagram","testmod-DreamHouse"]},{"not_picked":["testmod-Fanaticism","PatriotShield"],"picked":"Black Star"}],"items_purged_floors":[12,29,29,43,45],"is_endless":false,"potions_floor_spawned":[3,8,13,15,16,19,27,28,30,33,36,44,47,48],"ascension_level":1}}