{"host":"jpol0bbzretdyr3c","time":1611165217,"event":{"mods":["100% Spire Juice","Act Like it!","BaseMod","Colored Map","Gensokyo","Infinite Spire","Koishi","Marisa????????","Minty Spire (QoL Compilation)","Replay The Spire","StSLib","The Servant 0.9.4"],"gold_per_floor":[113,129,142,22,41,69,69,96,96,116,147,27,40,66,66,171,51,70,80,80,90,107,107,132,146,192,192,219,219,244,276,276,276,276],"floor_reached":33,"language":"ENG","playtime":2509,"items_purged":[],"score":424,"play_id":"d4ca96b5-c851-4432-80af-11a04d82a2f6","local_time":"20210120095337","is_ascension_mode":true,"campfire_choices":[{"data":"Moonworks:MiracleRedBeanIceCream","floor":7.0,"key":"SMITH"},{"floor":15,"key":"DIG"},{"data":"Moonworks:MetallicMonocoque","floor":23,"key":"SMITH"},{"floor":27,"key":"REST"},{"floor":29,"key":"REST"},{"floor":32,"key":"REST"}],"circlet_count":0,"master_deck":["Moonworks:Strike","Moonworks:Strike","Moonworks:Strike","Moonworks:Strike","Moonworks:Defend","Moonworks:Defend","Moonworks:Defend","Moonworks:Defend","Moonworks:Ambush+1","Moonworks:LongDistanceShot","Moonworks:MiracleRedBeanIceCream+1","Moonworks:JonathanRush","Moonworks:FinalSurgery","Moonworks:JonathanRush","Moonworks:JonathanRush+1","Moonworks:ShieldCounter","Moonworks:CompletionReward+1","Moonworks:MeltingMemories","Moonworks:BigBangBell","Moonworks:EvilSpyWorkPreparation","Moonworks:MetallicMonocoque+1","Moonworks:LuckyCharm","Moonworks:LulusLuckyEgg+1","Moonworks:CompletionReward+1","Moonworks:BigMagnum+1","Moonworks:JonathanRush+1","Moonworks:EvilSpyWorkPreparation","Moonworks:SelfDestruct+1"],"relics":["Moonworks:BrokenBomb","Moonworks:Homemark","Molten Egg 2","Vajra","Mercury Hourglass","Lantern","Pen Nib","ChewingGum","Gensokyo:DirgeOfMelancholy","Omamori","Blue Doll","Toy Ornithopter","Boot","infinitespire:Lychee Nut"],"acts_visited":["Gensokyo:Gensokyo","Gensokyo:Gensokyoer"],"potions_floor_usage":[33],"damage_taken":[{"damage":0.0,"enemies":"Gensokyo:3_Fairies","floor":1.0,"turns":3.0},{"damage":0.0,"enemies":"Gensokyo:Python","floor":2.0,"turns":2.0},{"damage":2.0,"enemies":"Gensokyo:Gryphon","floor":3.0,"turns":3.0},{"damage":2.0,"enemies":"Gensokyo:2_Rabbits","floor":5.0,"turns":4.0},{"damage":18.0,"enemies":"Gensokyo:Aya","floor":6.0,"turns":4.0},{"damage":13.0,"enemies":"Gensokyo:Cirno","floor":8.0,"turns":5.0},{"damage":4.0,"enemies":"Gensokyo:CorruptedTreant","floor":10.0,"turns":3.0},{"damage":0.0,"enemies":"Gensokyo:Mamizou","floor":11.0,"turns":6.0},{"damage":0.0,"enemies":"Gensokyo:3_Kodama","floor":13.0,"turns":1.0},{"damage":0.0,"enemies":"Gensokyo:Cirno","floor":14.0,"turns":5.0},{"damage":6,"enemies":"Gensokyo:Reimu","floor":16,"turns":6},{"damage":17,"enemies":"Gensokyo:AngelMirror","floor":18,"turns":2},{"damage":0,"enemies":"Gensokyo:3_Dogs","floor":21,"turns":1},{"damage":0,"enemies":"Gensokyo:Swordslinger","floor":22,"turns":3},{"damage":30,"enemies":"Gensokyo:Tenshi","floor":24,"turns":3},{"damage":25,"enemies":"Gensokyo:3_Gloops","floor":25,"turns":4},{"damage":18,"enemies":"Gensokyo:Reisen","floor":28,"turns":4},{"damage":19,"enemies":"Gensokyo:Tenshi","floor":31,"turns":3},{"damage":59,"enemies":"Gensokyo:Eiki","floor":33,"turns":3}],"seed_played":"-7407804057358280259","potions_obtained":[{"floor":1.0,"key":"SpeedPotion"},{"floor":2.0,"key":"Energy Potion"},{"floor":6.0,"key":"Adrenaline Potion"},{"floor":8.0,"key":"Moonworks:OneHundredPercentOrangeJuicePotion"},{"floor":14,"key":"Energy Potion"}],"is_trial":false,"path_per_floor":["M","M","M","?","M","E","R","E","T","M","E","?","M","E","R_BF","B",null,"M","?","?","M","M","R","E","M","T","R","E","R","T","E","R","B"],"character_chosen":"THE_STARBREAKER","items_purchased":[],"campfire_rested":3,"item_purchase_floors":[],"current_hp_per_floor":[60,60,60,66,66,53,53,45,45,46,51,51,51,56,56,55,66,54,54,54,54,59,59,34,9,9,28,22,41,41,22,36,0,0],"gold":276,"neow_bonus":"UPGRADE_CARD","is_daily":false,"chose_seed":false,"campfire_upgraded":2,"win_rate":0.0,"timestamp":1611165217,"path_taken":["M","M","M","?","M","E","R","E","T","M","E","?","M","E","R_BF","BOSS","M","?","?","M","M","R","E","M","T","R","E","R","?","E","R","BOSS"],"items_purchased_type":[],"build_version":"2020-12-22","purchased_purges":0,"victory":false,"max_hp_per_floor":[60,60,60,66,66,66,66,66,66,66,66,66,66,66,66,66,66,66,66,66,66,66,66,66,66,66,66,66,66,66,49,49,49,49],"card_choices":[{"not_picked":["Moonworks:BigMagnum","Moonworks:NicePresent"],"picked":"Moonworks:MiracleRedBeanIceCream","floor":1.0},{"not_picked":["Moonworks:LulusLuckyEgg","Moonworks:IndiscriminateFireSupport"],"picked":"Moonworks:JonathanRush","floor":2.0},{"not_picked":["Moonworks:MiracleWalker","Moonworks:ImOnFire"],"picked":"Moonworks:FinalSurgery","floor":3.0},{"not_picked":["Moonworks:SakisCookie","Moonworks:LulusLuckyEgg"],"picked":"Moonworks:JonathanRush","floor":5.0},{"not_picked":["Moonworks:EvilSpyWorkPreparation","Moonworks:LulusLuckyEgg"],"picked":"Moonworks:JonathanRush+1","floor":6.0},{"not_picked":["Moonworks:DeployBits","Moonworks:ReproductionOfRecords"],"picked":"Moonworks:ShieldCounter","floor":8.0},{"not_picked":["Moonworks:LulusLuckyEgg","Moonworks:NicePresent"],"picked":"Moonworks:CompletionReward+1","floor":10.0},{"not_picked":["Moonworks:MiracleRedBeanIceCream","Moonworks:BackdoorTrade"],"picked":"Moonworks:MeltingMemories","floor":11.0},{"not_picked":["Moonworks:SelfDestruct+1","Moonworks:SakisCookie"],"picked":"Moonworks:BigBangBell","floor":13.0},{"not_picked":["Moonworks:WeAreWaruda","Moonworks:IndiscriminateFireSupport+1"],"picked":"Moonworks:EvilSpyWorkPreparation","floor":14},{"not_picked":["Moonworks:Gamble+1","Moonworks:MeltingMemories"],"picked":"Moonworks:MetallicMonocoque","floor":16},{"not_picked":["Moonworks:BigMagnum","Moonworks:ImOnFire+1"],"picked":"Moonworks:LuckyCharm","floor":18},{"not_picked":["Moonworks:TreasureThief","Moonworks:EvilSpyWorkPreparation"],"picked":"Moonworks:LulusLuckyEgg+1","floor":21},{"not_picked":["Moonworks:NicePresent","Moonworks:x16BigRocket+1"],"picked":"Moonworks:CompletionReward+1","floor":22},{"not_picked":["Moonworks:SweetBattle","Moonworks:EvilSpyWorkPreparation"],"picked":"Moonworks:BigMagnum+1","floor":24},{"not_picked":["Moonworks:IndiscriminateFireSupport+1","Moonworks:ScrambledEve"],"picked":"Moonworks:JonathanRush+1","floor":25},{"not_picked":["Moonworks:LulusLuckyEgg+1","Moonworks:AwakeningOfTalent+1"],"picked":"Moonworks:EvilSpyWorkPreparation","floor":28},{"not_picked":["Moonworks:BigMagnum","Moonworks:IndiscriminateFireSupport+1"],"picked":"Moonworks:SelfDestruct+1","floor":31}],"player_experience":441060,"relics_obtained":[{"floor":6.0,"key":"Molten Egg 2"},{"floor":8.0,"key":"Vajra"},{"floor":9.0,"key":"Art of War"},{"floor":11.0,"key":"Mercury Hourglass"},{"floor":14,"key":"Lantern"},{"floor":15,"key":"Pen Nib"},{"floor":24,"key":"Omamori"},{"floor":26,"key":"Blue Doll"},{"floor":28,"key":"Toy Ornithopter"},{"floor":30,"key":"Boot"},{"floor":31,"key":"infinitespire:Lychee Nut"}],"event_choices":[],"is_beta":false,"boss_relics":[{"not_picked":["Astrolabe","Runic Dome"],"picked":"ChewingGum"}],"items_purged_floors":[],"is_endless":false,"potions_floor_spawned":[1,2,6,8,14,16,21,22,31],"killed_by":"Gensokyo:Eiki","ascension_level":1}}