{"host":"n91w9dq5l8qws978","time":1611153218,"event":{"mods":["BaseMod","Bestiary","Challenge The Spire","Custom Start","Defuse TimeMaze Blight","Keyboard Shortcuts","Minty Spire (QoL Compilation)","MonsterHotkey","Relic Stats","StSLib","Uncapped"],"gold_per_floor":[219,237,248,259,270,303,303,330,330,330,349,349,362,462,462,537,537,548,548,561,561,17,17,17,32,32,51,79,79,113,126,126,203,203,218,218,234,247,265,294,294,321,321,321,331,10,23,23,23,23],"floor_reached":51,"language":"ENG","playtime":2152,"items_purged":[],"score":1301,"play_id":"cecb1bfe-5db4-4a23-8856-122f5a435b1b","local_time":"20210120143338","is_ascension_mode":true,"campfire_choices":[{"data":"Accuracy","floor":7,"key":"SMITH"},{"data":"Cloak And Dagger","floor":10,"key":"SMITH"},{"data":"Dagger Spray","floor":12,"key":"SMITH"},{"data":"Footwork","floor":15,"key":"SMITH"},{"data":"A Thousand Cuts","floor":23,"key":"SMITH"},{"data":"Noxious Fumes","floor":29,"key":"SMITH"},{"data":"Noxious Fumes","floor":32,"key":"SMITH"},{"data":"Blade Dance","floor":41,"key":"SMITH"},{"data":"Storm of Steel","floor":44,"key":"SMITH"},{"data":"Cloak And Dagger","floor":49,"key":"SMITH"}],"circlet_count":0,"master_deck":["AscendersBane","Strike_G+1","Strike_G","Strike_G","Defend_G","Defend_G","Defend_G","Defend_G","Defend_G","Survivor","Neutralize","Dagger Spray+1","Finisher+1","Infinite Blades+1","Cloak And Dagger+1","PiercingWail","Accuracy+1","Envenom+1","Noxious Fumes+1","Footwork+1","A Thousand Cuts+1","Noxious Fumes+1","Blade Dance+1","Finisher+1","After Image+1","Cloak And Dagger+1","Cloak And Dagger","Storm of Steel+1"],"relics":["Ring of the Snake","Nunchaku","Mummified Hand","Strawberry","Whetstone","Snake Skull","Runic Pyramid","TwistedFunnel","Kunai","Bag of Marbles","White Beast Statue","Happy Flower","Ninja Scroll","Runic Dome","Pen Nib","Centennial Puzzle","The Courier","Lee\u0027s Waffle","InkBottle"],"acts_visited":["Exordium","TheCity","TheBeyond"],"potions_floor_usage":[25,27,40,40,50],"damage_taken":[{"damage":5,"enemies":"Small Slimes","floor":1,"turns":6},{"damage":0,"enemies":"Cultist","floor":2,"turns":4},{"damage":0,"enemies":"2 Louse","floor":3,"turns":3},{"damage":25,"enemies":"Exordium Thugs","floor":4,"turns":5},{"damage":5,"enemies":"Looter","floor":5,"turns":3},{"damage":27,"enemies":"Gremlin Nob","floor":6,"turns":5},{"damage":12,"enemies":"3 Sentries","floor":8,"turns":8},{"damage":0,"enemies":"3 Louse","floor":11,"turns":2},{"damage":1,"enemies":"Exordium Thugs","floor":13,"turns":4},{"damage":10,"enemies":"Slime Boss","floor":16,"turns":6},{"damage":16,"enemies":"Spheric Guardian","floor":18,"turns":4},{"damage":2,"enemies":"2 Thieves","floor":20,"turns":3},{"damage":15,"enemies":"Snake Plant","floor":25,"turns":3},{"damage":0,"enemies":"Shelled Parasite and Fungi","floor":27,"turns":2},{"damage":6,"enemies":"Gremlin Leader","floor":28,"turns":4},{"damage":28,"enemies":"Slavers","floor":30,"turns":3},{"damage":0,"enemies":"3 Cultists","floor":31,"turns":3},{"damage":35,"enemies":"Automaton","floor":33,"turns":7},{"damage":0,"enemies":"3 Darklings","floor":35,"turns":2},{"damage":0,"enemies":"Orb Walker","floor":37,"turns":2},{"damage":0,"enemies":"Transient","floor":38,"turns":5},{"damage":1,"enemies":"Jaw Worm Horde","floor":39,"turns":4},{"damage":33,"enemies":"Nemesis","floor":40,"turns":5},{"damage":0,"enemies":"Giant Head","floor":42,"turns":5},{"damage":3,"enemies":"Writhing Mass","floor":45,"turns":5},{"damage":0,"enemies":"3 Darklings","floor":47,"turns":3},{"damage":20,"enemies":"Awakened One","floor":50,"turns":7}],"seed_played":"-778801163056401647","potions_obtained":[{"floor":2,"key":"CunningPotion"},{"floor":3,"key":"PowerPotion"},{"floor":25,"key":"EntropicBrew"},{"floor":27,"key":"Weak Potion"},{"floor":28,"key":"FairyPotion"},{"floor":33,"key":"Weak Potion"}],"is_trial":false,"path_per_floor":["M","M","M","M","M","E","R","E","T","R","M","R","M","?","R","B",null,"M","?","M","?","$","R","?","M","T","M","E","R","E","M","R","B",null,"M","?","M","M","M","E","R","E","T","R","M","$","M","?","R","B",null],"character_chosen":"THE_SILENT","items_purchased":["TwistedFunnel","Kunai","Bag of Marbles","Lee\u0027s Waffle","InkBottle"],"campfire_rested":0,"item_purchase_floors":[22,22,22,46,46],"current_hp_per_floor":[54,54,54,39,34,27,27,22,22,22,22,22,21,21,21,11,58,42,42,40,40,40,40,40,25,25,25,19,19,21,21,21,21,60,60,60,60,60,59,26,26,26,26,26,43,76,76,76,76,56],"gold":23,"neow_bonus":"HUNDRED_GOLD","is_daily":false,"chose_seed":false,"campfire_upgraded":10,"win_rate":0.0,"timestamp":1611153218,"path_taken":["M","M","M","M","M","E","R","E","T","R","M","R","M","?","R","BOSS","M","?","M","?","$","R","?","?","T","M","E","R","E","M","R","BOSS","M","?","M","M","M","E","R","E","T","R","M","$","M","?","R","BOSS"],"items_purchased_type":["Relic","Relic","Relic","Relic","Relic"],"build_version":"2020-12-22","purchased_purges":0,"victory":true,"max_hp_per_floor":[66,66,66,66,66,66,66,73,73,73,73,73,73,73,73,73,73,73,73,73,73,73,73,73,73,73,73,73,73,73,73,73,73,73,73,69,69,69,69,69,69,69,69,69,69,76,76,76,76,76],"relic_stats":{"Lee\u0027s Waffle":33,"Happy Flower":[17],"counters":[27,113],"Snake Skull":[345],"Pen Nib":[9],"Whetstone":["Finisher","Strike_G"],"Nunchaku":[30],"Centennial Puzzle":[6],"Mummified Hand":[121],"Kunai":[63],"obtain_stats":[{"TwistedFunnel":22,"Lee\u0027s Waffle":46,"Happy Flower":28,"Snake Skull":11,"Pen Nib":40,"The Courier":43,"Whetstone":9,"White Beast Statue":26,"Runic Dome":34,"Nunchaku":6,"Centennial Puzzle":42,"Mummified Hand":8,"Ninja Scroll":30,"Strawberry":8,"WingedGreaves":1,"Bag of Marbles":22,"Kunai":22,"InkBottle":46,"Ring of the Snake":0,"Runic Pyramid":17},{"TwistedFunnel":12,"Lee\u0027s Waffle":25,"Happy Flower":15,"Snake Skull":8,"Pen Nib":23,"The Courier":24,"Whetstone":7,"White Beast Statue":13,"Runic Dome":18,"Nunchaku":6,"Centennial Puzzle":24,"Mummified Hand":7,"Ninja Scroll":16,"Strawberry":7,"WingedGreaves":1,"Bag of Marbles":12,"Kunai":12,"InkBottle":25,"Ring of the Snake":0,"Runic Pyramid":10},{"TwistedFunnel":53,"Lee\u0027s Waffle":103,"Happy Flower":62,"Snake Skull":36,"Pen Nib":93,"The Courier":98,"Whetstone":34,"White Beast Statue":56,"Runic Dome":75,"Nunchaku":26,"Centennial Puzzle":98,"Mummified Hand":28,"Ninja Scroll":65,"Strawberry":34,"WingedGreaves":6,"Bag of Marbles":53,"Kunai":53,"InkBottle":103,"Ring of the Snake":0,"Runic Pyramid":46}],"InkBottle":[9],"Ring of the Snake":[54]},"card_choices":[{"not_picked":["Underhanded Strike","Infinite Blades"],"picked":"Dagger Spray","floor":1},{"not_picked":["Poisoned Stab","Crippling Poison"],"picked":"Finisher","floor":2},{"not_picked":["Bane","Infinite Blades"],"picked":"Cloak And Dagger","floor":3},{"not_picked":["Slice","Acrobatics"],"picked":"PiercingWail","floor":4},{"not_picked":["Slice","Outmaneuver","Dagger Throw"],"picked":"SKIP","floor":5},{"not_picked":["Slice","Prepared"],"picked":"Accuracy","floor":6},{"not_picked":["Poisoned Stab","Deadly Poison","Flying Knee"],"picked":"SKIP","floor":8},{"not_picked":["Quick Slash","Finisher"],"picked":"Noxious Fumes","floor":11},{"not_picked":["Well Laid Plans","Endless Agony"],"picked":"Footwork","floor":13},{"not_picked":["Die Die Die","Bullet Time"],"picked":"A Thousand Cuts","floor":16},{"not_picked":["Reflex","Setup"],"picked":"Noxious Fumes","floor":18},{"not_picked":["Underhanded Strike","Prepared"],"picked":"Blade Dance","floor":20},{"not_picked":["Leg Sweep","Caltrops","Acrobatics"],"picked":"SKIP","floor":25},{"not_picked":["Outmaneuver","Flying Knee","Crippling Poison+1"],"picked":"SKIP","floor":27},{"not_picked":["Underhanded Strike+1","Dodge and Roll"],"picked":"Finisher","floor":28},{"not_picked":["Crippling Poison","Bane+1","Poisoned Stab"],"picked":"SKIP","floor":30},{"not_picked":["Dagger Spray","Outmaneuver","Sucker Punch+1"],"picked":"SKIP","floor":31},{"not_picked":["Concentrate","Eviscerate","Skewer"],"picked":"SKIP","floor":35},{"not_picked":["Blur+1","Calculated Gamble+1"],"picked":"Cloak And Dagger","floor":37},{"not_picked":["Backflip+1","Acrobatics"],"picked":"Cloak And Dagger","floor":38},{"not_picked":["Dagger Spray+1","Flechettes","Bane"],"picked":"SKIP","floor":39},{"not_picked":["Concentrate+1","Acrobatics","Dodge and Roll"],"picked":"SKIP","floor":40},{"not_picked":["Noxious Fumes","Slice"],"picked":"Storm of Steel","floor":42},{"not_picked":["Sucker Punch","Dodge and Roll+1","Distraction"],"picked":"SKIP","floor":45},{"not_picked":["PiercingWail","All Out Attack","Flying Knee"],"picked":"SKIP","floor":47}],"player_experience":401797,"relics_obtained":[{"floor":6,"key":"Nunchaku"},{"floor":8,"key":"Strawberry"},{"floor":9,"key":"Whetstone"},{"floor":26,"key":"White Beast Statue"},{"floor":28,"key":"Happy Flower"},{"floor":30,"key":"Ninja Scroll"},{"floor":40,"key":"Pen Nib"},{"floor":42,"key":"Centennial Puzzle"},{"floor":43,"key":"The Courier"}],"event_choices":[{"damage_healed":0,"gold_gain":100,"player_choice":"Pray","damage_taken":0,"max_hp_gain":0,"max_hp_loss":0,"event_name":"Golden Shrine","floor":14,"gold_loss":0},{"damage_healed":0,"gold_gain":0,"player_choice":"Ignored","damage_taken":0,"max_hp_gain":0,"max_hp_loss":0,"event_name":"Ghosts","floor":19,"gold_loss":0},{"cards_removed":["Strike_G"],"damage_healed":0,"gold_gain":0,"player_choice":"Elegance","damage_taken":0,"max_hp_gain":0,"max_hp_loss":0,"event_name":"Back to Basics","floor":21,"gold_loss":0},{"cards_removed":["Strike_G"],"damage_healed":0,"gold_gain":0,"player_choice":"Purged","damage_taken":0,"max_hp_gain":0,"max_hp_loss":0,"event_name":"Purifier","floor":24,"gold_loss":0},{"damage_healed":0,"gold_gain":0,"player_choice":"Max HP","damage_taken":0,"max_hp_gain":0,"max_hp_loss":4,"event_name":"Winding Halls","floor":36,"gold_loss":0},{"damage_healed":0,"gold_gain":0,"player_choice":"Upgraded","damage_taken":0,"max_hp_gain":0,"max_hp_loss":0,"event_name":"Upgrade Shrine","floor":48,"gold_loss":0,"cards_upgraded":["Finisher"]}],"is_beta":false,"boss_relics":[{"not_picked":["Cursed Key","Velvet Choker"],"picked":"Runic Pyramid"},{"not_picked":["SlaversCollar","SacredBark"],"picked":"Runic Dome"}],"items_purged_floors":[],"is_endless":false,"potions_floor_spawned":[2,3,5,6,16,25,27,28,30,31,33,35,37,38,39,40,42,45,47],"ascension_level":14}}