{"host":"8ztb9kwpjc2zof9s","time":1611165672,"event":{"mods":["BaseMod","Block Reminder","Curses Come First","Minty Spire (QoL Compilation)","Relic Stats","StSLib"],"gold_per_floor":[118,193,64,64,64,64,96,106,131,143,153,187,37,67,67,166,166,184,215,227,152,152,152,27,27,27,46,46,46,60,78,78,78,78],"floor_reached":33,"language":"ENG","playtime":1391,"items_purged":["Strike_P","Strike_P","Strike_P"],"score":360,"play_id":"ae63c2e5-59ec-4cf9-ae50-1ff406691225","local_time":"20210120100112","is_ascension_mode":true,"campfire_choices":[{"data":"Eruption","floor":6,"key":"SMITH"},{"data":"Wallop","floor":15,"key":"SMITH"},{"floor":23,"key":"REST"},{"data":"WindmillStrike","floor":25,"key":"SMITH"},{"data":"Vault","floor":32,"key":"SMITH"}],"circlet_count":0,"master_deck":["Defend_P","Defend_P","Defend_P","Defend_P","Eruption+1","Vigilance","SandsOfTime","Protect+1","Prostrate","Wallop+1","ThirdEye","ThirdEye","Protect","WindmillStrike+1","BowlingBash+1","Halt+1","DeceiveReality","Vault+1"],"relics":["PureWater","Nunchaku","Gremlin Horn","Matryoshka","Mercury Hourglass","Toy Ornithopter","Ornamental Fan","Mummified Hand","Black Star","Red Mask","PreservedInsect","Shuriken","Dream Catcher"],"acts_visited":["Exordium","TheCity"],"potions_floor_usage":[7,14,16,19,27,30,30,30,33,33],"damage_taken":[{"damage":0,"enemies":"Jaw Worm","floor":1,"turns":5},{"damage":6,"enemies":"Lagavulin","floor":7,"turns":7},{"damage":0,"enemies":"2 Louse","floor":8,"turns":4},{"damage":0,"enemies":"Small Slimes","floor":10,"turns":3},{"damage":4,"enemies":"Exordium Wildlife","floor":11,"turns":3},{"damage":1,"enemies":"3 Sentries","floor":12,"turns":6},{"damage":7,"enemies":"Gremlin Nob","floor":14,"turns":3},{"damage":0,"enemies":"The Guardian","floor":16,"turns":8},{"damage":0,"enemies":"Spheric Guardian","floor":18,"turns":3},{"damage":76,"enemies":"Masked Bandits","floor":19,"turns":7},{"damage":0,"enemies":"3 Byrds","floor":20,"turns":4},{"damage":10,"enemies":"Shelled Parasite and Fungi","floor":27,"turns":5},{"damage":0,"enemies":"Snake Plant","floor":30,"turns":2},{"damage":4,"enemies":"Sentry and Sphere","floor":31,"turns":5},{"damage":93,"enemies":"Collector","floor":33,"turns":7}],"seed_played":"1712643191612601002","potions_obtained":[{"floor":1,"key":"AttackPotion"},{"floor":10,"key":"Swift Potion"},{"floor":11,"key":"Regen Potion"},{"floor":12,"key":"Strength Potion"},{"floor":18,"key":"Strength Potion"},{"floor":20,"key":"Block Potion"},{"floor":27,"key":"EntropicBrew"}],"is_trial":false,"path_per_floor":["M","?","$","?","?","R","E","M","T","M","M","E","$","E","R","B",null,"M","?","M","?","T","R","$","R","T","M","$","?","M","M","R","B"],"character_chosen":"WATCHER","items_purchased":["Protect","Protect"],"campfire_rested":1,"item_purchase_floors":[3,13],"current_hp_per_floor":[72,61,61,54,54,54,48,48,48,48,44,43,43,41,41,46,72,72,10,10,10,10,31,31,31,31,26,26,26,41,37,37,0,0],"gold":78,"neow_bonus":"RANDOM_COMMON_RELIC","is_daily":false,"chose_seed":false,"campfire_upgraded":4,"win_rate":0.0,"timestamp":1611165672,"path_taken":["M","?","$","?","?","R","E","M","T","M","M","E","$","E","R","BOSS","M","?","M","?","?","R","$","R","T","?","$","?","M","M","R","BOSS"],"items_purchased_type":["Card","Card"],"build_version":"2020-12-22","purchased_purges":3,"victory":false,"max_hp_per_floor":[72,72,72,72,72,72,72,72,72,72,72,72,72,72,72,72,72,72,72,72,72,72,72,72,72,72,72,72,72,72,72,72,72,72],"relic_stats":{"Nunchaku":[9],"Dream Catcher":0,"Gremlin Horn":[13,13],"counters":[15,71],"Ornamental Fan":[40],"Mummified Hand":[0],"Shuriken":[4],"PreservedInsect":0,"Black Star":0,"obtain_stats":[{"Gremlin Horn":4,"PreservedInsect":22,"Mercury Hourglass":9,"Nunchaku":0,"Dream Catcher":26,"Matryoshka":7,"Ornamental Fan":12,"Mummified Hand":14,"Shuriken":22,"Black Star":17,"Red Mask":19,"PureWater":0,"Toy Ornithopter":9},{"Gremlin Horn":1,"PreservedInsect":11,"Mercury Hourglass":3,"Nunchaku":0,"Dream Catcher":11,"Matryoshka":2,"Ornamental Fan":6,"Mummified Hand":7,"Shuriken":11,"Black Star":8,"Red Mask":10,"PureWater":0,"Toy Ornithopter":3},{"Gremlin Horn":5,"PreservedInsect":53,"Mercury Hourglass":16,"Nunchaku":0,"Dream Catcher":53,"Matryoshka":12,"Ornamental Fan":28,"Mummified Hand":31,"Shuriken":53,"Black Star":39,"Red Mask":49,"PureWater":0,"Toy Ornithopter":16}],"Toy Ornithopter":45,"Mercury Hourglass":[229]},"card_choices":[{"not_picked":["PathToVictory","WheelKick"],"picked":"SandsOfTime","floor":1},{"not_picked":["CrushJoints","Collect"],"picked":"Prostrate","floor":7},{"not_picked":["SignatureMove","SashWhip"],"picked":"Wallop","floor":8},{"not_picked":["FlyingSleeves","Devotion"],"picked":"ThirdEye","floor":10},{"not_picked":["Vengeance","Study","JustLucky"],"picked":"SKIP","floor":11},{"not_picked":["CrushJoints","JustLucky"],"picked":"ThirdEye","floor":12},{"not_picked":["Prostrate","TalkToTheHand"],"picked":"WindmillStrike","floor":14},{"not_picked":["Wallop","CutThroughFate","Conclude"],"picked":"SKIP","floor":18},{"not_picked":["CutThroughFate","Study"],"picked":"BowlingBash+1","floor":19},{"not_picked":["EmptyBody+1","Wallop"],"picked":"Halt+1","floor":20},{"not_picked":["FollowUp","EmptyFist"],"picked":"DeceiveReality","floor":27},{"not_picked":["CutThroughFate","JustLucky"],"picked":"Vault","floor":30},{"not_picked":["Consecrate","SashWhip","Halt"],"picked":"SKIP","floor":31}],"player_experience":267755,"relics_obtained":[{"floor":7,"key":"Matryoshka"},{"floor":9,"key":"Mercury Hourglass"},{"floor":9,"key":"Toy Ornithopter"},{"floor":12,"key":"Ornamental Fan"},{"floor":14,"key":"Mummified Hand"},{"floor":19,"key":"Red Mask"},{"floor":22,"key":"PreservedInsect"},{"floor":22,"key":"Shuriken"},{"floor":26,"key":"Dream Catcher"}],"event_choices":[{"damage_healed":0,"gold_gain":75,"player_choice":"Gather Gold","damage_taken":11,"max_hp_gain":0,"max_hp_loss":0,"event_name":"World of Goop","floor":2,"gold_loss":0},{"damage_healed":0,"gold_gain":0,"player_choice":"Success","damage_taken":7,"relics_obtained":["Gremlin Horn"],"max_hp_gain":0,"max_hp_loss":0,"event_name":"Scrap Ooze","floor":4,"gold_loss":0},{"damage_healed":0,"gold_gain":0,"player_choice":"Ignored","damage_taken":0,"max_hp_gain":0,"max_hp_loss":0,"event_name":"Shining Light","floor":5,"gold_loss":0},{"damage_healed":0,"gold_gain":0,"player_choice":"Fought Bandits","damage_taken":0,"max_hp_gain":0,"max_hp_loss":0,"event_name":"Masked Bandits","floor":19,"gold_loss":0},{"cards_removed":["Strike_P"],"damage_healed":0,"gold_gain":0,"player_choice":"Gave Gold","damage_taken":0,"max_hp_gain":0,"max_hp_loss":0,"event_name":"Beggar","floor":21,"gold_loss":75},{"damage_healed":0,"gold_gain":0,"player_choice":"Forge","damage_taken":0,"max_hp_gain":0,"max_hp_loss":0,"event_name":"Accursed Blacksmith","floor":29,"gold_loss":0,"cards_upgraded":["Protect"]}],"is_beta":false,"boss_relics":[{"not_picked":["Snecko Eye","Runic Pyramid"],"picked":"Black Star"}],"items_purged_floors":[3,13,24],"is_endless":false,"potions_floor_spawned":[1,10,11,12,18,20,27],"killed_by":"Collector","ascension_level":3}}