{"host":"p9jk0mlyvhgdzcz4","time":1611119454,"event":{"mods":["BaseMod","Colored Map","Minty Spire (QoL Compilation)","Quick Restart","Slay the Streamer","SuperFastMode"],"gold_per_floor":[119,132,132,86,97,130,130,159,207,207,207,86,116,132,145,145,241,241,261,276,72,85,100,133,149,149,149,149,149,167,167,187,150,150,249,249,259,269,269,288,47,47,47,47],"floor_reached":43,"language":"ENG","playtime":2344,"items_purged":[],"score":495,"play_id":"e10046da-7d2c-40e5-bdcc-540b81f663b6","local_time":"20210119231054","is_ascension_mode":false,"campfire_choices":[{"data":"White Noise","floor":7,"key":"SMITH"},{"floor":16,"key":"REST"},{"data":"Rainbow","floor":26,"key":"SMITH"},{"data":"Lockon","floor":29,"key":"SMITH"},{"data":"Capacitor","floor":31,"key":"SMITH"},{"data":"Fission","floor":34,"key":"SMITH"},{"data":"Rainbow","floor":42,"key":"SMITH"}],"circlet_count":0,"master_deck":["Reinforced Body","BootSequence","Cold Snap","Capacitor+1","Ball Lightning","Defragment","Rainbow+1","Auto Shields","Lockon+1","White Noise+1","Electrodynamics","Double Energy","Tempest","Conserve Battery","Chill","Stack","Capacitor","Self Repair","Conserve Battery","Fission+1","Double Energy","Self Repair","Amplify","Streamline+1","Ball Lightning+1","Melter+1","Cold Snap+1","Barrage+1","Leap","Melter+1","Self Repair","Defragment","Rainbow+1","Streamline+1","Glacier","Sunder+1"],"relics":["Cracked Core","Pear","Dream Catcher","Bag of Marbles","Molten Egg 2","Coffee Dripper","Chemical X","Regal Pillow","Pantograph","Black Star","Symbiotic Virus"],"acts_visited":["Exordium","TheCity","TheBeyond"],"potions_floor_usage":[40,43],"damage_taken":[{"damage":3,"enemies":"Cultist","floor":1,"turns":3},{"damage":7,"enemies":"Small Slimes","floor":2,"turns":3},{"damage":0,"enemies":"Jaw Worm","floor":5,"turns":2},{"damage":19,"enemies":"Gremlin Nob","floor":6,"turns":4},{"damage":15,"enemies":"Lagavulin","floor":8,"turns":5},{"damage":4,"enemies":"Gremlin Nob","floor":13,"turns":4},{"damage":0,"enemies":"Red Slaver","floor":14,"turns":4},{"damage":8,"enemies":"Lots of Slimes","floor":15,"turns":2},{"damage":35,"enemies":"The Guardian","floor":17,"turns":9},{"damage":19,"enemies":"2 Thieves","floor":19,"turns":4},{"damage":14,"enemies":"Shell Parasite","floor":20,"turns":5},{"damage":18,"enemies":"Snake Plant","floor":22,"turns":4},{"damage":0,"enemies":"Cultist and Chosen","floor":23,"turns":6},{"damage":0,"enemies":"Gremlin Leader","floor":24,"turns":7},{"damage":23,"enemies":"3 Cultists","floor":25,"turns":4},{"damage":22,"enemies":"Snecko","floor":30,"turns":4},{"damage":20,"enemies":"Shelled Parasite and Fungi","floor":32,"turns":4},{"damage":22,"enemies":"Collector","floor":35,"turns":8},{"damage":21,"enemies":"3 Darklings","floor":37,"turns":3},{"damage":0,"enemies":"Orb Walker","floor":38,"turns":3},{"damage":58,"enemies":"3 Darklings","floor":40,"turns":6},{"damage":45,"enemies":"Reptomancer","floor":43,"turns":5}],"seed_played":"-628736151623797805","potions_obtained":[{"floor":1,"key":"AttackPotion"},{"floor":2,"key":"AttackPotion"},{"floor":5,"key":"EssenceOfSteel"},{"floor":15,"key":"BlessingOfTheForge"},{"floor":32,"key":"Fire Potion"}],"is_trial":false,"path_per_floor":["M","M","?","$","M","E","R","E","T","T","?","$","E","M","M","R","B",null,"M","M","$","M","M","E","M","R","T","T","R","M","R","M","$","R","B",null,"M","M","?","M","$","R","E"],"character_chosen":"DEFECT","items_purchased":["Conserve Battery","Self Repair","Conserve Battery","Chemical X","Ball Lightning+1","Defragment","Symbiotic Virus"],"campfire_rested":1,"item_purchase_floors":[4,12,12,21,21,33,41],"current_hp_per_floor":[72,65,65,65,65,56,56,41,41,41,41,41,44,51,50,75,47,85,80,80,80,76,83,85,69,69,69,69,69,54,54,41,41,41,65,85,85,85,85,41,41,41,0,0],"gold":47,"neow_bonus":"THREE_RARE_CARDS","is_daily":false,"chose_seed":false,"campfire_upgraded":6,"win_rate":0.0,"timestamp":1611119454,"path_taken":["M","M","?","$","M","E","R","E","T","?","?","E","M","?","R","BOSS","M","M","?","?","?","E","M","R","T","R","M","R","M","$","R","BOSS","M","M","?","M","$","R","E"],"items_purchased_type":["Card","Card","Card","Relic","Card","Card","Relic"],"build_version":"2020-12-22","purchased_purges":0,"victory":false,"max_hp_per_floor":[75,75,75,75,75,85,85,85,85,85,85,85,85,85,85,85,85,85,85,85,85,85,85,85,85,85,85,85,85,85,85,85,85,85,85,85,85,85,85,85,85,85,85,85],"card_choices":[{"not_picked":["Multi-Cast","Core Surge"],"picked":"Electrodynamics","floor":0},{"not_picked":["Turbo","Skim"],"picked":"Double Energy","floor":1},{"not_picked":["Sweeping Beam","Turbo"],"picked":"Tempest","floor":2},{"not_picked":["Cold Snap","Stack"],"picked":"Chill","floor":5},{"not_picked":["Auto Shields","Leap"],"picked":"Stack","floor":6},{"not_picked":["Lockon","Chaos"],"picked":"Capacitor","floor":8},{"not_picked":["Barrage+1","BootSequence"],"picked":"Fission","floor":13},{"not_picked":["Coolheaded","Aggregate"],"picked":"Double Energy","floor":15},{"not_picked":["Steam","Beam Cell+1"],"picked":"Self Repair","floor":16},{"not_picked":["Machine Learning","Meteor Strike+1"],"picked":"Amplify","floor":17},{"not_picked":["Redo","Conserve Battery"],"picked":"Streamline+1","floor":20},{"not_picked":["Gash+1","Redo"],"picked":"Melter+1","floor":22},{"not_picked":["Capacitor","Auto Shields"],"picked":"Cold Snap+1","floor":23},{"not_picked":["Conserve Battery+1","Reboot"],"picked":"Barrage+1","floor":24},{"not_picked":["Barrage+1","Lockon+1"],"picked":"Leap","floor":25},{"not_picked":["Cold Snap+1","Storm"],"picked":"Melter+1","floor":30},{"not_picked":["Turbo","Sweeping Beam+1"],"picked":"Self Repair","floor":32},{"not_picked":["Core Surge+1","Thunder Strike+1"],"picked":"Rainbow","floor":35},{"not_picked":["Barrage+1","Coolheaded+1"],"picked":"Streamline+1","floor":37},{"not_picked":["Hologram+1","Genetic Algorithm+1"],"picked":"Glacier","floor":38},{"not_picked":["Hologram+1","Leap"],"picked":"Sunder+1","floor":40}],"player_experience":26312,"relics_obtained":[{"floor":6,"key":"Pear"},{"floor":8,"key":"Dream Catcher"},{"floor":9,"key":"Bag of Marbles"},{"floor":13,"key":"Molten Egg 2"},{"floor":24,"key":"Regal Pillow"},{"floor":27,"key":"Pantograph"}],"event_choices":[{"damage_healed":0,"gold_gain":0,"player_choice":"Ignored","damage_taken":0,"max_hp_gain":0,"max_hp_loss":0,"event_name":"Golden Wing","floor":3,"gold_loss":0},{"cards_removed":["Shame"],"damage_healed":0,"gold_gain":0,"player_choice":"Forget","damage_taken":0,"max_hp_gain":0,"max_hp_loss":0,"event_name":"Living Wall","floor":11,"gold_loss":0},{"damage_healed":0,"gold_gain":0,"player_choice":"Ignored","damage_taken":0,"max_hp_gain":0,"max_hp_loss":0,"event_name":"Tomb of Lord Red Mask","floor":39,"gold_loss":0}],"is_beta":false,"boss_relics":[{"not_picked":["Runic Dome","Ectoplasm"],"picked":"Coffee Dripper"},{"not_picked":["Sozu","Runic Pyramid"],"picked":"Black Star"}],"items_purged_floors":[],"is_endless":false,"potions_floor_spawned":[1,2,5,15,17,19,23,25,32,37],"killed_by":"Reptomancer","ascension_level":0}}