{"host":"uabq0byp3phfkda1","time":1611146160,"event":{"mods":["2.2 Compatiblity","AchievementEnabler","BaseMod","Colored Map","DeckTracker","Highlight Path","Minty Spire (QoL Compilation)","Random Character Button","Rare Cards Sparkle"],"gold_per_floor":[116,128,138,156,175,207,222,236,236,252,272,285,285,315,315,413,413,413,413,10,10,10,10,10,10,10,10,10,10,10,10,10,10,10],"floor_reached":33,"language":"ENG","playtime":2452,"items_purged":[],"score":279,"play_id":"89e7f022-819e-4828-8dfe-46fc19c95cc6","local_time":"20210120133600","is_ascension_mode":false,"campfire_choices":[{"data":"Anger","floor":13,"key":"SMITH"},{"data":"Dual Wield","floor":15,"key":"SMITH"},{"floor":23,"key":"REST"},{"floor":28,"key":"DIG"},{"floor":30,"key":"DIG"},{"floor":32,"key":"REST"}],"circlet_count":0,"master_deck":["Strike_R","Strike_R","Strike_R","Strike_R","Strike_R","Defend_R","Defend_R","Defend_R","Defend_R","Bash","Shockwave","Thunderclap","Infernal Blade","Sever Soul","Iron Wave","Infernal Blade","Sword Boomerang","Pummel","Pummel","Anger+1","Dual Wield+1","Second Wind","Impervious","Twin Strike","Metallicize","Dual Wield+1","Headbutt+1","Infernal Blade+1","Rage","Rampage+1","Anger+1","Pommel Strike"],"relics":["Burning Blood","Sundial","Ginger","Odd Mushroom","Ectoplasm","DollysMirror","Letter Opener","Shovel","Lizard Tail","Bottled Tornado","Darkstone Periapt"],"acts_visited":["Exordium","TheCity"],"potions_floor_usage":[6,16,21,24,24,31,31,33],"damage_taken":[{"damage":6,"enemies":"Cultist","floor":1,"turns":3},{"damage":11,"enemies":"Jaw Worm","floor":2,"turns":4},{"damage":0,"enemies":"Small Slimes","floor":3,"turns":3},{"damage":14,"enemies":"Exordium Thugs","floor":4,"turns":5},{"damage":16,"enemies":"3 Louse","floor":5,"turns":3},{"damage":4,"enemies":"Gremlin Nob","floor":6,"turns":3},{"damage":11,"enemies":"2 Fungi Beasts","floor":7,"turns":2},{"damage":2,"enemies":"Looter","floor":8,"turns":3},{"damage":2,"enemies":"Blue Slaver","floor":10,"turns":2},{"damage":2,"enemies":"Large Slime","floor":11,"turns":4},{"damage":6,"enemies":"2 Fungi Beasts","floor":12,"turns":2},{"damage":6,"enemies":"The Mushroom Lair","floor":14,"turns":2},{"damage":14,"enemies":"Slime Boss","floor":16,"turns":9},{"damage":0,"enemies":"3 Byrds","floor":18,"turns":4},{"damage":10,"enemies":"Chosen","floor":19,"turns":4},{"damage":36,"enemies":"Snake Plant","floor":21,"turns":4},{"damage":14,"enemies":"Shelled Parasite and Fungi","floor":22,"turns":5},{"damage":36,"enemies":"Slavers","floor":24,"turns":4},{"damage":5,"enemies":"Chosen and Byrds","floor":27,"turns":4},{"damage":6,"enemies":"Snecko","floor":29,"turns":5},{"damage":7,"enemies":"Sentry and Sphere","floor":31,"turns":3},{"damage":117,"enemies":"Automaton","floor":33,"turns":10}],"seed_played":"4559203716462288777","potions_obtained":[{"floor":1,"key":"GamblersBrew"},{"floor":2,"key":"Fire Potion"},{"floor":8,"key":"SteroidPotion"},{"floor":10,"key":"Strength Potion"},{"floor":11,"key":"Weak Potion"},{"floor":12,"key":"AttackPotion"},{"floor":18,"key":"Fire Potion"},{"floor":21,"key":"AttackPotion"},{"floor":27,"key":"Dexterity Potion"},{"floor":29,"key":"LiquidBronze"}],"is_trial":false,"path_per_floor":["M","M","M","M","M","E","M","M","T","M","M","M","R","?","R","B",null,"M","M","$","M","M","R","E","?","T","M","R","M","R","M","R","B"],"character_chosen":"IRONCLAD","items_purchased":["DollysMirror","Letter Opener"],"campfire_rested":2,"item_purchase_floors":[20,20],"current_hp_per_floor":[88,83,88,80,70,72,67,71,71,75,79,79,79,79,79,71,88,88,84,84,54,46,72,42,42,42,43,43,43,43,42,68,0,0],"gold":10,"neow_bonus":"TEN_PERCENT_HP_BONUS","is_daily":false,"chose_seed":false,"campfire_upgraded":2,"win_rate":0.0,"timestamp":1611146160,"path_taken":["M","M","M","M","M","E","M","M","T","M","?","M","R","?","R","BOSS","M","M","$","M","M","R","E","?","T","M","R","?","R","M","R","BOSS"],"items_purchased_type":["Relic","Relic"],"build_version":"2020-12-22","purchased_purges":0,"victory":false,"max_hp_per_floor":[88,88,88,88,88,88,88,88,88,88,88,88,88,88,88,88,88,88,88,88,88,88,88,88,88,88,88,88,88,88,88,88,88,88],"card_choices":[{"not_picked":["Armaments","Cleave"],"picked":"Shockwave","floor":1},{"not_picked":["Heavy Blade","Body Slam"],"picked":"Thunderclap","floor":2},{"not_picked":["Cleave","Sword Boomerang"],"picked":"Infernal Blade","floor":3},{"not_picked":["Feed","Warcry"],"picked":"Sever Soul","floor":4},{"not_picked":["Dark Embrace","Perfected Strike"],"picked":"Iron Wave","floor":5},{"not_picked":["Hemokinesis","Combust"],"picked":"Infernal Blade","floor":6},{"not_picked":["Entrench","Whirlwind"],"picked":"Sword Boomerang","floor":7},{"not_picked":["Bloodletting","Headbutt"],"picked":"Pummel","floor":8},{"not_picked":["Burning Pact","Entrench"],"picked":"Pummel","floor":10},{"not_picked":["Power Through","Clothesline"],"picked":"Anger","floor":11},{"not_picked":["Twin Strike","Carnage"],"picked":"Dual Wield","floor":12},{"not_picked":["True Grit","Ghostly Armor"],"picked":"Second Wind","floor":14},{"not_picked":["Brutality","Berserk"],"picked":"Impervious","floor":16},{"not_picked":["Thunderclap","Body Slam"],"picked":"Twin Strike","floor":18},{"not_picked":["Body Slam+1","Sword Boomerang"],"picked":"Metallicize","floor":19},{"not_picked":["Thunderclap","Flex"],"picked":"Headbutt+1","floor":21},{"not_picked":["True Grit","Dark Embrace"],"picked":"Infernal Blade","floor":22},{"not_picked":["Seeing Red","Fire Breathing+1"],"picked":"Rage","floor":24},{"not_picked":["Sever Soul","Clash"],"picked":"Rampage+1","floor":27},{"not_picked":["Pommel Strike","Sword Boomerang"],"picked":"Anger+1","floor":29},{"not_picked":["Feed","True Grit"],"picked":"Pommel Strike","floor":31}],"player_experience":36423,"relics_obtained":[{"floor":6,"key":"Sundial"},{"floor":9,"key":"Ginger"},{"floor":14,"key":"Odd Mushroom"},{"floor":24,"key":"Shovel"},{"floor":26,"key":"Lizard Tail"},{"floor":28,"key":"Bottled Tornado"},{"floor":30,"key":"Darkstone Periapt"}],"event_choices":[{"damage_healed":0,"gold_gain":0,"player_choice":"Fought Mushrooms","damage_taken":0,"max_hp_gain":0,"max_hp_loss":0,"event_name":"Mushrooms","floor":14,"gold_loss":0},{"damage_healed":0,"gold_gain":0,"player_choice":"Forge","damage_taken":0,"max_hp_gain":0,"max_hp_loss":0,"event_name":"Accursed Blacksmith","floor":25,"gold_loss":0,"cards_upgraded":["Infernal Blade"]}],"is_beta":false,"boss_relics":[{"not_picked":["Black Blood","Busted Crown"],"picked":"Ectoplasm"}],"items_purged_floors":[],"is_endless":false,"potions_floor_spawned":[1,2,8,10,11,12,18,21,27,29],"killed_by":"Automaton","ascension_level":0}}