{"host":"su2hhyxhtg0mhzli","time":1611125752,"event":{"mods":["Bard","BaseMod","Colored Powertips","Highlight Path","Infinite Spire","Minty Spire (QoL Compilation)","Quick Restart","Replay The Spire","Shop Mod","StSLib"],"gold_per_floor":[112,92,112,128,147,147,182,202,202,155,173,173,207,207,207,207,207],"floor_reached":16,"language":"ENG","playtime":1269,"items_purged":[],"score":123,"play_id":"b15cd35c-edf8-44bd-8c98-b4e850f33409","local_time":"20210120085552","is_ascension_mode":true,"campfire_choices":[{"data":"PiercingWail","floor":6,"key":"SMITH"},{"data":"Draining Mist","floor":12,"key":"SMITH"},{"floor":15,"key":"REST"}],"circlet_count":0,"master_deck":["Strike_G","Strike_G","Strike_G","Strike_G","Strike_G","Defend_G","Defend_G","Defend_G","Defend_G","Defend_G","Survivor","Neutralize","Prepared","Poisoned Stab","Sucker Punch","PiercingWail+1","Deflect","Draining Mist+1","Cloak And Dagger","Blur","ReplayTheSpireMod:Exploit Weakness"],"relics":["Ring of the Snake","Thread and Needle","Oddly Smooth Stone","infinitespire:Beetle Shell","Matryoshka"],"acts_visited":["Exordium"],"potions_floor_usage":[5,7,16,16],"damage_taken":[{"damage":0,"enemies":"Small Slimes","floor":1,"turns":4},{"damage":2,"enemies":"Cultist","floor":3,"turns":4},{"damage":0,"enemies":"2 Louse","floor":4,"turns":4},{"damage":0,"enemies":"2 Fungi Beasts","floor":5,"turns":5},{"damage":19,"enemies":"Lagavulin","floor":7,"turns":8},{"damage":0,"enemies":"Large Slime","floor":8,"turns":7},{"damage":0,"enemies":"Blue Slaver","floor":11,"turns":3},{"damage":13,"enemies":"3 Sentries","floor":13,"turns":12},{"damage":60,"enemies":"Slime Boss","floor":16,"turns":14}],"seed_played":"-3140473739238482148","potions_obtained":[{"floor":2,"key":"CunningPotion"},{"floor":3,"key":"SpeedPotion"},{"floor":5,"key":"Weak Potion"},{"floor":7,"key":"GamblersBrew"},{"floor":11,"key":"DuplicationPotion"}],"is_trial":false,"path_per_floor":["M","?","M","M","M","R","E","M","T","$","M","R","E","?","R","B"],"character_chosen":"THE_SILENT","items_purchased":["Cloak And Dagger"],"campfire_rested":1,"item_purchase_floors":[10],"current_hp_per_floor":[77,77,75,75,75,75,56,56,56,56,56,56,43,43,66,6,6],"gold":207,"neow_bonus":"TEN_PERCENT_HP_BONUS","is_daily":false,"chose_seed":false,"campfire_upgraded":2,"win_rate":0.0,"timestamp":1611125752,"path_taken":["M","?","M","M","M","R","E","M","T","?","?","R","E","?","R","BOSS"],"items_purchased_type":["Card"],"build_version":"2020-12-22","purchased_purges":0,"victory":false,"max_hp_per_floor":[77,77,77,77,77,77,77,77,77,77,77,77,77,77,77,77,77],"card_choices":[{"not_picked":["Masterful Stab","ReplayTheSpireMod:The Works"],"picked":"Prepared","floor":1},{"not_picked":["Flying Knee","Dagger Spray"],"picked":"Poisoned Stab","floor":3},{"not_picked":["Dodge and Roll","Dagger Throw"],"picked":"Sucker Punch","floor":4},{"not_picked":["Hidden Blade","Dagger Throw"],"picked":"PiercingWail","floor":5},{"not_picked":["A Thousand Cuts","Wraith Form v2"],"picked":"Deflect","floor":7},{"not_picked":["Blade Dance","ReplayTheSpireMod:Exploit Weakness"],"picked":"Draining Mist","floor":8},{"not_picked":["Sneak Up","Underhanded Strike"],"picked":"Blur","floor":11},{"not_picked":["Masterful Stab","Deflect"],"picked":"ReplayTheSpireMod:Exploit Weakness","floor":13}],"player_experience":68896,"relics_obtained":[{"floor":7,"key":"Thread and Needle"},{"floor":9,"key":"Oddly Smooth Stone"},{"floor":13,"key":"infinitespire:Beetle Shell"}],"event_choices":[{"damage_healed":0,"gold_gain":0,"player_choice":"Bought 1 Potion","damage_taken":0,"max_hp_gain":0,"max_hp_loss":0,"event_name":"The Woman in Blue","floor":2,"gold_loss":0},{"damage_healed":0,"gold_gain":0,"player_choice":"Gave Potion","damage_taken":0,"relics_obtained":["Matryoshka"],"max_hp_gain":0,"max_hp_loss":0,"event_name":"WeMeetAgain","floor":14,"gold_loss":0}],"is_beta":false,"boss_relics":[],"items_purged_floors":[],"is_endless":false,"potions_floor_spawned":[3,5,7,11,13],"killed_by":"Slime Boss","ascension_level":2}}