{"host":"g2kelmgng7xf1xjg","time":1611125930,"event":{"mods":["BaseMod","Bestiary","Highlight Path","Minty Spire (QoL Compilation)","Relic Stats","StSLib"],"gold_per_floor":[110,127,127,127,147,147,163,193,193,193,225,225,250,200,200,305,305,325,14,14,28,28,59,59,89,89,89,14,45,60,60,60,160,160,175,85,85,101,120,120,147,179,179,197,228,228,253,269,269,269],"floor_reached":51,"language":"ENG","playtime":4494,"items_purged":["Strike_B"],"score":1324,"play_id":"1a99c093-5a12-455a-936d-7cf301ec4833","local_time":"20210120005850","is_ascension_mode":true,"campfire_choices":[{"data":"Ball Lightning","floor":6,"key":"SMITH"},{"data":"Zap","floor":10,"key":"SMITH"},{"data":"Streamline","floor":12,"key":"SMITH"},{"data":"Dualcast","floor":15,"key":"SMITH"},{"data":"Hologram","floor":24,"key":"SMITH"},{"data":"Electrodynamics","floor":27,"key":"SMITH"},{"data":"Glacier","floor":32,"key":"SMITH"},{"data":"Blind","floor":40,"key":"SMITH"},{"data":"Fission","floor":46,"key":"SMITH"},{"data":"Hologram","floor":49,"key":"SMITH"}],"circlet_count":0,"master_deck":["Strike_B+1","Defend_B","Defend_B","Defend_B","Zap+1","Dualcast+1","Melter+1","Leap+1","Ball Lightning+1","Chill","BootSequence","Streamline+1","Leap","Electrodynamics+1","Hologram+1","Glacier+1","Glacier","White Noise+1","Coolheaded+1","FTL+1","Compile Driver+1","Secret Weapon","Blind+1","Compile Driver","Echo Form","Fission+1","Compile Driver","Hologram+1"],"relics":["Cracked Core","DataDisk","Pear","Happy Flower","Eternal Feather","Juzu Bracelet","Philosopher\u0027s Stone","Bronze Scales","WingedGreaves","Toy Ornithopter","Oddly Smooth Stone","Calipers","Cursed Key","HornCleat","Bag of Preparation","Symbiotic Virus","Lantern"],"acts_visited":["Exordium","TheCity","TheBeyond"],"potions_floor_usage":[8,13,16,23,42,50,50],"damage_taken":[{"damage":2,"enemies":"Jaw Worm","floor":1,"turns":4},{"damage":7,"enemies":"Small Slimes","floor":2,"turns":3},{"damage":0,"enemies":"2 Louse","floor":5,"turns":2},{"damage":2,"enemies":"2 Fungi Beasts","floor":7,"turns":3},{"damage":24,"enemies":"Lagavulin","floor":8,"turns":4},{"damage":0,"enemies":"3 Sentries","floor":11,"turns":8},{"damage":18,"enemies":"Lagavulin","floor":13,"turns":4},{"damage":0,"enemies":"Slime Boss","floor":16,"turns":5},{"damage":7,"enemies":"3 Byrds","floor":18,"turns":4},{"damage":0,"enemies":"Spheric Guardian","floor":21,"turns":1},{"damage":0,"enemies":"Slavers","floor":23,"turns":5},{"damage":12,"enemies":"Book of Stabbing","floor":25,"turns":5},{"damage":6,"enemies":"Slavers","floor":29,"turns":3},{"damage":0,"enemies":"Shelled Parasite and Fungi","floor":30,"turns":5},{"damage":3,"enemies":"Automaton","floor":33,"turns":11},{"damage":0,"enemies":"3 Shapes","floor":35,"turns":2},{"damage":0,"enemies":"Orb Walker","floor":38,"turns":2},{"damage":0,"enemies":"3 Darklings","floor":39,"turns":4},{"damage":0,"enemies":"Reptomancer","floor":41,"turns":8},{"damage":0,"enemies":"Giant Head","floor":42,"turns":8},{"damage":0,"enemies":"Maw","floor":44,"turns":6},{"damage":0,"enemies":"Nemesis","floor":45,"turns":7},{"damage":0,"enemies":"Giant Head","floor":47,"turns":7},{"damage":0,"enemies":"Transient","floor":48,"turns":5},{"damage":0,"enemies":"Donu and Deca","floor":50,"turns":8}],"seed_played":"798533286050529294","potions_obtained":[{"floor":1,"key":"SteroidPotion"},{"floor":2,"key":"FearPotion"},{"floor":7,"key":"Fruit Juice"},{"floor":11,"key":"SkillPotion"},{"floor":13,"key":"Ancient Potion"},{"floor":21,"key":"SmokeBomb"},{"floor":30,"key":"SpeedPotion"},{"floor":44,"key":"SneckoOil"},{"floor":45,"key":"PowerPotion"},{"floor":47,"key":"Strength Potion"}],"is_trial":false,"path_per_floor":["M","M","?","?","M","R","M","E","T","R","E","R","E","?","R","B",null,"M","$","?","M","?","E","R","E","T","R","?","E","M","?","R","B",null,"M","?","?","M","M","R","E","E","T","M","E","R","E","M","R","B",null],"character_chosen":"DEFECT","items_purchased":["Glacier","Bronze Scales"],"campfire_rested":0,"item_purchase_floors":[19,19],"current_hp_per_floor":[80,73,57,45,45,45,43,29,29,29,29,38,25,25,34,34,81,74,74,74,74,74,74,86,74,74,86,86,80,80,80,92,89,95,95,95,90,90,90,97,97,97,97,97,97,97,97,97,97,97],"gold":269,"neow_bonus":"TEN_PERCENT_HP_BONUS","is_daily":false,"chose_seed":false,"campfire_upgraded":10,"win_rate":0.0,"timestamp":1611125930,"path_taken":["M","M","?","?","M","R","M","E","T","R","E","R","E","?","R","BOSS","M","$","?","M","?","E","R","E","T","R","?","E","M","?","R","BOSS","M","?","?","M","M","R","E","E","T","M","E","R","E","M","R","BOSS"],"items_purchased_type":["Card","Relic"],"build_version":"2020-12-22","purchased_purges":1,"victory":true,"max_hp_per_floor":[82,82,82,82,82,82,82,92,92,92,92,92,97,97,97,97,97,97,97,97,97,97,97,97,97,97,97,97,97,97,97,97,97,97,97,97,97,97,97,97,97,97,97,97,97,97,97,97,97,97],"relic_stats":{"Happy Flower":[36],"counters":[25,124],"Bronze Scales":[270],"Eternal Feather":61,"Juzu Bracelet":2,"Bag of Preparation":[10],"Cursed Key":0,"obtain_stats":[{"Lantern":47,"Pear":8,"Calipers":29,"Happy Flower":9,"Oddly Smooth Stone":26,"Eternal Feather":11,"Juzu Bracelet":13,"Bag of Preparation":42,"Cursed Key":34,"DataDisk":4,"HornCleat":41,"Bronze Scales":19,"Philosopher\u0027s Stone":17,"WingedGreaves":23,"Cracked Core":0,"Symbiotic Virus":45,"Toy Ornithopter":25},{"Lantern":23,"Pear":5,"Calipers":13,"Happy Flower":5,"Oddly Smooth Stone":12,"Eternal Feather":6,"Juzu Bracelet":7,"Bag of Preparation":20,"Cursed Key":15,"DataDisk":2,"HornCleat":19,"Bronze Scales":9,"Philosopher\u0027s Stone":8,"WingedGreaves":11,"Cracked Core":0,"Symbiotic Virus":22,"Toy Ornithopter":12},{"Lantern":111,"Pear":16,"Calipers":51,"Happy Flower":16,"Oddly Smooth Stone":48,"Eternal Feather":24,"Juzu Bracelet":28,"Bag of Preparation":91,"Cursed Key":67,"DataDisk":7,"HornCleat":83,"Bronze Scales":37,"Philosopher\u0027s Stone":33,"WingedGreaves":43,"Cracked Core":0,"Symbiotic Virus":104,"Toy Ornithopter":48}],"Toy Ornithopter":0},"card_choices":[{"not_picked":["Rebound","Steam"],"picked":"Melter","floor":1},{"not_picked":["Hologram","Storm"],"picked":"Leap","floor":2},{"not_picked":["Auto Shields","Doom and Gloom"],"picked":"Ball Lightning","floor":5},{"not_picked":["Stack","Turbo"],"picked":"Chill","floor":7},{"not_picked":["Gash","Recycle"],"picked":"BootSequence","floor":8},{"not_picked":["Machine Learning","Heatsinks"],"picked":"Streamline","floor":11},{"not_picked":["Redo","Turbo"],"picked":"Leap","floor":13},{"not_picked":["Meteor Strike","Amplify"],"picked":"Electrodynamics","floor":16},{"not_picked":["Ball Lightning+1","Aggregate"],"picked":"Hologram","floor":18},{"not_picked":["Tempest","Conserve Battery","Steam Power"],"picked":"SKIP","floor":21},{"not_picked":["Steam","Multi-Cast"],"picked":"White Noise+1","floor":23},{"not_picked":["Ball Lightning","Gash"],"picked":"Coolheaded+1","floor":25},{"not_picked":["Storm","Meteor Strike"],"picked":"FTL+1","floor":29},{"not_picked":["Tempest","Sweeping Beam+1","Redo+1"],"picked":"SKIP","floor":30},{"not_picked":["Sweeping Beam","Conserve Battery"],"picked":"Compile Driver+1","floor":35},{"not_picked":["Mayhem","Enlightenment"],"picked":"Secret Weapon","floor":37},{"not_picked":["Mind Blast","The Bomb"],"picked":"Blind","floor":37},{"not_picked":["Turbo","Sweeping Beam"],"picked":"Compile Driver","floor":38},{"not_picked":["Aggregate","Steam","Turbo+1"],"picked":"SKIP","floor":39},{"not_picked":["Double Energy","Redo+1"],"picked":"Echo Form","floor":41},{"not_picked":["Steam","Chill+1"],"picked":"Fission","floor":42},{"not_picked":["Ball Lightning+1","Leap+1"],"picked":"Compile Driver","floor":44},{"not_picked":["Turbo+1","BootSequence"],"picked":"Hologram","floor":45},{"not_picked":["Reboot","Redo+1","Sweeping Beam"],"picked":"SKIP","floor":47},{"not_picked":["Beam Cell","Darkness+1","Redo+1"],"picked":"SKIP","floor":48}],"player_experience":994071,"relics_obtained":[{"floor":8,"key":"Pear"},{"floor":9,"key":"Happy Flower"},{"floor":11,"key":"Eternal Feather"},{"floor":13,"key":"Juzu Bracelet"},{"floor":23,"key":"WingedGreaves"},{"floor":25,"key":"Toy Ornithopter"},{"floor":26,"key":"Oddly Smooth Stone"},{"floor":29,"key":"Calipers"},{"floor":41,"key":"HornCleat"},{"floor":42,"key":"Bag of Preparation"},{"floor":45,"key":"Symbiotic Virus"},{"floor":47,"key":"Lantern"}],"event_choices":[{"damage_healed":0,"gold_gain":0,"player_choice":"Entered Light","damage_taken":16,"max_hp_gain":0,"max_hp_loss":0,"event_name":"Shining Light","floor":3,"gold_loss":0,"cards_upgraded":["Melter","Strike_B"]},{"damage_healed":0,"gold_gain":0,"player_choice":"Success","damage_taken":12,"relics_obtained":["DataDisk"],"max_hp_gain":0,"max_hp_loss":0,"event_name":"Scrap Ooze","floor":4,"gold_loss":0},{"cards_removed":["Strike_B"],"damage_healed":0,"gold_gain":0,"player_choice":"Card Removal","damage_taken":0,"max_hp_gain":0,"max_hp_loss":0,"event_name":"The Cleric","floor":14,"gold_loss":50},{"damage_healed":0,"gold_gain":0,"player_choice":"Ignored","damage_taken":0,"max_hp_gain":0,"max_hp_loss":0,"event_name":"Ghosts","floor":20,"gold_loss":0},{"damage_healed":0,"gold_gain":0,"player_choice":"Copied","damage_taken":0,"max_hp_gain":0,"max_hp_loss":0,"event_name":"Duplicator","floor":22,"gold_loss":0,"cards_obtained":["Glacier"]},{"cards_removed":["Strike_B"],"damage_healed":0,"gold_gain":0,"player_choice":"Gave Gold","damage_taken":0,"max_hp_gain":0,"max_hp_loss":0,"event_name":"Beggar","floor":28,"gold_loss":75},{"cards_removed":["Defend_B"],"damage_healed":0,"gold_gain":0,"player_choice":"Upgrade and Remove","damage_taken":0,"max_hp_gain":0,"max_hp_loss":0,"event_name":"Designer","floor":36,"gold_loss":90,"cards_upgraded":["Leap"]},{"damage_healed":0,"gold_gain":0,"player_choice":"Memory 2","damage_taken":5,"max_hp_gain":0,"max_hp_loss":0,"event_name":"SensoryStone","floor":37,"gold_loss":0}],"is_beta":false,"boss_relics":[{"not_picked":["Empty Cage","Fusion Hammer"],"picked":"Philosopher\u0027s Stone"},{"not_picked":["Velvet Choker","SacredBark"],"picked":"Cursed Key"}],"items_purged_floors":[19],"is_endless":false,"potions_floor_spawned":[1,2,7,11,13,21,30,44,45,47],"ascension_level":5}}