{"host":"l8k579n63ej0vska","time":1611139048,"event":{"mods":["BaseMod","Colored Map","Infinite Spire","Minty Spire (QoL Compilation)","Replay The Spire","StSLib","The Bug Knight"],"gold_per_floor":[109,109,109,109,129,129,149,165,188,225,225,74,87,101,101,202,202,212,223,138,165,176,203,203,203,226,226,226],"floor_reached":27,"language":"ENG","playtime":2427,"items_purged":[],"score":293,"play_id":"ffe6f43c-2382-4eb3-97bd-59336866b443","local_time":"20210120113728","is_ascension_mode":true,"campfire_choices":[{"data":"Eruption","floor":6,"key":"SMITH"},{"data":"ForeignInfluence","floor":15,"key":"SMITH"},{"data":"Worship","floor":25,"key":"SMITH"}],"circlet_count":0,"master_deck":["Strike_P","Strike_P","Strike_P","Defend_P","Defend_P","Eruption+1","Vigilance","ClearTheMind","ForeignInfluence+1","Steam","infinitespire:Starlight+1","Protect","Replay:Battleflow","Collect","Evaluate","Replay:ManipulateFuture","WheelKick","FlurryOfBlows","Halt","Crescendo","FollowUp","Blasphemy","ThirdEye+1","Worship+1","Consecrate"],"relics":["Busted Crown","Boot","Orrery","Sundial","Counterbalance","Nunchaku","SsserpentHead","Ancient Tea Set"],"acts_visited":["Exordium","TheCity"],"potions_floor_usage":[8,14,27],"damage_taken":[{"damage":2,"enemies":"Jaw Worm","floor":1,"turns":3},{"damage":0,"enemies":"2 Louse","floor":5,"turns":1},{"damage":0,"enemies":"Small Slimes","floor":7,"turns":1},{"damage":1,"enemies":"Exordium Wildlife","floor":8,"turns":3},{"damage":0,"enemies":"Looter","floor":10,"turns":3},{"damage":22,"enemies":"Gremlin Gang","floor":13,"turns":4},{"damage":5,"enemies":"Red Slaver","floor":14,"turns":3},{"damage":17,"enemies":"Fading Forest","floor":16,"turns":11},{"damage":26,"enemies":"2 Thieves","floor":18,"turns":5},{"damage":9,"enemies":"Spheric Guardian","floor":19,"turns":4},{"damage":30,"enemies":"Shelled Parasite and Fungi","floor":22,"turns":9},{"damage":40,"enemies":"HollowMod:Nosk","floor":23,"turns":8},{"damage":38,"enemies":"Snake Plant","floor":27,"turns":6}],"seed_played":"-4203430700850057716","potions_obtained":[{"floor":5,"key":"DistilledChaos"},{"floor":7,"key":"Fire Potion"},{"floor":14,"key":"Venom Potion"},{"floor":19,"key":"Ancient Potion"},{"floor":23,"key":"GamblersBrew"}],"is_trial":false,"path_per_floor":["M","?","?","?","M","R","M","M","T","M","?","$","M","M","R","B",null,"M","M","?","?","M","E","?","R","T","M"],"character_chosen":"WATCHER","items_purchased":["Orrery"],"campfire_rested":0,"item_purchase_floors":[12],"current_hp_per_floor":[63,63,56,38,38,38,38,47,47,57,57,57,50,60,60,57,68,57,63,63,63,48,23,23,23,23,0,0],"gold":226,"neow_bonus":"BOSS_RELIC","is_daily":false,"chose_seed":false,"campfire_upgraded":3,"win_rate":0.0,"timestamp":1611139048,"path_taken":["M","?","?","?","M","R","M","M","T","?","?","$","?","M","R","BOSS","M","M","?","?","?","E","?","R","T","M"],"items_purchased_type":["Relic"],"build_version":"2020-12-22","purchased_purges":0,"victory":false,"max_hp_per_floor":[72,72,72,72,72,72,72,72,72,72,72,72,72,72,72,72,72,72,72,72,72,72,72,72,72,72,72,72],"card_choices":[{"not_picked":[],"picked":"ClearTheMind","floor":1},{"not_picked":["infinitespire:Fortify","infinitespire:Execution"],"picked":"infinitespire:Starlight","floor":4},{"not_picked":[],"picked":"Protect","floor":5},{"not_picked":[],"picked":"Replay:Battleflow","floor":7},{"not_picked":[],"picked":"Collect","floor":8},{"not_picked":[],"picked":"Evaluate","floor":10},{"not_picked":[],"picked":"Replay:ManipulateFuture","floor":12},{"not_picked":[],"picked":"WheelKick","floor":12},{"not_picked":[],"picked":"FlurryOfBlows","floor":12},{"not_picked":[],"picked":"Halt","floor":12},{"not_picked":[],"picked":"Crescendo","floor":13},{"not_picked":[],"picked":"FollowUp","floor":14},{"not_picked":[],"picked":"Blasphemy","floor":16},{"not_picked":[],"picked":"ThirdEye+1","floor":18},{"not_picked":[],"picked":"Worship","floor":19},{"not_picked":[],"picked":"Consecrate","floor":22},{"not_picked":["PathToVictory"],"picked":"SKIP","floor":23}],"player_experience":1635765,"relics_obtained":[{"floor":9,"key":"Boot"},{"floor":21,"key":"Counterbalance"},{"floor":23,"key":"Nunchaku"},{"floor":26,"key":"Ancient Tea Set"}],"event_choices":[{"cards_removed":["Defend_P"],"damage_healed":0,"gold_gain":0,"player_choice":"Card Removal","damage_taken":7,"max_hp_gain":0,"max_hp_loss":0,"event_name":"Golden Wing","floor":3,"gold_loss":0},{"damage_healed":0,"gold_gain":0,"player_choice":"Upgraded","damage_taken":0,"max_hp_gain":0,"max_hp_loss":0,"event_name":"Upgrade Shrine","floor":11,"gold_loss":0,"cards_upgraded":["infinitespire:Starlight"]},{"damage_healed":0,"gold_gain":0,"player_choice":"Obtained Relic","damage_taken":0,"relics_obtained":["Sundial"],"max_hp_gain":0,"max_hp_loss":0,"event_name":"Addict","floor":20,"gold_loss":85},{"damage_healed":0,"gold_gain":0,"player_choice":"Trade","damage_taken":0,"relics_obtained":["SsserpentHead"],"max_hp_gain":0,"max_hp_loss":0,"event_name":"FaceTrader","floor":24,"gold_loss":0}],"is_beta":false,"boss_relics":[{"not_picked":["Velvet Choker","Snecko Eye","Fusion Hammer"]}],"items_purged_floors":[],"is_endless":false,"potions_floor_spawned":[5,7,14,19,23],"killed_by":"Snake Plant","ascension_level":6}}