{"host":"qkbnayyek6fga752","time":1611120237,"event":{"mods":["2.2 Compatiblity","Aspiration","Astrologer","Bard","BaseMod","Beaked The Cultist","Better Altar","Better Match","Better Note","Better Sensory Stone","Better Skull","Better Third Choice","CCEM","CapriCore","ChefMod","Clockwork Mod","Conspire","Ekko","Energized Spire","Evolution","Glutton Mod","Hermit","HololiveMod","Hubris","Humility","Jedi Mod","Koishi","Mad Scientist","Marisa????????","Minty Spire (QoL Compilation)","Quarter Circle Forward PUNCH!","Random Character Mod","Replay The Spire","Robot Space Explorer","SIMod","Spicy Shops","Spire Arcade","StSLib","The Administrix","The Alterego","The Blackbeard","The Blue Laboratory","The Bug Knight","The Construct","The Cursed","The Death Knight","The Disciple","The Druid","The Edgeheg","The Exalted","The Forsaken","The Gatherer","The Hayseed","The Hierophant","The Immortal","The Marked","The Mystic","The Necromancer","The Problem Sleuth","The Runesmith","The Sage","The Senshi","The Vixen","TheBandit","TheFirefly","TheLocksmith","TheSwordswoman","TheVacant","Trackpad","Wandering Minibosses","Yuri Mod","thorton","vexMod","??????REMEMod"],"gold_per_floor":[109,127,227,243,213,213,243,243,267,282,99,134,164,190,190,287,287,297,297,297,308,321,355,355,380,429,429,461,461,49,49,49],"floor_reached":31,"language":"ENG","playtime":2132,"items_purged":[],"score":344,"play_id":"5ecb3628-8b28-4520-b4ad-c9ef1f29388f","local_time":"20210120002357","daily_mods":["SealedDeck","Heirloom","DeadlyEvents","Elite Swarm","Uncertain Future"],"is_ascension_mode":false,"campfire_choices":[{"data":"Runesmith:Grindstone","floor":6,"key":"SMITH"},{"data":"Runesmith:UnlimitedPower","floor":8,"key":"SMITH"},{"data":"Runesmith:DuctTape","floor":15,"key":"SMITH"},{"floor":24,"key":"REST"},{"floor":27,"key":"REST"}],"circlet_count":0,"master_deck":["Runesmith:Augment","Runesmith:HeatExchange","Runesmith:EarthShield","Runesmith:EarthShield","Runesmith:CraftMagma","Runesmith:CraftMagma","Runesmith:Grindstone+1","Runesmith:PoweredAnvil","Runesmith:LithiumIon","Bromod:RadialBlind","Runesmith:CraftIncendium","Runesmith:Refine","Runesmith:ArcReactor","Runesmith:UnlimitedPower+1","Runesmith:LithiumIon","Runesmith:MetallurgicalResearch","Runesmith:MetallurgicalResearch","Runesmith:DuctTape+1","Runesmith:DuctTape","jedi:BattleThirst","Runesmith:PerfectChisel","Runesmith:CreatorForm","Runesmith:LightningRod","Runesmith:CreatorForm","Mayhem","Runesmith:LithiumIon"],"relics":["Runesmith:BrokenRuby","EVO:Axolotl","REME_ComplimentaryCards","vexMod:RetaliationKit","theSenshi:SailorFukuRelic","Lantern","REME_CardOfGreed","Bromod:ArcaneConsequence","conspire:InfiniteJournal","Replay:Kaleidoscope","jedi:hotpepper","hubris:Zylophone","conspire:GiftBox","hubris:SphereOfDissonance","trackpad:Compendium","Bromod:ArcaneGuardian"],"acts_visited":["Exordium","TheCity"],"potions_floor_usage":[5,7,14,28],"damage_taken":[{"damage":0,"enemies":"2 Louse","floor":1,"turns":3},{"damage":0,"enemies":"Jaw Worm","floor":2,"turns":5},{"damage":0,"enemies":"conspire:RoseBush","floor":4,"turns":3},{"damage":0,"enemies":"Looter","floor":5,"turns":3},{"damage":9,"enemies":"Gremlin Nob","floor":7,"turns":5},{"damage":7,"enemies":"Exordium Wildlife","floor":10,"turns":3},{"damage":11,"enemies":"HollowMod:MossKnight","floor":12,"turns":5},{"damage":0,"enemies":"Replay:BlueRogue","floor":13,"turns":4},{"damage":1,"enemies":"HollowMod:MossKnight","floor":14,"turns":5},{"damage":2,"enemies":"The Guardian","floor":16,"turns":6},{"damage":24,"enemies":"2 Thieves","floor":18,"turns":4},{"damage":0,"enemies":"Spheric Guardian","floor":21,"turns":4},{"damage":0,"enemies":"conspire:HollyBat","floor":22,"turns":5},{"damage":14,"enemies":"conspire:Head Lice","floor":23,"turns":4},{"damage":8,"enemies":"HollowMod:Nosk","floor":25,"turns":6},{"damage":6,"enemies":"Replay:Snechameleon","floor":28,"turns":4},{"damage":36,"enemies":"Snecko","floor":31,"turns":4}],"seed_played":"6801789061180687596","potions_obtained":[{"floor":1,"key":"DistilledChaos"},{"floor":2,"key":"blueLaboratory:PyrophylliteBrew"},{"floor":7,"key":"DeathKnight:BottledBloodEchoes"},{"floor":13,"key":"SkillPotion"},{"floor":16,"key":"blueLaboratory:EnragingPotion"},{"floor":21,"key":"ColorlessPotion"},{"floor":28,"key":"REME_GoldPotion"}],"is_trial":true,"path_per_floor":["M","M","?","M","M","R","E","R","T","M","$","E","E","E","R","B",null,"M","?","?","M","M","E","R","E","T","R","E","$","$","M"],"character_chosen":"RUNESMITH_CLASS","items_purchased":["Runesmith:LithiumIon","REME_CardOfGreed","Mayhem","Runesmith:LithiumIon"],"campfire_rested":2,"item_purchase_floors":[11,11,30,30],"current_hp_per_floor":[70,70,70,70,70,70,61,61,61,54,54,43,43,42,42,40,52,28,28,28,28,28,14,29,21,21,36,30,30,30,0,0],"gold":49,"neow_bonus":"","is_daily":false,"chose_seed":false,"campfire_upgraded":3,"win_rate":0.0,"timestamp":1611120237,"path_taken":["M","M","?","M","?","R","E","R","T","M","$","E","?","E","R","BOSS","M","?","?","M","M","E","R","E","T","R","E","?","$","M"],"items_purchased_type":["Card","Relic","Card","Card"],"build_version":"2020-12-22","purchased_purges":0,"victory":false,"max_hp_per_floor":[70,70,70,70,70,70,70,70,70,70,70,70,70,70,70,70,52,52,52,52,52,52,52,52,52,52,52,52,52,52,52,52],"card_choices":[{"not_picked":["Runesmith:StaticCage","Runesmith:ChiselStab"],"picked":"Runesmith:CraftIncendium","floor":1},{"not_picked":["Runesmith:HeatExchange","Runesmith:CraftIncendium"],"picked":"Runesmith:Refine","floor":2},{"not_picked":["Runesmith:StaticCage","Runesmith:NanitesCloud","Runesmith:Electrocute"],"picked":"SKIP","floor":4},{"not_picked":["Runesmith:GoWithTheFlow","Runesmith:NanitesCloud"],"picked":"Runesmith:ArcReactor","floor":5},{"not_picked":["Runesmith:Supernova","Runesmith:GrandSlam"],"picked":"Runesmith:UnlimitedPower","floor":7},{"not_picked":["Runesmith:HeatedChisel","Runesmith:ChargedHammer","Runesmith:Repurpose"],"picked":"SKIP","floor":10},{"not_picked":["Runesmith:CraftPrismatica","Runesmith:CraftMedicinae"],"picked":"Runesmith:MetallurgicalResearch","floor":12},{"not_picked":["Runesmith:GenerateForcefield","Runesmith:LastStand"],"picked":"Runesmith:MetallurgicalResearch","floor":13},{"not_picked":["Runesmith:ArcReactor","Runesmith:Duplicate"],"picked":"Runesmith:DuctTape","floor":14},{"not_picked":["Runesmith:LastStand","Runesmith:CraftMedicinae"],"picked":"Runesmith:DuctTape","floor":16},{"not_picked":["Runesmith:UnstableHammer","Runesmith:CraftMagma","Runesmith:Overpower+1"],"picked":"SKIP","floor":18},{"not_picked":["Runesmith:NanitesCloud+1","Runesmith:HammerThrow","Runesmith:CraftSpiculum"],"picked":"SKIP","floor":21},{"not_picked":["Runesmith:CraftReservo","Runesmith:HeatedChisel"],"picked":"Runesmith:PerfectChisel","floor":22},{"not_picked":["Runesmith:CraftMedicinae","Runesmith:CraftIndustria"],"picked":"Runesmith:CreatorForm","floor":23},{"not_picked":["Runesmith:CraftPrismatica","Runesmith:ReplicatingBarrier"],"picked":"Runesmith:LightningRod","floor":23},{"not_picked":["Runesmith:DuctTape","Runesmith:GrandSlam"],"picked":"Runesmith:CreatorForm","floor":25},{"not_picked":["Runesmith:DuctTape","Runesmith:CraftMedicinae","Runesmith:UnlimitedPower"],"picked":"SKIP","floor":28}],"player_experience":425686,"relics_obtained":[{"floor":7,"key":"theSenshi:SailorFukuRelic"},{"floor":9,"key":"Lantern"},{"floor":12,"key":"Bromod:ArcaneConsequence"},{"floor":13,"key":"conspire:InfiniteJournal"},{"floor":14,"key":"Replay:Kaleidoscope"},{"floor":23,"key":"conspire:GiftBox"},{"floor":25,"key":"hubris:SphereOfDissonance"},{"floor":26,"key":"trackpad:Compendium"},{"floor":28,"key":"Bromod:ArcaneGuardian"}],"event_choices":[{"damage_healed":0,"gold_gain":100,"player_choice":"Pray","damage_taken":0,"max_hp_gain":0,"max_hp_loss":0,"event_name":"Golden Shrine","floor":3,"gold_loss":0},{"cards_removed":["Runesmith:BackupBattery"],"damage_healed":0,"gold_gain":0,"player_choice":"Card Removal","damage_taken":0,"max_hp_gain":0,"max_hp_loss":0,"event_name":"Wheel of Change","floor":20,"gold_loss":0}],"is_beta":false,"boss_relics":[{"not_picked":["REME_LowDesire","conspire:SpecialSausage"],"picked":"jedi:hotpepper"}],"items_purged_floors":[],"is_endless":false,"potions_floor_spawned":[1,2,7,13,16,21,28],"killed_by":"Snecko","ascension_level":0}}