{"host":"t0dtoggyaif518ut","time":1611141462,"event":{"mods":["AchievementEnabler","BaseMod","Best Route Mod","Bestiary","Better Altar","Better Match","Better Note","Better Sensory Stone","Better Silent Start","Better Skull","Better Third Choice","Better Vampires","Block Reminder","Colored Powertips","Dark Map","Displayed Cursed Tome","Energized Spire","Evolution","Gold Saver","Ironclad Rager","Minty Spire (QoL Compilation)","Practice Mode","Quick Restart","RNG Fix","Random Character Button","Relic Stats","Retaliation","Reworked Bosses","StSLib","Treasure Hunter"],"gold_per_floor":[73,41,56,56,0,0,30,30,53,82,93,106,124,153,153,225,225,241,259,259,259,259],"floor_reached":21,"language":"ENG","playtime":1227,"items_purged":[],"score":411,"play_id":"a5ee9079-984c-4be7-81be-30fb8d966bd0","local_time":"20210120181742","is_ascension_mode":true,"campfire_choices":[{"data":"Shrug It Off","floor":6,"key":"SMITH"},{"data":"Twin Strike","floor":8,"key":"SMITH"},{"data":"TH:ElvenBoots","floor":15,"key":"SMITH"}],"circlet_count":0,"master_deck":["AscendersBane","Sword Boomerang","Sword Boomerang","Bash","Twin Strike+1","Twin Strike","Twin Strike","Iron Wave","Iron Wave","Iron Wave","Iron Wave","Shrug It Off+1","Headbutt","Enlightenment","TH:ArmorSpikes","Shrug It Off","TH:CopperCoins","TH:ArmorSpikes","Immolate","Rage","DDmod:SpikedSkill","Flame Barrier","TH:ElvenBoots+1","Cleave","TH:ArmorSpikes","Demon Form","Pommel Strike+1"],"relics":["Burning Blood","EVO:Axolotl","betterThird:SlimedRelic","Toy Ornithopter","PreservedInsect","Matryoshka","Torii","Black Star"],"acts_visited":["Exordium","TheCity"],"potions_floor_usage":[7,16,16],"damage_taken":[{"damage":12,"enemies":"Jaw Worm","floor":1,"turns":2},{"damage":2,"enemies":"2 Louse","floor":3,"turns":2},{"damage":10,"enemies":"3 Sentries","floor":7,"turns":5},{"damage":0,"enemies":"Gremlin Nob","floor":10,"turns":3},{"damage":0,"enemies":"Small Slimes","floor":11,"turns":1},{"damage":3,"enemies":"Blue Slaver","floor":12,"turns":3},{"damage":0,"enemies":"2 Fungi Beasts","floor":13,"turns":2},{"damage":0,"enemies":"3 Sentries","floor":14,"turns":3},{"damage":42,"enemies":"Slime Boss","floor":16,"turns":15},{"damage":20,"enemies":"2 Thieves","floor":18,"turns":4},{"damage":26,"enemies":"Chosen","floor":19,"turns":7},{"damage":41,"enemies":"Centurion and Healer","floor":21,"turns":5}],"seed_played":"-3000036748124825050","potions_obtained":[{"floor":3,"key":"PowerPotion"},{"floor":4,"key":"PowerPotion"},{"floor":7,"key":"DuplicationPotion"}],"is_trial":false,"path_per_floor":["M","?","M","?","?","R","E","R","T","E","M","M","M","E","R","B",null,"M","M","?","M"],"character_chosen":"IRONCLAD","items_purchased":[],"campfire_rested":0,"item_purchase_floors":[],"current_hp_per_floor":[45,34,38,38,44,44,40,40,40,46,52,55,61,67,67,41,69,55,35,35,0,0],"gold":259,"neow_bonus":"IRONCLAD_BERSERKER","is_daily":false,"chose_seed":false,"campfire_upgraded":3,"win_rate":0.0,"timestamp":1611141462,"path_taken":["M","?","?","?","?","R","E","R","T","E","M","M","M","E","R","BOSS","M","M","?","M"],"items_purchased_type":[],"build_version":"2020-12-22","purchased_purges":0,"victory":false,"max_hp_per_floor":[72,72,72,72,78,78,78,78,78,78,78,78,78,78,78,78,78,78,78,75,75,75],"relic_stats":{"Torii":4,"counters":[12,52],"PreservedInsect":54,"Black Star":0,"obtain_stats":[{"Matryoshka":10,"Torii":14,"betterThird:SlimedRelic":2,"PreservedInsect":9,"Black Star":17,"EVO:Axolotl":0,"Burning Blood":0,"Toy Ornithopter":7},{"Matryoshka":4,"Torii":8,"betterThird:SlimedRelic":1,"PreservedInsect":3,"Black Star":9,"EVO:Axolotl":0,"Burning Blood":0,"Toy Ornithopter":3},{"Matryoshka":12,"Torii":21,"betterThird:SlimedRelic":2,"PreservedInsect":9,"Black Star":36,"EVO:Axolotl":0,"Burning Blood":0,"Toy Ornithopter":9}],"Burning Blood":66,"Toy Ornithopter":10},"card_choices":[{"not_picked":["DDmod:SpikeInjectionSkill","Clash"],"picked":"Shrug It Off","floor":1},{"not_picked":["Wild Strike","Rupture"],"picked":"Headbutt","floor":3},{"not_picked":["TH:DeckOfManyThings"],"picked":"TH:ArmorSpikes","floor":7},{"not_picked":["Wild Strike","DDmod:SpikeInjectionSkill"],"picked":"Shrug It Off","floor":7},{"not_picked":["TH:PixieDust"],"picked":"TH:CopperCoins","floor":9},{"not_picked":["TH:PixieDust"],"picked":"TH:ArmorSpikes","floor":10},{"not_picked":["DDmod:CallousedSkill","Headbutt"],"picked":"Immolate","floor":10},{"not_picked":["Anger","Shrug It Off"],"picked":"Rage","floor":11},{"not_picked":["Dark Embrace","Sever Soul"],"picked":"DDmod:SpikedSkill","floor":12},{"not_picked":["Body Slam","Feel No Pain"],"picked":"Flame Barrier","floor":13},{"not_picked":["TH:Mimic"],"picked":"TH:ElvenBoots","floor":14},{"not_picked":["DDmod:CallousedSkill","Wild Strike"],"picked":"Cleave","floor":14},{"not_picked":["TH:Mimic"],"picked":"TH:ArmorSpikes","floor":16},{"not_picked":["Double Tap","Brutality"],"picked":"Demon Form","floor":16},{"not_picked":["Armaments","Seeing Red"],"picked":"Pommel Strike+1","floor":18},{"not_picked":["Cleave","Pommel Strike","Perfected Strike"],"picked":"SKIP","floor":19}],"player_experience":282563,"relics_obtained":[{"floor":7,"key":"Toy Ornithopter"},{"floor":9,"key":"PreservedInsect"},{"floor":10,"key":"Matryoshka"},{"floor":14,"key":"Torii"}],"event_choices":[{"damage_healed":0,"gold_gain":0,"player_choice":"Slimed","damage_taken":11,"max_hp_gain":0,"max_hp_loss":0,"event_name":"betterThird:BetterGoop","floor":2,"gold_loss":32},{"damage_healed":0,"gold_gain":0,"player_choice":"Got Potions","damage_taken":0,"max_hp_gain":0,"max_hp_loss":0,"event_name":"Lab","floor":4,"gold_loss":0},{"damage_healed":0,"gold_gain":0,"player_choice":"RENOUNCE","damage_taken":56,"max_hp_gain":0,"max_hp_loss":0,"event_name":"betterThird:BetterSerpent","floor":5,"gold_loss":56,"cards_obtained":["Enlightenment"]},{"cards_removed":["Parasite"],"damage_healed":0,"gold_gain":0,"player_choice":"Purged","damage_taken":0,"max_hp_gain":0,"max_hp_loss":0,"event_name":"Purifier","floor":20,"gold_loss":0}],"is_beta":false,"boss_relics":[{"not_picked":["energizedSpire:SpiderWeb","energizedSpire:NeverEndingSparkler"],"picked":"Black Star"}],"items_purged_floors":[],"is_endless":false,"potions_floor_spawned":[3,7,10,12],"killed_by":"Centurion and Healer","ascension_level":13}}