{"host":"15dd7v8o90xso62x","time":1611179724,"event":{"mods":["BaseMod","Minty Spire (QoL Compilation)","Quick Restart","StSLib","SuperFastMode"],"gold_per_floor":[112,262,55,130,140,168,93,93,93,104,104,124,143,143,143],"floor_reached":14,"language":"KOR","playtime":403,"items_purged":["Doubt"],"score":230,"play_id":"a6226f0a-94f2-4c01-8dbb-ca979a890833","local_time":"20210121065524","is_ascension_mode":true,"campfire_choices":[{"data":"Crippling Poison","floor":8.0,"key":"SMITH"},{"data":"Dash","floor":11.0,"key":"SMITH"}],"circlet_count":0,"master_deck":["AscendersBane","Strike_G","Strike_G","Strike_G","Strike_G","Strike_G","Defend_G","Defend_G","Defend_G","Defend_G","Survivor","Neutralize","Crippling Poison+1","Well Laid Plans","Dash+1","Backstab","Escape Plan","Catalyst"],"relics":["Ring of the Snake","NeowsBlessing","Pear","Question Card"],"acts_visited":["Exordium"],"potions_floor_usage":[14],"damage_taken":[{"damage":0.0,"enemies":"Jaw Worm","floor":1.0,"turns":1.0},{"damage":0.0,"enemies":"Small Slimes","floor":5.0,"turns":1.0},{"damage":0.0,"enemies":"Gremlin Nob","floor":6.0,"turns":1.0},{"damage":0.0,"enemies":"2 Louse","floor":10.0,"turns":3.0},{"damage":3.0,"enemies":"Looter","floor":12.0,"turns":3.0},{"damage":3.0,"enemies":"2 Fungi Beasts","floor":13.0,"turns":2.0},{"damage":48,"enemies":"3 Sentries","floor":14,"turns":18}],"seed_played":"-6441975329346645371","potions_obtained":[{"floor":1.0,"key":"Fruit Juice"},{"floor":5.0,"key":"Ancient Potion"},{"floor":6.0,"key":"ColorlessPotion"}],"is_trial":false,"path_per_floor":["M","?","$","?","M","E","?","R","T","M","R","M","M","E"],"character_chosen":"THE_SILENT","items_purchased":["Well Laid Plans","Dash"],"campfire_rested":0,"item_purchase_floors":[3,3],"current_hp_per_floor":[59,59,59,48,48,63,63,63,63,63,63,60,57,9,9],"gold":143,"neow_bonus":"THREE_ENEMY_KILL","is_daily":false,"chose_seed":false,"campfire_upgraded":2,"win_rate":0.0,"timestamp":1611179724,"path_taken":["M","?","$","?","M","E","?","R","T","M","R","M","?","E"],"items_purchased_type":["Card","Card"],"build_version":"2020-12-22","purchased_purges":1,"victory":false,"max_hp_per_floor":[66,66,66,66,66,81,81,81,81,81,81,81,81,81,81],"card_choices":[{"not_picked":["Infinite Blades","Blade Dance"],"picked":"Crippling Poison","floor":1.0},{"not_picked":["Skewer","Terror","Outmaneuver"],"picked":"SKIP","floor":5.0},{"not_picked":["Well Laid Plans","Dagger Spray"],"picked":"Backstab","floor":6.0},{"not_picked":["Deflect","Dodge and Roll","Quick Slash","Backflip"],"picked":"SKIP","floor":10.0},{"not_picked":["Flechettes","Underhanded Strike","Slice"],"picked":"Escape Plan","floor":12.0},{"not_picked":["All Out Attack","Cloak And Dagger","Dagger Throw"],"picked":"Catalyst","floor":13.0}],"player_experience":1052007,"relics_obtained":[{"floor":6.0,"key":"Pear"},{"floor":9.0,"key":"Question Card"}],"event_choices":[{"damage_healed":0.0,"max_hp_gain":0.0,"max_hp_loss":0.0,"gold_gain":150.0,"event_name":"Liars Game","player_choice":"AGREE","floor":2.0,"gold_loss":0.0,"damage_taken":0.0,"cards_obtained":["Doubt"]},{"damage_healed":0.0,"max_hp_gain":0.0,"max_hp_loss":0.0,"gold_gain":75.0,"event_name":"World of Goop","player_choice":"Gather Gold","floor":4.0,"gold_loss":0.0,"damage_taken":11.0},{"cards_removed":["Defend_G"],"damage_healed":0.0,"max_hp_gain":0.0,"max_hp_loss":0.0,"gold_gain":0.0,"event_name":"The Cleric","player_choice":"Card Removal","floor":7.0,"gold_loss":75.0,"damage_taken":0.0}],"is_beta":false,"boss_relics":[],"items_purged_floors":[3],"is_endless":false,"potions_floor_spawned":[1,5,6],"killed_by":"3 Sentries","ascension_level":20}}