{"host":"sc0o2qwpf9j16a4i","time":1611181848,"event":{"mods":["AchievementEnabler","BaseMod","BetterRewards","Block Reminder","Colored Map","Colored Powertips","Custom Start","Highlight Path","Minty Spire (QoL Compilation)","Relic Stats"],"gold_per_floor":[116,5,20,20,31,31,31,51,51,63,91,38,52,80,80,80,80],"floor_reached":16,"language":"ENG","playtime":460,"items_purged":[],"score":220,"play_id":"d666f4da-9c13-434e-a1b5-cdc27aed4f72","local_time":"20210121003048","is_ascension_mode":true,"campfire_choices":[{"data":"FTL","floor":6,"key":"SMITH"},{"floor":15,"key":"REST"}],"circlet_count":0,"master_deck":["AscendersBane","Strike_B","Strike_B","Strike_B","Strike_B","Defend_B","Defend_B","Defend_B","Defend_B","Zap+1","Dualcast","Genetic Algorithm","Ball Lightning+1","Genetic Algorithm","FTL+1","White Noise","Go for the Eyes","Biased Cognition","Undo","Conserve Battery"],"relics":["Cracked Core","Odd Mushroom","Letter Opener","Dead Branch","Shuriken"],"acts_visited":["Exordium"],"potions_floor_usage":[5,8,11,13,16],"damage_taken":[{"damage":1,"enemies":"Cultist","floor":1,"turns":4},{"damage":2,"enemies":"Jaw Worm","floor":3,"turns":3},{"damage":0,"enemies":"2 Louse","floor":5,"turns":4},{"damage":13,"enemies":"The Mushroom Lair","floor":8,"turns":4},{"damage":0,"enemies":"2 Fungi Beasts","floor":10,"turns":2},{"damage":30,"enemies":"3 Sentries","floor":11,"turns":7},{"damage":0,"enemies":"Lots of Slimes","floor":13,"turns":4},{"damage":10,"enemies":"Lagavulin","floor":14,"turns":6},{"damage":32,"enemies":"Hexaghost","floor":16,"turns":9}],"seed_played":"-2043846422017254880","potions_obtained":[{"floor":1,"key":"Swift Potion"},{"floor":10,"key":"BlessingOfTheForge"},{"floor":14,"key":"FearPotion"}],"is_trial":false,"path_per_floor":["M","$","M","?","M","R","$","?","T","M","E","$","M","E","R","B"],"character_chosen":"DEFECT","items_purchased":["Ball Lightning","Block Potion","Block Potion"],"campfire_rested":1,"item_purchase_floors":[2,2,12],"current_hp_per_floor":[63,63,61,61,61,61,61,48,48,48,18,18,18,8,29,0,0],"gold":80,"neow_bonus":"UPGRADE_CARD","is_daily":false,"chose_seed":false,"campfire_upgraded":1,"win_rate":0.0,"timestamp":1611181848,"path_taken":["M","?","M","?","M","R","$","?","T","M","E","$","M","E","R","BOSS"],"items_purchased_type":["Card","Potion","Potion"],"build_version":"2020-12-22","purchased_purges":0,"victory":false,"max_hp_per_floor":[71,71,71,71,71,71,71,71,71,71,71,71,71,71,71,71,71],"relic_stats":{"counters":[9,43],"Shuriken":[2],"Dead Branch":[11],"Letter Opener":[30],"obtain_stats":[{"Shuriken":14,"Dead Branch":11,"Letter Opener":9,"Odd Mushroom":8,"Cracked Core":0},{"Shuriken":8,"Dead Branch":6,"Letter Opener":4,"Odd Mushroom":4,"Cracked Core":0},{"Shuriken":34,"Dead Branch":24,"Letter Opener":15,"Odd Mushroom":15,"Cracked Core":0}]},"card_choices":[{"not_picked":["Skim","Leap"],"picked":"Genetic Algorithm","floor":1},{"not_picked":["Conserve Battery","Leap"],"picked":"Genetic Algorithm","floor":3},{"not_picked":["Reprogram","Redo"],"picked":"FTL","floor":5},{"not_picked":["Ball Lightning","Redo"],"picked":"White Noise","floor":8},{"not_picked":["Beam Cell","Stack"],"picked":"Go for the Eyes","floor":10},{"not_picked":["Lockon","Capacitor"],"picked":"Biased Cognition","floor":11},{"not_picked":["Leap","Scrape"],"picked":"Undo","floor":13},{"not_picked":["Hologram","Steam Power"],"picked":"Conserve Battery","floor":14}],"player_experience":817769,"relics_obtained":[{"floor":8,"key":"Odd Mushroom"},{"floor":9,"key":"Letter Opener"},{"floor":11,"key":"Dead Branch"},{"floor":14,"key":"Shuriken"}],"event_choices":[{"damage_healed":0,"gold_gain":0,"player_choice":"Grow","damage_taken":0,"max_hp_gain":0,"max_hp_loss":0,"event_name":"Living Wall","floor":4,"gold_loss":0,"cards_upgraded":["Ball Lightning"]},{"damage_healed":0,"gold_gain":0,"player_choice":"Fought Mushrooms","damage_taken":0,"max_hp_gain":0,"max_hp_loss":0,"event_name":"Mushrooms","floor":8,"gold_loss":0}],"is_beta":false,"boss_relics":[],"items_purged_floors":[],"is_endless":false,"potions_floor_spawned":[1,10,14],"killed_by":"Hexaghost","ascension_level":20}}