{"host":"l8n56n8abrvcftzc","time":1611134373,"event":{"mods":["Aspiration","BaseMod","Better Note","Better Third Choice","Colored Map","DeckTracker","Googly Eyes","Highlight Path","Hubris","Minty Spire (QoL Compilation)","Permanent Neow","Relic Stats","Replay The Spire","StSLib","SuperFastMode","Uncapped"],"gold_per_floor":[118,128,128,128,148,173,98,112,135,151,162,162,197,197,197,294,294,308,308,308,318,336,336,362,362,362,377,377,377,317,333,363,380,380,480,480,492,392,392,411,424,451,451,476,556,556,566,566,566,566,566,566,566,566,56,81,81],"floor_reached":58,"language":"ENG","playtime":7408,"items_purged":["Strike_R","Defend_R"],"score":1242,"play_id":"0883fbcb-d894-42fd-83c5-f0c45fca12ff","local_time":"20210120011933","is_ascension_mode":false,"campfire_choices":[{"data":"Whirlwind","floor":12.0,"key":"SMITH"},{"data":"Demon Form","floor":23.0,"key":"SMITH"},{"data":"True Grit","floor":29.0,"key":"SMITH"},{"data":"Limit Break","floor":34.0,"key":"SMITH"},{"data":"Limit Break","floor":43.0,"key":"SMITH"},{"floor":46.0,"key":"RECALL"},{"data":"Seeing Red","floor":48.0,"key":"SMITH"},{"data":"Flame Barrier","floor":51.0,"key":"SMITH"},{"data":"hubris:StunningStrike","floor":54.0,"key":"SMITH"}],"circlet_count":0,"master_deck":["Strike_R+1","Strike_R+1","Defend_R","Bash+1","Twin Strike","True Grit+1","Whirlwind+1","Warcry","Shrug It Off","Demon Form+1","Havoc+1","Seeing Red+1","Flame Barrier+1","ReplayTheSpireMod:Strike From Hell+1","Limit Break+1","Feel No Pain","Pot Of Greed","Pot Of Greed","Warcry","hubris:StunningStrike+1","Feed","Battle Trance+1","Headbutt","Limit Break+1","Flex+1","Pot Of Greed","Heavy Blade+1","Bloodletting+1"],"relics":["Burning Blood","ReplayTheSpireMod:TigerMarble","Strawberry","Iron Hammer","hubris:ScarierMask","hubris:FunFungus","hubris:IronBody","Grinning Jar","SlaversCollar","hubris:Towel","hubris:MedicalManual","Lantern","hubris:Icosahedron","hubris:MysteriousPyramids","Replay:Bottled Steam","Toy Ornithopter"],"acts_visited":["Exordium","TheCity","TheBeyond","TheEnding"],"potions_floor_usage":[57],"damage_taken":[{"damage":1.0,"enemies":"Cultist","floor":1.0,"turns":3.0},{"damage":1.0,"enemies":"2 Louse","floor":2.0,"turns":3.0},{"damage":5.0,"enemies":"Small Slimes","floor":5.0,"turns":4.0},{"damage":29.0,"enemies":"Gremlin Nob","floor":6.0,"turns":5.0},{"damage":7.0,"enemies":"Exordium Thugs","floor":8.0,"turns":4.0},{"damage":0.0,"enemies":"2 Fungi Beasts","floor":10.0,"turns":1.0},{"damage":7.0,"enemies":"3 Louse","floor":11.0,"turns":2.0},{"damage":26.0,"enemies":"Lagavulin","floor":13.0,"turns":5.0},{"damage":1.0,"enemies":"Slime Boss","floor":16.0,"turns":6.0},{"damage":2.0,"enemies":"2 Thieves","floor":18.0,"turns":4.0},{"damage":29.0,"enemies":"Chosen","floor":21.0,"turns":7.0},{"damage":2.0,"enemies":"Centurion and Healer","floor":22.0,"turns":5.0},{"damage":12.0,"enemies":"Replay:Snechameleon","floor":24.0,"turns":5.0},{"damage":10.0,"enemies":"Cultist and Chosen","floor":27.0,"turns":4.0},{"damage":12.0,"enemies":"Snake Plant","floor":31.0,"turns":4.0},{"damage":21.0,"enemies":"Gremlin Leader","floor":32.0,"turns":8.0},{"damage":5.0,"enemies":"Chosen and Byrds","floor":33.0,"turns":6.0},{"damage":113.0,"enemies":"Automaton","floor":35.0,"turns":45.0},{"damage":17.0,"enemies":"3 Shapes","floor":37.0,"turns":10.0},{"damage":19.0,"enemies":"3 Darklings","floor":40.0,"turns":8.0},{"damage":0.0,"enemies":"Transient","floor":41.0,"turns":5.0},{"damage":27.0,"enemies":"Reptomancer","floor":42.0,"turns":5.0},{"damage":43.0,"enemies":"Nemesis","floor":44.0,"turns":28.0},{"damage":14.0,"enemies":"Maw","floor":47.0,"turns":12.0},{"damage":29.0,"enemies":"Time Eater","floor":52.0,"turns":9.0},{"damage":9,"enemies":"Shield and Spear","floor":56,"turns":12},{"damage":100,"enemies":"The Heart","floor":57,"turns":9}],"seed_played":"-881673259730417957","potions_obtained":[{"floor":1.0,"key":"Strength Potion"},{"floor":5.0,"key":"PowerPotion"},{"floor":10.0,"key":"Flashbang"},{"floor":13.0,"key":"ElixirPotion"},{"floor":16.0,"key":"SkillPotion"},{"floor":22.0,"key":"LiquidMemories"},{"floor":31.0,"key":"Dexterity Potion"},{"floor":35.0,"key":"SpeedPotion"}],"is_trial":false,"path_per_floor":["M","M","?","?","M","E","$","M","T","M","M","R","E","?","R_BF","B",null,"M","?","?","M","M","R","E","PTL","PTL","M","T","R","?","M","E","M","R","B",null,"M","$","?","M","M","E","R","E","T","R","M","R","?","?","R","B",null,"R","$","E","B",null],"character_chosen":"IRONCLAD","items_purchased":["hubris:MysteriousPyramids","Replay:Bottled Steam"],"campfire_rested":0,"item_purchase_floors":[55,55],"current_hp_per_floor":[80,80,64,64,65,42,42,41,48,54,53,53,33,33,33,38,87,87,87,87,64,68,68,62,62,62,62,62,62,62,56,42,45,45,7,87,89,89,89,78,84,64,64,94,94,94,98,98,98,98,98,83,98,98,98,98,23],"gold":81,"neow_bonus":"UPGRADE_CARD","is_daily":false,"chose_seed":false,"campfire_upgraded":8,"win_rate":0.0,"timestamp":1611134373,"path_taken":["M","M","?","?","M","E","$","M","T","M","M","R","E","?","R_BF","BOSS","M","?","?","?","M","R","E","PTL","PTL","?","T","R","?","?","E","M","R","BOSS","M","$","?","M","M","E","R","E","T","R","M","R","?","?","R","BOSS","R","$","E","BOSS"],"items_purchased_type":["Relic","Relic"],"build_version":"2020-12-22","purchased_purges":2,"victory":true,"max_hp_per_floor":[80,80,80,80,80,80,80,80,87,87,87,87,87,87,87,87,87,87,87,87,87,87,87,87,87,87,87,87,87,87,87,87,87,87,87,87,91,91,91,91,91,91,91,94,94,94,98,98,98,98,98,98,98,98,98,98,98],"relic_stats":{"counters":[27,219],"obtain_stats":[{"Lantern":44,"hubris:MedicalManual":42,"hubris:Towel":39,"hubris:MysteriousPyramids":55,"Burning Blood":0,"SlaversCollar":36,"hubris:Icosahedron":49,"Strawberry":9,"hubris:ScarierMask":17,"Iron Hammer":13,"hubris:FunFungus":24,"hubris:IronBody":28,"ReplayTheSpireMod:TigerMarble":6,"Grinning Jar":32,"Toy Ornithopter":56,"Replay:Bottled Steam":55},{"Lantern":23,"hubris:MedicalManual":22,"hubris:Towel":19,"hubris:MysteriousPyramids":25,"Burning Blood":0,"SlaversCollar":18,"hubris:Icosahedron":24,"Strawberry":5,"hubris:ScarierMask":9,"Iron Hammer":8,"hubris:FunFungus":13,"hubris:IronBody":14,"ReplayTheSpireMod:TigerMarble":4,"Grinning Jar":16,"Toy Ornithopter":26,"Replay:Bottled Steam":25},{"Lantern":177,"hubris:MedicalManual":149,"hubris:Towel":131,"hubris:MysteriousPyramids":198,"Burning Blood":0,"SlaversCollar":121,"hubris:Icosahedron":189,"Strawberry":19,"hubris:ScarierMask":33,"Iron Hammer":27,"hubris:FunFungus":54,"hubris:IronBody":58,"ReplayTheSpireMod:TigerMarble":15,"Grinning Jar":70,"Toy Ornithopter":210,"Replay:Bottled Steam":198}],"Burning Blood":136,"Toy Ornithopter":0},"card_choices":[{"not_picked":["Defy Death","Perfected Strike"],"picked":"Twin Strike","floor":1.0},{"not_picked":["Perfected Strike","Rampage"],"picked":"True Grit","floor":2.0},{"not_picked":["Searing Blow","Headbutt","Abandon"],"picked":"SKIP","floor":5.0},{"not_picked":["Anger","Rampage","Thunderclap"],"picked":"SKIP","floor":6.0},{"not_picked":["Anger","Defy Death"],"picked":"Warcry","floor":8.0},{"not_picked":["Body Slam","Impervious","Flex"],"picked":"SKIP","floor":10.0},{"not_picked":["Warcry","Iron Wave","Anger"],"picked":"SKIP","floor":11.0},{"not_picked":["ReplayTheSpireMod:Corrosion Curse","Fire Breathing","Hemokinesis"],"picked":"SKIP","floor":13.0},{"not_picked":["Replay:Many Hands","Offering"],"picked":"Demon Form","floor":16.0},{"not_picked":["Replay:Undeath\u0027s Touch","Infernal Blade"],"picked":"Havoc+1","floor":18.0},{"not_picked":["Iron Wave+1","Rage"],"picked":"Flame Barrier","floor":21.0},{"not_picked":["Run Through","Berserk","Sword Boomerang"],"picked":"SKIP","floor":22.0},{"not_picked":["Feel No Pain","Uppercut"],"picked":"ReplayTheSpireMod:Strike From Hell+1","floor":24.0},{"not_picked":["hubris:ReadiedAction+1","Perfected Strike","Power Through"],"picked":"SKIP","floor":27.0},{"not_picked":["Clash","Armaments","Twin Strike"],"picked":"SKIP","floor":31.0},{"not_picked":["Sentinel","Shrug It Off"],"picked":"Warcry","floor":32.0},{"not_picked":["Feel No Pain","Dropkick+1"],"picked":"hubris:StunningStrike","floor":33.0},{"not_picked":["Corruption","Immolate"],"picked":"Feed","floor":35.0},{"not_picked":["Cleave","Anger+1","Run Through+1"],"picked":"SKIP","floor":37.0},{"not_picked":["True Grit","Havoc+1"],"picked":"Battle Trance+1","floor":40.0},{"not_picked":["Anger+1","Combust"],"picked":"Headbutt","floor":41.0},{"not_picked":["Clash","Dropkick"],"picked":"Limit Break","floor":42.0},{"not_picked":["Sword Boomerang","True Grit+1"],"picked":"Flex+1","floor":44.0},{"not_picked":["Havoc","Wild Strike+1"],"picked":"Heavy Blade+1","floor":47.0},{"not_picked":["ReplayTheSpireMod:Strike From Hell","Infernal Blade+1"],"picked":"Bloodletting+1","floor":56}],"player_experience":756722,"relics_obtained":[{"floor":6.0,"key":"ReplayTheSpireMod:TigerMarble"},{"floor":9.0,"key":"Strawberry"},{"floor":13.0,"key":"Iron Hammer"},{"floor":24.0,"key":"hubris:FunFungus"},{"floor":28.0,"key":"hubris:IronBody"},{"floor":32.0,"key":"Grinning Jar"},{"floor":42.0,"key":"hubris:MedicalManual"},{"floor":44.0,"key":"Lantern"},{"floor":56,"key":"Toy Ornithopter"}],"event_choices":[{"damage_healed":80.0,"max_hp_gain":0.0,"max_hp_loss":80.0,"gold_gain":0.0,"event_name":"betterThird:BetterShining","player_choice":"Upgrade","floor":3.0,"gold_loss":0.0,"damage_taken":16.0,"cards_upgraded":["Strike_R","Strike_R"]},{"damage_healed":0.0,"max_hp_gain":0.0,"max_hp_loss":0.0,"gold_gain":0.0,"event_name":"The Woman in Blue","player_choice":"Bought 0 Potions","floor":14.0,"gold_loss":0.0,"damage_taken":0.0},{"cards_removed":["Defend_R"],"damage_healed":0.0,"max_hp_gain":0.0,"max_hp_loss":0.0,"gold_gain":0.0,"event_name":"betterNote:BetterNote","player_choice":"Give","floor":19.0,"gold_loss":0.0,"damage_taken":0.0,"cards_obtained":["Defend_B"]},{"damage_healed":0.0,"max_hp_gain":0.0,"max_hp_loss":0.0,"gold_gain":0.0,"cards_transformed":["Defend_R"],"event_name":"Transmorgrifier","player_choice":"Transformed","floor":20.0,"gold_loss":0.0,"damage_taken":0.0,"cards_obtained":["Seeing Red"]},{"damage_healed":0.0,"max_hp_gain":0.0,"max_hp_loss":0.0,"gold_gain":0.0,"cards_transformed":["Strike_R","Defend_R"],"event_name":"Designer","player_choice":"Transformed Cards","floor":30.0,"gold_loss":60.0,"damage_taken":0.0,"cards_obtained":["Limit Break","Feel No Pain"]}],"is_beta":false,"boss_relics":[{"not_picked":["Replay:Wanted Poster","hubris:BlackHole"],"picked":"hubris:ScarierMask"},{"not_picked":["hubris:VirtuousBlindfold","SacredBark"],"picked":"SlaversCollar"}],"items_purged_floors":[7,38],"is_endless":false,"potions_floor_spawned":[1,5,10,13,16,21,22,31,35,41,44,47],"ascension_level":0}}