{"host":"rzpi613efy9j52u4","time":1611116732,"event":{"mods":["Aspiration","BaseMod","BetterRewards","Colored Powertips","Downfall","Googly Eyes","Hubris","Minty Spire (QoL Compilation)","Rare Cards Sparkle","Shop Mod","StSLib","The Disciple","The Hierophant","The Poker Player","The Runesmith"],"gold_per_floor":[116,291,303,403,31,31,56,356,408,419,438,438,450,469,469,569,569,588,600,600,613,613,613,613,613,636,636,654,32,74,90,90,189,189,201,201,211,224,224,324,324,28,28,28,39,39,39,39,39,39,39],"floor_reached":50,"language":"ENG","playtime":3736,"items_purged":["Pain","Pain","Writhe"],"score":630,"play_id":"ffdc4138-c560-4f4e-988a-92e32a4c1270","local_time":"20210119232532","is_ascension_mode":false,"campfire_choices":[{"data":"Echoward","floor":6,"key":"SMITH"},{"floor":15,"key":"REST"},{"floor":23,"key":"REST"},{"floor":25,"key":"REST"},{"data":"Rallentando","floor":32,"key":"SMITH"},{"data":"LockedWhetstone","floor":41,"key":"SMITH"},{"data":"LockedAstrolabe","floor":47,"key":"SMITH"},{"data":"Allegretto","floor":49,"key":"SMITH"}],"circlet_count":0,"master_deck":["Allegretto+1","Accelerando","Allegro+1","Strike_Br","Strike_Br","Strike_Br","Strike_Br","Defend_Br","Defend_Br","Defend_Br","Defend_Br","SecondHand","PatternShift","Echoward+1","Slimebound:SplitMire","Doubt","WatchCommand","downfall:Aged","Writhe","LockedFlame","Decay","Goo","LockedWhetstone+1","ShortSighted","LockedMedicine","Rallentando+1","LockedOrichalcum","Slimebound:PrepareCrush","LockedAstrolabe+1","LockedScales+1","BlueShift+1","WakeUpCall","ReapSow","LockedScales","BeatsPerMinute","LockedBlood","LockedBlood","LockedLightning","LockedMercury+1","LockedScales+1","Engulf+1","WindUp","Slimebound:GoopTackle"],"relics":["Chronometer","hubris:GlazedTorus","hubris:DisguiseKit","aspiration:FrozenJewel","hubris:ToyBattleship","downfall:ShatteredFragment","Darkstone Periapt","Blood Vial","hubris:HerbalPaste","Boot","Old Coin","BlueBox","hubris:BlackHole","Strawberry","Bag of Marbles","hubris:Icosahedron","Lantern","Bottled Lightning","hubris:SphereOfDissonance","bronze:MakeshiftBattery","Happy Flower","Pantograph"],"acts_visited":["Exordium","TheCity","TheBeyond"],"potions_floor_usage":[16,16,24,24,30,33,50],"damage_taken":[{"damage":0,"enemies":"Cultist","floor":1,"turns":4},{"damage":0,"enemies":"2 Louse","floor":3,"turns":2},{"damage":39,"enemies":"3 Sentries","floor":7,"turns":9},{"damage":5,"enemies":"Jaw Worm","floor":10,"turns":4},{"damage":10,"enemies":"Blue Slaver","floor":11,"turns":3},{"damage":37,"enemies":"Large Slime","floor":13,"turns":9},{"damage":8,"enemies":"Exordium Wildlife","floor":14,"turns":4},{"damage":59,"enemies":"Slime Boss","floor":16,"turns":7},{"damage":50,"enemies":"3 Byrds","floor":18,"turns":7},{"damage":13,"enemies":"Shell Parasite","floor":19,"turns":6},{"damage":18,"enemies":"3 Cultists","floor":21,"turns":5},{"damage":78,"enemies":"Gremlin Leader","floor":24,"turns":4},{"damage":5,"enemies":"Centurion and Healer","floor":28,"turns":5},{"damage":33,"enemies":"Slavers","floor":30,"turns":6},{"damage":0,"enemies":"Snecko","floor":31,"turns":2},{"damage":43,"enemies":"hubris:MusketHawk","floor":33,"turns":7},{"damage":20,"enemies":"3 Shapes","floor":35,"turns":3},{"damage":10,"enemies":"Orb Walker","floor":37,"turns":2},{"damage":25,"enemies":"Sphere and 2 Shapes","floor":38,"turns":5},{"damage":16,"enemies":"Writhing Mass","floor":45,"turns":3},{"damage":132,"enemies":"Time Eater","floor":50,"turns":8}],"seed_played":"-8057709463802070466","potions_obtained":[{"floor":7,"key":"bronze:BurnAndBuffPotion"},{"floor":10,"key":"SmokeBomb"},{"floor":14,"key":"Ancient Potion"},{"floor":16,"key":"SpeedPotion"},{"floor":21,"key":"Strength Potion"},{"floor":28,"key":"HastePotion"},{"floor":31,"key":"HastePotion"},{"floor":45,"key":"SpeedPotion"}],"is_trial":false,"path_per_floor":["M","?","M","?","$","R","E","?","T","M","M","?","M","M","R","B",null,"M","M","?","M","?","R","E","R","T","?","M","$","E","M","R","B",null,"M","?","M","M","?","?","R","$","T","$","M","$","R","?","R","B"],"character_chosen":"CHRONO_CLASS","items_purchased":["aspiration:FrozenJewel","hubris:ToyBattleship","Blood Vial","hubris:HerbalPaste","Lantern","Bottled Lightning","LockedScales","BeatsPerMinute","Happy Flower","WindUp"],"campfire_rested":3,"item_purchase_floors":[0,0,5,5,29,29,29,29,42,42],"current_hp_per_floor":[34,34,34,75,75,75,44,50,50,59,56,49,26,26,59,14,112,71,72,79,75,50,87,23,60,60,60,81,81,65,70,70,53,124,109,109,110,109,109,109,109,109,109,109,106,106,106,106,106,0,0],"gold":39,"neow_bonus":"","is_daily":false,"chose_seed":false,"campfire_upgraded":5,"win_rate":0.0,"timestamp":1611116732,"path_taken":["M","?","M","?","?","R","E","?","T","M","M","?","M","?","R","BOSS","M","M","?","?","?","R","E","R","T","?","M","$","E","M","R","BOSS","M","?","?","?","?","?","R","$","T","$","?","$","R","?","R","BOSS"],"items_purchased_type":["Relic","Relic","Relic","Relic","Relic","Relic","Card","Card","Relic","Card"],"build_version":"2020-12-13","purchased_purges":3,"victory":false,"max_hp_per_floor":[65,65,65,106,106,106,106,112,112,112,112,112,112,112,112,112,112,112,112,119,119,124,124,124,124,124,124,124,124,124,124,124,124,124,124,124,124,124,124,124,124,124,124,124,124,124,124,118,118,118,118],"card_choices":[{"not_picked":["LockedWhetstone","Echoward","Keepsakes"],"picked":"Slimebound:SplitMire","floor":1},{"not_picked":["Recurrance","ShortSighted","Slimebound:RainOfGoop"],"picked":"WatchCommand","floor":3},{"not_picked":["LockedBell","Echoward","Slimebound:SamplingLick"],"picked":"Goo","floor":7},{"not_picked":["Stagnate","WindUp","Slimebound:GoopSpray"],"picked":"LockedMedicine","floor":10},{"not_picked":["LockedAnchor","Facsimile","Slimebound:FinishingTackle"],"picked":"Tempo","floor":11},{"not_picked":["Tempo","Parity","Slimebound:MegaLick"],"picked":"LockedOrichalcum","floor":13},{"not_picked":["LockedScales","LockedPlans","Backlash"],"picked":"Slimebound:PrepareCrush","floor":14},{"not_picked":["LockedFlame","OracleForm","Slimebound:MinionMaster"],"picked":"LockedAstrolabe","floor":16},{"not_picked":["LockedAnchor","Accruing","Slimebound:ServeAndProtect"],"picked":"LockedScales+1","floor":18},{"not_picked":["Tempo","VestedLegacy+1","Slimebound:ServeAndProtect"],"picked":"BlueShift+1","floor":19},{"not_picked":["Tempo","Parity","Slimebound:SamplingLick"],"picked":"WakeUpCall","floor":21},{"not_picked":["PrimeTime","ResonantCall+1","Slimebound:SplitBruiser"],"picked":"ReapSow","floor":28},{"not_picked":["LockedBell","LockedAnchor","Slimebound:TongueLash"],"picked":"LockedBlood","floor":30},{"not_picked":["VestedLegacy","HandsUpB","Slimebound:Grow"],"picked":"LockedBlood","floor":31},{"not_picked":["Flay","Fragmentalize","Slimebound:SlimeSlap"],"picked":"LockedLightning","floor":33},{"not_picked":["WatchCommand","AlternateTimeline","Slimebound:ComboTackle"],"picked":"LockedMercury+1","floor":35},{"not_picked":["HandsUpC","WakeUpCall","Slimebound:BestDefense"],"picked":"LockedScales+1","floor":37},{"not_picked":["ExoVibe+1","Facsimile","Slimebound:GoopTackle"],"picked":"Engulf+1","floor":38},{"not_picked":["AlternateTimeline+1","WatchCommand","Tempo"],"picked":"Slimebound:GoopTackle","floor":45}],"player_experience":37853,"relics_obtained":[{"floor":7,"key":"Boot"},{"floor":9,"key":"BlueBox"},{"floor":26,"key":"Bag of Marbles"},{"floor":30,"key":"hubris:SphereOfDissonance"},{"floor":43,"key":"Pantograph"}],"event_choices":[{"damage_healed":0,"gold_gain":175,"player_choice":"AGREE","damage_taken":0,"max_hp_gain":0,"max_hp_loss":0,"event_name":"Liars Game","floor":2,"gold_loss":0,"cards_obtained":["Doubt"]},{"damage_healed":0,"gold_gain":0,"player_choice":"Box","damage_taken":0,"relics_obtained":["Old Coin"],"max_hp_gain":0,"max_hp_loss":0,"event_name":"Big Fish","floor":8,"gold_loss":0,"cards_obtained":["Regret"]},{"cards_removed":["Regret"],"damage_healed":0,"gold_gain":0,"player_choice":"Card Removal","damage_taken":7,"max_hp_gain":0,"max_hp_loss":0,"event_name":"Golden Wing","floor":12,"gold_loss":0},{"damage_healed":0,"gold_gain":0,"player_choice":"Gave Potion","damage_taken":0,"relics_obtained":["Strawberry"],"max_hp_gain":0,"max_hp_loss":0,"event_name":"WeMeetAgain","floor":20,"gold_loss":0},{"damage_healed":0,"gold_gain":0,"player_choice":"Shed Blood","damage_taken":30,"max_hp_gain":5,"max_hp_loss":0,"event_name":"Forgotten Altar","floor":22,"gold_loss":0},{"damage_healed":0,"gold_gain":0,"player_choice":"Ignored","damage_taken":0,"max_hp_gain":0,"max_hp_loss":0,"event_name":"NoteForYourself","floor":36,"gold_loss":0},{"damage_healed":0,"gold_gain":100,"player_choice":"Pray","damage_taken":0,"max_hp_gain":0,"max_hp_loss":0,"event_name":"Golden Shrine","floor":40,"gold_loss":0},{"damage_healed":0,"gold_gain":0,"player_choice":"Max HP","damage_taken":0,"max_hp_gain":0,"max_hp_loss":6,"event_name":"Winding Halls","floor":48,"gold_loss":0}],"is_beta":false,"boss_relics":[{"not_picked":["Black Star","Astrolabe"],"picked":"hubris:BlackHole"},{"not_picked":["SlaversCollar","Fusion Hammer"],"picked":"bronze:MakeshiftBattery"}],"items_purged_floors":[5,29,42],"is_endless":false,"potions_floor_spawned":[7,10,14,16,21,28,31,45],"killed_by":"Time Eater","ascension_level":0}}