{"host":"qekv59dthhdg54sz","time":1611120496,"event":{"mods":["AchievementEnabler","BaseMod","Colored Map","DeckTracker","KOR Keyword Fix","Minty Spire (QoL Compilation)","Rare Cards Sparkle","StSLib","SuperFastMode"],"gold_per_floor":[115,130,55,55,105,105,118,118,118,118,132,166,193,209,209,282,282,292,205,225,236,236,236,236,236],"floor_reached":24,"language":"KOR","playtime":467,"items_purged":["Normality"],"score":392,"play_id":"01fe8388-45e5-4b01-b0c3-d571c16711a3","local_time":"20210120142816","is_ascension_mode":true,"campfire_choices":[{"data":"Eruption","floor":6.0,"key":"SMITH"},{"data":"Meditate","floor":8.0,"key":"SMITH"},{"data":"Evaluate","floor":10.0,"key":"SMITH"},{"data":"Vengeance","floor":15.0,"key":"SMITH"},{"floor":23.0,"key":"REST"}],"circlet_count":0,"master_deck":["AscendersBane","Strike_P","Strike_P","Strike_P","Defend_P","Defend_P","Defend_P","Eruption+1","Vigilance","Evaluate+1","Meditate+1","Vengeance+1","Ragnarok","Wallop","MentalFortress","Swivel"],"relics":["PureWater","Du-Vu Doll","Sundial","Akabeko","Odd Mushroom","Empty Cage"],"acts_visited":["Exordium","TheCity"],"potions_floor_usage":[],"damage_taken":[{"damage":8.0,"enemies":"Jaw Worm","floor":1.0,"turns":4.0},{"damage":0.0,"enemies":"Cultist","floor":2.0,"turns":3.0},{"damage":1.0,"enemies":"2 Louse","floor":7.0,"turns":4.0},{"damage":3.0,"enemies":"2 Fungi Beasts","floor":11.0,"turns":4.0},{"damage":17.0,"enemies":"Lagavulin","floor":12.0,"turns":6.0},{"damage":2.0,"enemies":"The Mushroom Lair","floor":13.0,"turns":2.0},{"damage":0.0,"enemies":"Blue Slaver","floor":14.0,"turns":1.0},{"damage":10.0,"enemies":"The Guardian","floor":16.0,"turns":9.0},{"damage":10.0,"enemies":"Shell Parasite","floor":18.0,"turns":3.0},{"damage":0.0,"enemies":"Chosen","floor":20.0,"turns":2.0},{"damage":19.0,"enemies":"Snake Plant","floor":21.0,"turns":3.0},{"damage":43,"enemies":"Book of Stabbing","floor":24,"turns":5}],"seed_played":"-4260003707697584119","potions_obtained":[{"floor":1.0,"key":"PowerPotion"},{"floor":7.0,"key":"Energy Potion"},{"floor":16.0,"key":"StancePotion"}],"is_trial":false,"path_per_floor":["M","M","$","?","?","R","M","R","T","R","M","E","?","M","R","B",null,"M","$","M","M","?","R","E"],"character_chosen":"WATCHER","items_purchased":["MentalFortress"],"campfire_rested":1,"item_purchase_floors":[19],"current_hp_per_floor":[53,53,53,53,53,53,52,52,52,52,49,32,30,30,30,20,56,46,46,46,27,27,47,4,4],"gold":236,"neow_bonus":"ONE_RARE_RELIC","is_daily":false,"chose_seed":false,"campfire_upgraded":4,"win_rate":0.0,"timestamp":1611120496,"path_taken":["M","M","$","?","?","R","?","R","T","R","?","E","?","M","R","BOSS","M","$","M","M","?","R","E"],"items_purchased_type":["Card"],"build_version":"2020-12-22","purchased_purges":1,"victory":false,"max_hp_per_floor":[68,68,68,68,68,68,68,68,68,68,68,68,68,68,68,68,68,68,68,68,68,68,68,68,68],"card_choices":[{"not_picked":["ThirdEye","EmptyBody"],"picked":"Evaluate","floor":1.0},{"not_picked":["Perseverance","FlurryOfBlows"],"picked":"Meditate","floor":2.0},{"not_picked":["Consecrate","Nirvana","EmptyBody"],"picked":"SKIP","floor":7.0},{"not_picked":["Prostrate","PathToVictory"],"picked":"Vengeance","floor":11.0},{"not_picked":["ThirdEye","LikeWater"],"picked":"Ragnarok","floor":12.0},{"not_picked":["Halt","SashWhip"],"picked":"Wallop","floor":13.0},{"not_picked":["Study","BowlingBash","Perseverance"],"picked":"SKIP","floor":14.0},{"not_picked":["WindmillStrike","EmptyFist","ThirdEye"],"picked":"SKIP","floor":18.0},{"not_picked":["Vengeance","EmptyBody+1","BowlingBash"],"picked":"SKIP","floor":20.0},{"not_picked":["Indignation","Vengeance","CutThroughFate"],"picked":"SKIP","floor":21.0}],"player_experience":785050,"relics_obtained":[{"floor":9.0,"key":"Sundial"},{"floor":12.0,"key":"Akabeko"},{"floor":13.0,"key":"Odd Mushroom"}],"event_choices":[{"damage_healed":0.0,"max_hp_gain":0.0,"max_hp_loss":0.0,"gold_gain":0.0,"event_name":"Liars Game","player_choice":"Ignored","floor":4.0,"gold_loss":0.0,"damage_taken":0.0},{"damage_healed":0.0,"max_hp_gain":0.0,"max_hp_loss":0.0,"gold_gain":50.0,"event_name":"Golden Shrine","player_choice":"Pray","floor":5.0,"gold_loss":0.0,"damage_taken":0.0},{"damage_healed":0.0,"max_hp_gain":0.0,"max_hp_loss":0.0,"gold_gain":0.0,"event_name":"Mushrooms","player_choice":"Fought Mushrooms","floor":13.0,"gold_loss":0.0,"damage_taken":0.0},{"damage_healed":0.0,"max_hp_gain":0.0,"max_hp_loss":0.0,"gold_gain":0.0,"event_name":"The Library","player_choice":"Read","floor":22.0,"gold_loss":0.0,"damage_taken":0.0,"cards_obtained":["Swivel"]}],"is_beta":false,"boss_relics":[{"not_picked":["Tiny House","Busted Crown"],"picked":"Empty Cage"}],"items_purged_floors":[3],"is_endless":false,"potions_floor_spawned":[1,7,12,16],"killed_by":"Book of Stabbing","ascension_level":20}}