{"host":"s41rn2jhghpwfrvz","time":1611120699,"event":{"mods":["BaseMod","Minty Spire (QoL Compilation)","Quick Restart","Relic Stats","SuperFastMode"],"gold_per_floor":[118,118,135,60,74,99,99,127,127,158,177,177,177,177],"floor_reached":13,"language":"ENG","playtime":196,"items_purged":["Strike_P"],"score":256,"play_id":"3e30150a-facd-4eeb-82fc-519b2e633b03","local_time":"20210120073139","is_ascension_mode":true,"campfire_choices":[{"data":"Wallop","floor":12,"key":"SMITH"}],"circlet_count":0,"master_deck":["AscendersBane","Strike_P","Strike_P","Strike_P","Defend_P","Defend_P","Defend_P","Defend_P","Eruption","Vigilance","Wallop+1","ReachHeaven","Indignation","InnerPeace"],"relics":["PureWater","NeowsBlessing","Eternal Feather","Mercury Hourglass","TeardropLocket","Gremlin Horn"],"acts_visited":["Exordium"],"potions_floor_usage":[8,11],"damage_taken":[{"damage":0,"enemies":"Small Slimes","floor":1,"turns":1},{"damage":0,"enemies":"Cultist","floor":3,"turns":1},{"damage":0,"enemies":"Jaw Worm","floor":5,"turns":1},{"damage":29,"enemies":"Gremlin Nob","floor":6,"turns":4},{"damage":7,"enemies":"Lagavulin","floor":8,"turns":5},{"damage":0,"enemies":"Gremlin Nob","floor":10,"turns":2},{"damage":0,"enemies":"Red Slaver","floor":11,"turns":3},{"damage":25,"enemies":"Lagavulin","floor":13,"turns":2}],"seed_played":"4418480442442690238","potions_obtained":[{"floor":3,"key":"BottledMiracle"},{"floor":6,"key":"StancePotion"},{"floor":11,"key":"LiquidBronze"}],"is_trial":false,"path_per_floor":["M","?","M","$","M","E","$","E","T","E","M","R","E"],"character_chosen":"WATCHER","items_purchased":[],"campfire_rested":0,"item_purchase_floors":[],"current_hp_per_floor":[61,51,51,51,51,22,22,15,15,15,15,21,0,0],"gold":177,"neow_bonus":"THREE_ENEMY_KILL","is_daily":false,"chose_seed":false,"campfire_upgraded":1,"win_rate":0.0,"timestamp":1611120699,"path_taken":["M","?","M","$","M","E","?","E","T","E","M","R","E"],"items_purchased_type":[],"build_version":"2020-12-22","purchased_purges":1,"victory":false,"max_hp_per_floor":[68,68,68,68,68,68,68,68,68,68,68,68,68,68],"relic_stats":{"Gremlin Horn":[0,0],"counters":[8,19],"Eternal Feather":6,"obtain_stats":[{"NeowsBlessing":0,"Gremlin Horn":10,"Eternal Feather":6,"TeardropLocket":9,"PureWater":0,"Mercury Hourglass":8},{"NeowsBlessing":0,"Gremlin Horn":6,"Eternal Feather":4,"TeardropLocket":5,"PureWater":0,"Mercury Hourglass":5},{"NeowsBlessing":0,"Gremlin Horn":14,"Eternal Feather":7,"TeardropLocket":12,"PureWater":0,"Mercury Hourglass":12}],"Mercury Hourglass":[18]},"card_choices":[{"not_picked":["CrushJoints","Halt"],"picked":"Wallop","floor":1},{"not_picked":["Crescendo","Vengeance"],"picked":"ReachHeaven","floor":3},{"not_picked":["FlyingSleeves","BowlingBash"],"picked":"Indignation","floor":5},{"not_picked":["BowlingBash","CrushJoints","WaveOfTheHand"],"picked":"SKIP","floor":6},{"not_picked":["Devotion","FlurryOfBlows"],"picked":"InnerPeace","floor":8},{"not_picked":["Prostrate","Vengeance","SashWhip"],"picked":"SKIP","floor":10},{"not_picked":["EmptyBody","Consecrate","Halt"],"picked":"SKIP","floor":11}],"player_experience":1812227,"relics_obtained":[{"floor":6,"key":"Eternal Feather"},{"floor":8,"key":"Mercury Hourglass"},{"floor":9,"key":"TeardropLocket"},{"floor":10,"key":"Gremlin Horn"}],"event_choices":[{"damage_healed":0,"gold_gain":0,"player_choice":"Damaged","damage_taken":10,"max_hp_gain":0,"max_hp_loss":0,"event_name":"Wheel of Change","floor":2,"gold_loss":0}],"is_beta":false,"boss_relics":[],"items_purged_floors":[4],"is_endless":false,"potions_floor_spawned":[3,6,11],"killed_by":"Lagavulin","ascension_level":20}}