{"host":"6a92uynocv4elkyp","time":1611163792,"event":{"mods":["AchievementEnabler","BaseMod","Infinite Spire","Minty Spire (QoL Compilation)","Quick Restart","Replay The Spire","StSLib"],"gold_per_floor":[99,99,174,324,369,447,447,447],"floor_reached":7,"language":"ENG","playtime":270,"items_purged":[],"score":94,"play_id":"888fa707-de6d-41bf-8d44-2a87645268e6","local_time":"20210120182952","daily_mods":["SealedDeck","Heirloom","Flight","DeadlyEvents","Elite Swarm","Midas"],"is_ascension_mode":true,"campfire_choices":[],"circlet_count":0,"master_deck":["AscendersBane","Cloak And Dagger","Outmaneuver","Underhanded Strike","Choke","Hidden Blade","Deadly Poison","Poisoned Stab","Infinite Blades+1","Flying Knee","Sucker Punch","Doubt","Hidden Blade"],"relics":["replay:Trail_Library","Ice Cream","Sizzling Blood","Ancient Tea Set"],"acts_visited":["Exordium"],"potions_floor_usage":[],"damage_taken":[{"damage":0,"enemies":"Cultist","floor":5,"turns":3},{"damage":33,"enemies":"Gremlin Nob","floor":6,"turns":4},{"damage":24,"enemies":"3 Sentries","floor":7,"turns":3}],"seed_played":"4212766250541472678","potions_obtained":[],"is_trial":true,"path_per_floor":["?","?","?","?","M","E","E"],"character_chosen":"THE_SILENT","items_purchased":[],"campfire_rested":0,"item_purchase_floors":[],"current_hp_per_floor":[63,63,52,52,56,27,3,3],"gold":447,"neow_bonus":"","is_daily":false,"chose_seed":false,"campfire_upgraded":0,"win_rate":0.0,"timestamp":1611163792,"path_taken":["?","?","?","?","?","E","?"],"items_purchased_type":[],"build_version":"2020-12-22","purchased_purges":0,"victory":false,"max_hp_per_floor":[70,70,70,70,70,70,70,70],"card_choices":[{"not_picked":["Eviscerate","Quick Slash"],"picked":"Hidden Blade","floor":5},{"not_picked":["Atom Bomb","Wraith Form v2","Burst"],"picked":"SKIP","floor":6}],"player_experience":126097,"relics_obtained":[{"floor":6,"key":"Ancient Tea Set"}],"event_choices":[{"damage_healed":0,"gold_gain":0,"player_choice":"Grow","damage_taken":0,"max_hp_gain":0,"max_hp_loss":0,"event_name":"Living Wall","floor":2,"gold_loss":0,"cards_upgraded":["Infinite Blades"]},{"damage_healed":0,"gold_gain":75,"player_choice":"Gather Gold","damage_taken":11,"max_hp_gain":0,"max_hp_loss":0,"event_name":"World of Goop","floor":3,"gold_loss":0},{"damage_healed":0,"gold_gain":150,"player_choice":"AGREE","damage_taken":0,"max_hp_gain":0,"max_hp_loss":0,"event_name":"Liars Game","floor":4,"gold_loss":0,"cards_obtained":["Doubt"]}],"is_beta":false,"boss_relics":[],"items_purged_floors":[],"is_endless":false,"potions_floor_spawned":[],"killed_by":"3 Sentries","ascension_level":20}}