{"host":"xuwi0g0wfi2leo50","time":1611120812,"event":{"mods":["A Magickal Journey","Aspiration","BaseMod","Colored Map","Colored Powertips","Custom Start","DeckTracker","Downfall","Energized Spire","GifTheSpireLib","Highlight Path","Hubris","Infinite Spire","Lobotomy","Marisa????????","Minty Spire (QoL Compilation)","Quick Restart","Random Character Button","StSLib","SuperFastMode","Synergy Search","Td1madao Mod","The Animator","The Cursed","The Jungle","The Runesmith","The Servant 0.9.4","vexMod"],"gold_per_floor":[0,11,161,177,352,379,405,426,436,436,446,60,70,29,43,148,148,148,160,170,183,183,203,255,294,325,337,337,337],"floor_reached":27,"language":"ENG","playtime":1244,"items_purged":["Doubt"],"score":237,"play_id":"5b9f99bb-50a5-41fe-9ef0-cf4b387e29b1","local_time":"20210119233332","is_ascension_mode":false,"campfire_choices":[{"data":"vexMod:StairwayStrike","floor":1,"key":"SMITH"},{"floor":10,"key":"REST"},{"data":"champ:StrikeOfGenius","floor":18,"key":"SMITH"}],"circlet_count":0,"master_deck":["champ:Strike","champ:Strike","champ:Strike","champ:Strike","champ:Defend","champ:Defend","champ:Defend","champ:Defend+1","champ:Execute","champ:Taunt+1","vexMod:StairwayStrike+1","champ:AdrenalArmor","downfall:Icky","champ:Devastate","champ:TornadoPunch","champ:StanceDance","champ:SwordThrow","champ:PreciseThrust","champ:Haymaker","champ:LastStand","champ:EnGarde","champ:ShieldSlam+1","champ:StrikeOfGenius+1"],"relics":["champ:ChampionCrown","hubris:Zylophone","Potion Belt","Odd Mushroom","vexMod:InvisibilityCloak","hubris:Backtick","hubris:64BitClover","MawBank","War Paint"],"acts_visited":["Exordium","TheCity"],"potions_floor_usage":[16,16,16,16,25],"damage_taken":[{"damage":26,"enemies":"Cultist","floor":2,"turns":5},{"damage":10,"enemies":"Small Slimes","floor":4,"turns":3},{"damage":71,"enemies":"Gremlin Nob","floor":6,"turns":6},{"damage":18,"enemies":"The Mushroom Lair","floor":8,"turns":4},{"damage":10,"enemies":"2 Louse","floor":9,"turns":3},{"damage":24,"enemies":"Blue Slaver","floor":11,"turns":3},{"damage":20,"enemies":"downfall:FleeingMerchant","floor":12,"turns":4},{"damage":24,"enemies":"Gremlin Gang","floor":13,"turns":3},{"damage":20,"enemies":"downfall:FleeingMerchant","floor":14,"turns":4},{"damage":21,"enemies":"Large Slime","floor":15,"turns":3},{"damage":16,"enemies":"IC_STATUS_ARCHETYPE","floor":16,"turns":6},{"damage":28,"enemies":"Chosen","floor":19,"turns":7},{"damage":0,"enemies":"Snecko","floor":20,"turns":2},{"damage":18,"enemies":"Snake Plant","floor":21,"turns":4},{"damage":34,"enemies":"Shelled Parasite and Fungi","floor":23,"turns":4},{"damage":21,"enemies":"Gremlin Leader","floor":25,"turns":4},{"damage":6,"enemies":"Centurion and Healer","floor":26,"turns":4},{"damage":27,"enemies":"3 Cultists","floor":27,"turns":4}],"seed_played":"9069578543975950117","potions_obtained":[{"floor":2,"key":"EssenceOfSteel"},{"floor":9,"key":"Weak Potion"},{"floor":13,"key":"AttackPotion"},{"floor":15,"key":"Dexterity Potion"},{"floor":20,"key":"BlessingOfTheForge"},{"floor":26,"key":"Dexterity Potion"}],"is_trial":false,"path_per_floor":["R","M","?","M","?","E","T","?","M","R","M","$","M","$","M","B",null,"R","M","M","M","?","M","T","E","M","M"],"character_chosen":"THE_CHAMP","items_purchased":["champ:PreciseThrust","vexMod:InvisibilityCloak","champ:EnGarde"],"campfire_rested":1,"item_purchase_floors":[12,12,14],"current_hp_per_floor":[90,84,84,84,84,43,43,25,25,52,38,38,34,29,23,17,90,90,72,72,64,64,40,40,19,13,0,0,0],"gold":337,"neow_bonus":"RANDOM_COLORLESS_2","is_daily":false,"chose_seed":false,"campfire_upgraded":2,"win_rate":0.0,"timestamp":1611120812,"path_taken":["R","M","?","M","?","E","T","?","M","R","M","$","?","$","M","BOSS","R","M","M","?","?","?","T","E","M","M"],"items_purchased_type":["Card","Relic","Card"],"build_version":"2020-12-22","purchased_purges":1,"victory":false,"max_hp_per_floor":[90,90,90,90,90,90,90,90,90,90,90,90,90,90,90,90,90,90,90,90,90,90,90,90,90,90,90,90,90],"card_choices":[{"not_picked":["Thinking Ahead","The Bomb"],"picked":"vexMod:StairwayStrike","floor":0},{"not_picked":["champ:StanceDance","champ:CrownThrow"],"picked":"champ:AdrenalArmor","floor":2},{"not_picked":["champ:ShieldWall","champ:GutPunch"],"picked":"champ:Devastate","floor":4},{"not_picked":["champ:Shatter","champ:UltimateStance"],"picked":"champ:TornadoPunch","floor":6},{"not_picked":["champ:ShieldSlam","champ:HeartStrike"],"picked":"champ:StanceDance","floor":9},{"not_picked":["champ:GutPunch","champ:EnGarde"],"picked":"champ:SwordThrow","floor":11},{"not_picked":["champ:BringItOn","champ:Lariat","champ:Circumvent"],"picked":"SKIP","floor":12},{"not_picked":["champ:SkillfulDodge","champ:EnGarde"],"picked":"champ:Haymaker","floor":13},{"not_picked":["champ:AdrenalArmor","champ:EnGarde"],"picked":"champ:LastStand","floor":14},{"not_picked":["champ:Haymaker","champ:BringItOn"],"picked":"champ:ShieldSlam","floor":15},{"not_picked":["champ:UltimateStance","champ:SteelEdge"],"picked":"champ:StrikeOfGenius","floor":16},{"not_picked":["champ:EndlessRage+1","champ:AdrenalArmor","champ:EnGarde"],"picked":"SKIP","floor":19},{"not_picked":["champ:Backstep","champ:Circumvent","champ:Haymaker+1"],"picked":"SKIP","floor":20},{"not_picked":["champ:FlashCut","champ:BringItOn","champ:Shatter"],"picked":"SKIP","floor":21},{"not_picked":["champ:Lariat","champ:GutPunch","champ:PreciseThrust"],"picked":"SKIP","floor":23},{"not_picked":["champ:BerserkersShout","champ:StanceDance","champ:HeartStrike"],"picked":"SKIP","floor":25},{"not_picked":["champ:FlashCut","champ:AdrenalArmor","champ:BringItOn+1"],"picked":"SKIP","floor":26}],"player_experience":959042,"relics_obtained":[{"floor":6,"key":"hubris:Zylophone"},{"floor":7,"key":"Potion Belt"},{"floor":8,"key":"Odd Mushroom"},{"floor":24,"key":"MawBank"},{"floor":25,"key":"War Paint"}],"event_choices":[{"damage_healed":0,"gold_gain":0,"player_choice":"Fought Mushrooms","damage_taken":0,"max_hp_gain":0,"max_hp_loss":0,"event_name":"Mushrooms","floor":8,"gold_loss":0},{"damage_healed":0,"gold_gain":0,"player_choice":"Forge","damage_taken":0,"max_hp_gain":0,"max_hp_loss":0,"event_name":"Accursed Blacksmith","floor":22,"gold_loss":0,"cards_upgraded":["champ:ShieldSlam"]}],"is_beta":false,"boss_relics":[{"not_picked":["hubris:BlackHole","energizedSpire:EnergizedDie"],"picked":"hubris:Backtick"}],"items_purged_floors":[12],"is_endless":false,"potions_floor_spawned":[2,9,13,15,20,26],"killed_by":"3 Cultists","ascension_level":0}}