{"host":"7wagoesq7cf4lu47","time":1611146264,"event":{"mods":["BaseMod","Minty Spire (QoL Compilation)","StSLib","The Bug Knight"],"gold_per_floor":[118,43,43,43,55,74,106,106,106,136,136,136,136,136,136,136,136],"floor_reached":16,"language":"ZHS","playtime":653,"items_purged":["HollowMod:NailStrikeStart"],"score":106,"play_id":"932ab27c-100f-4f6e-90bf-1a0e4496425c","local_time":"20210120203744","is_ascension_mode":false,"campfire_choices":[{"data":"HollowMod:MantisMark","floor":8.0,"key":"SMITH"},{"data":"HollowMod:GrimmsGift","floor":13,"key":"SMITH"},{"data":"HollowMod:CycloneSlash","floor":15,"key":"SMITH"}],"circlet_count":0,"master_deck":["HollowMod:NailStrikeStart","HollowMod:NailStrikeStart","HollowMod:QuickDashStart","HollowMod:QuickDashStart","HollowMod:QuickDashStart","HollowMod:FocusHealStart","HollowMod:PogoStrike","HollowMod:MantisMark+1","HollowMod:CycloneSlash+1","HollowMod:CornifersMapStart","HollowMod:GrimmsGift+1","HollowMod:MidwifesHunger"],"relics":["HollowMod:VesselMask","NeowsBlessing","White Beast Statue","Blood Vial","Anchor","Golden Idol"],"acts_visited":["Exordium"],"potions_floor_usage":[],"damage_taken":[{"damage":0.0,"enemies":"Small Slimes","floor":1.0,"turns":1.0},{"damage":0.0,"enemies":"Jaw Worm","floor":5.0,"turns":1.0},{"damage":0.0,"enemies":"Cultist","floor":6.0,"turns":1.0},{"damage":31.0,"enemies":"Lagavulin","floor":7.0,"turns":6.0},{"damage":25.0,"enemies":"3 Sentries","floor":10.0,"turns":5.0},{"damage":54,"enemies":"HollowMod:FalseKnight","floor":16,"turns":6}],"seed_played":"5281215001355600444","potions_obtained":[{"floor":1.0,"key":"Strength Potion"},{"floor":6.0,"key":"ColorlessPotion"},{"floor":10.0,"key":"LiquidMemories"}],"is_trial":false,"path_per_floor":["M","$","?","$","M","M","E","R","T","E","?","?","R","?","R","B"],"character_chosen":"THE_BUGKNIGHT","items_purchased":[],"campfire_rested":0,"item_purchase_floors":[],"current_hp_per_floor":[75,75,75,75,75,75,50,50,50,33,33,33,33,33,33,0,0],"gold":136,"neow_bonus":"THREE_ENEMY_KILL","is_daily":false,"chose_seed":false,"campfire_upgraded":3,"win_rate":0.0,"timestamp":1611146264,"path_taken":["M","$","?","$","M","M","E","R","T","E","?","?","R","?","R","BOSS"],"items_purchased_type":[],"build_version":"2020-12-22","purchased_purges":1,"victory":false,"max_hp_per_floor":[75,75,75,75,75,75,75,75,75,75,75,69,69,69,69,69,69],"card_choices":[{"not_picked":["HollowMod:SharpenedShadows","HollowMod:GoodIntentions"],"picked":"HollowMod:MantisMark","floor":1.0},{"not_picked":["HollowMod:HowlingWraiths","HollowMod:PureNailStrike","HollowMod:TaintedHusks"],"picked":"SKIP","floor":5.0},{"not_picked":["HollowMod:InfectedCysts","HollowMod:SharpenedNail"],"picked":"HollowMod:CycloneSlash","floor":6.0},{"not_picked":["HollowMod:WraithStrike","HollowMod:NewJinnsSoul"],"picked":"HollowMod:CornifersMapStart","floor":7.0},{"not_picked":["HollowMod:SoulStrike","HollowMod:ShadowDash"],"picked":"HollowMod:GrimmsGift","floor":10.0}],"player_experience":167096,"relics_obtained":[{"floor":7.0,"key":"White Beast Statue"},{"floor":9.0,"key":"Blood Vial"},{"floor":10.0,"key":"Anchor"}],"event_choices":[{"damage_healed":0,"gold_gain":0,"player_choice":"Ignored","damage_taken":0,"max_hp_gain":0,"max_hp_loss":0,"event_name":"Shining Light","floor":11,"gold_loss":0},{"damage_healed":0,"gold_gain":0,"player_choice":"Lose Max HP","damage_taken":0,"relics_obtained":["Golden Idol"],"max_hp_gain":0,"max_hp_loss":6,"event_name":"Golden Idol","floor":12,"gold_loss":0},{"damage_healed":0,"gold_gain":0,"cards_transformed":["HollowMod:QuickDashStart"],"player_choice":"Change","damage_taken":0,"max_hp_gain":0,"max_hp_loss":0,"event_name":"Living Wall","floor":14,"gold_loss":0,"cards_obtained":["HollowMod:MidwifesHunger"]}],"is_beta":false,"boss_relics":[],"items_purged_floors":[2],"is_endless":false,"potions_floor_spawned":[1,6,10],"killed_by":"HollowMod:FalseKnight","ascension_level":0}}