{"host":"04hh9gplt9wkfmr1","time":1611155536,"event":{"mods":["AchievementEnabler","BaseMod","Colored Map","KOR Keyword Fix","Minty Spire (QoL Compilation)","Rare Cards Sparkle","SuperFastMode"],"gold_per_floor":[16,33,33,50,62,95,112,112,112,112,112,112,112,144,144,144,144],"floor_reached":16,"language":"KOR","playtime":322,"items_purged":[],"score":138,"play_id":"af0b9ab2-c002-4195-aeb6-977a6b835fa5","local_time":"20210121001216","is_ascension_mode":true,"campfire_choices":[{"data":"Zap","floor":8.0,"key":"SMITH"},{"data":"Double Energy","floor":10.0,"key":"SMITH"},{"data":"Heatsinks","floor":15,"key":"SMITH"}],"circlet_count":0,"master_deck":["Strike_B","Strike_B","Strike_B","Strike_B","Defend_B","Defend_B","Defend_B","Defend_B","Zap+1","Dualcast+1","Chill","Double Energy+1","Force Field","Force Field","Cold Snap","Heatsinks+1"],"relics":["Cracked Core","Bird Faced Urn","WingedGreaves","Cables","Ancient Tea Set","Prayer Wheel"],"acts_visited":["Exordium"],"potions_floor_usage":[14,16],"damage_taken":[{"damage":0.0,"enemies":"Small Slimes","floor":1.0,"turns":2.0},{"damage":0.0,"enemies":"Jaw Worm","floor":2.0,"turns":3.0},{"damage":5.0,"enemies":"2 Louse","floor":4.0,"turns":2.0},{"damage":0.0,"enemies":"Large Slime","floor":5.0,"turns":6.0},{"damage":5.0,"enemies":"Lagavulin","floor":6.0,"turns":5.0},{"damage":6.0,"enemies":"2 Fungi Beasts","floor":7.0,"turns":4.0},{"damage":2,"enemies":"3 Sentries","floor":14,"turns":4},{"damage":58,"enemies":"Hexaghost","floor":16,"turns":10}],"seed_played":"-3885497234925541251","potions_obtained":[{"floor":4.0,"key":"EssenceOfDarkness"},{"floor":6.0,"key":"LiquidMemories"},{"floor":7.0,"key":"ColorlessPotion"}],"is_trial":false,"path_per_floor":["M","M","?","M","M","E","M","R","T","R","?","?","?","E","R","B"],"character_chosen":"DEFECT","items_purchased":[],"campfire_rested":0,"item_purchase_floors":[],"current_hp_per_floor":[75,75,75,70,70,65,59,59,59,59,64,57,57,55,55,0,0],"gold":144,"neow_bonus":"ONE_RARE_RELIC","is_daily":false,"chose_seed":false,"campfire_upgraded":3,"win_rate":0.0,"timestamp":1611155536,"path_taken":["M","M","?","M","M","E","M","R","T","R","?","?","?","E","R","BOSS"],"items_purchased_type":[],"build_version":"2020-12-22","purchased_purges":0,"victory":false,"max_hp_per_floor":[75,75,75,75,75,75,75,75,75,75,80,80,80,80,80,80,80],"card_choices":[{"not_picked":["Go for the Eyes","Redo"],"picked":"Chill","floor":1.0},{"not_picked":["Sweeping Beam","Loop"],"picked":"Double Energy","floor":2.0},{"not_picked":["Barrage","Rebound"],"picked":"Force Field","floor":4.0},{"not_picked":["Beam Cell","Steam","Redo"],"picked":"SKIP","floor":5.0},{"not_picked":["Sweeping Beam","Coolheaded"],"picked":"Force Field","floor":6.0},{"not_picked":["Tempest","Gash"],"picked":"Cold Snap","floor":7.0},{"not_picked":["Auto Shields","Double Energy"],"picked":"Heatsinks","floor":14}],"player_experience":61883,"relics_obtained":[{"floor":6.0,"key":"WingedGreaves"},{"floor":9.0,"key":"Cables"},{"floor":14,"key":"Prayer Wheel"}],"event_choices":[{"damage_healed":0.0,"max_hp_gain":0.0,"max_hp_loss":0.0,"gold_gain":0.0,"event_name":"Living Wall","player_choice":"Grow","floor":3.0,"gold_loss":0.0,"damage_taken":0.0,"cards_upgraded":["Dualcast"]},{"damage_healed":0.0,"max_hp_gain":5.0,"max_hp_loss":0.0,"gold_gain":0.0,"event_name":"Big Fish","player_choice":"Donut","floor":11.0,"gold_loss":0.0,"damage_taken":0.0},{"damage_healed":0.0,"max_hp_gain":0.0,"max_hp_loss":0.0,"gold_gain":0.0,"event_name":"Scrap Ooze","player_choice":"Success","floor":12.0,"gold_loss":0.0,"damage_taken":7.0,"relics_obtained":["Ancient Tea Set"]},{"damage_healed":0,"gold_gain":0,"player_choice":"Searched \u00270\u0027 times","damage_taken":0,"max_hp_gain":0,"max_hp_loss":0,"event_name":"Dead Adventurer","floor":13,"gold_loss":0}],"is_beta":false,"boss_relics":[],"items_purged_floors":[],"is_endless":false,"potions_floor_spawned":[4,6,7],"killed_by":"Hexaghost","ascension_level":5}}