{"host":"6749gst1gzuv21qf","time":1611119386,"event":{"mods":["BaseMod","Better Altar","Better Match","Better Note","Better Sensory Stone","Better Skull","Better Third Choice","BetterRewards","Colored Map","Colored Powertips","Downfall","Hermit","Highlight Path","Minty Spire (QoL Compilation)","Permanent Neow","Shop Mod","Spicy Shops","StSLib","The Cursed"],"gold_per_floor":[152,152,152,189,189,259,10,61,61,101,147,209,188,248,248,374,374,384,40,109,168,183,247,217,243,289,289,353,353,353,363,363,469,469,505,505,36,54,75,109,109,141,141,13,56,90,107,125,125,132,132,132,8,38,45],"floor_reached":56,"language":"ENG","playtime":7750,"items_purged":["hermit:Defend_Hermit","hermit:Defend_Hermit"],"score":1306,"play_id":"b479b497-86d4-4d89-9f02-50825598aa5c","local_time":"20210120000946","is_ascension_mode":false,"campfire_choices":[{"data":"Apotheosis","floor":15,"key":"SMITH"},{"floor":27,"key":"RECALL"},{"floor":32,"key":"REST"},{"floor":41,"key":"REST"},{"floor":49,"key":"REST"},{"floor":52,"key":"REST"}],"circlet_count":0,"master_deck":["hermit:Strike_Hermit","hermit:Strike_Hermit","hermit:Defend_Hermit","hermit:Defend_Hermit","hermit:Snapshot","hermit:Covet","hermit:ShadowCloak","HandOfGreed","hermit:Misfire+1","hermit:DeadMansHand","hermit:Dissolve","hermit:WideOpen","hermit:CalledShot","hermit:Scavenge","Apotheosis+1","hermit:FatalDesire","hermit:Headshot","hermit:Spite","hermit:Quickdraw","hermit:Ricochet","hermit:Brawl","hermit:Malice","hermit:GhostlyPresence","hermit:Determination","hermit:Dissolve","hermit:Combo+1","hermit:Virtue","hermit:PistolWhip+1","hermit:Enervate","hermit:Reprieve","hermit:BigShot+1","hermit:Deadeye","hermit:LoneWolf","hermit:Malice+1","Sadistic Nature+1","hermit:ShadowCloak+1","hermit:Manifest+1","hermit:ShadowCloak+1","hermit:FinalCanter","hermit:HeroicBravado","hermit:Virtue"],"relics":["hermit:Momento","MerchantsRug","Thread and Needle","Ginger","Dead Branch","betterThird:SlimedRelic","Black Star","PreservedInsect","Bronze Scales","Ice Cream","Sundial","Nunchaku","Fusion Hammer","Bird Faced Urn","HandDrill","Gambling Chip","Ancient Tea Set","Shuriken","Oddly Smooth Stone","Strawberry","Orichalcum"],"acts_visited":["Exordium","TheCity","TheBeyond","TheEnding"],"potions_floor_usage":[16,16,21,22,25,54,55,55],"damage_taken":[{"damage":1,"enemies":"Small Slimes","floor":1,"turns":4},{"damage":0,"enemies":"Cultist","floor":4,"turns":2},{"damage":22,"enemies":"3 Sentries","floor":6,"turns":19},{"damage":3,"enemies":"Jaw Worm","floor":8,"turns":3},{"damage":1,"enemies":"Lagavulin","floor":10,"turns":9},{"damage":1,"enemies":"Red Slaver","floor":11,"turns":6},{"damage":0,"enemies":"Large Slime","floor":12,"turns":8},{"damage":0,"enemies":"3 Louse","floor":14,"turns":5},{"damage":5,"enemies":"The Guardian","floor":16,"turns":13},{"damage":0,"enemies":"Shell Parasite","floor":18,"turns":5},{"damage":0,"enemies":"3 Byrds","floor":20,"turns":9},{"damage":24,"enemies":"3 Cultists","floor":21,"turns":9},{"damage":2,"enemies":"Chosen and Byrds","floor":22,"turns":10},{"damage":12,"enemies":"Slavers","floor":23,"turns":6},{"damage":16,"enemies":"Gremlin Leader","floor":25,"turns":8},{"damage":4,"enemies":"Book of Stabbing","floor":28,"turns":5},{"damage":17,"enemies":"Centurion and Healer","floor":31,"turns":5},{"damage":6,"enemies":"Collector","floor":33,"turns":11},{"damage":0,"enemies":"3 Shapes","floor":35,"turns":5},{"damage":10,"enemies":"3 Darklings","floor":38,"turns":8},{"damage":0,"enemies":"Transient","floor":39,"turns":5},{"damage":13,"enemies":"Nemesis","floor":40,"turns":7},{"damage":0,"enemies":"Reptomancer","floor":42,"turns":7},{"damage":11,"enemies":"Jaw Worm Horde","floor":45,"turns":5},{"damage":7,"enemies":"Sphere and 2 Shapes","floor":46,"turns":4},{"damage":8,"enemies":"Spire Growth","floor":47,"turns":4},{"damage":6,"enemies":"Jaw Worm Horde","floor":48,"turns":5},{"damage":34,"enemies":"Time Eater","floor":50,"turns":9},{"damage":9,"enemies":"Shield and Spear","floor":54,"turns":6},{"damage":62,"enemies":"The Heart","floor":55,"turns":10}],"seed_played":"-7276972716840689467","potions_obtained":[{"floor":1,"key":"PowerPotion"},{"floor":4,"key":"hermit:Eclipse"},{"floor":20,"key":"Block Potion"},{"floor":21,"key":"LiquidMemories"},{"floor":24,"key":"hermit:Tonic"},{"floor":24,"key":"Fruit Juice"},{"floor":31,"key":"SkillPotion"},{"floor":36,"key":"AttackPotion"},{"floor":40,"key":"DistilledChaos"},{"floor":54,"key":"Fire Potion"}],"is_trial":false,"path_per_floor":["M","?","?","M","?","E","$","M","T","E","M","M","?","M","R","B",null,"M","$","M","M","M","E","?","E","T","R","E","?","?","M","R","B",null,"M","?","$","M","M","E","R","E","T","$","M","M","M","M","R","B",null,"R","$","E","B",null],"character_chosen":"HERMIT","items_purchased":["MerchantsRug","hermit:ShadowCloak","Thread and Needle","HandOfGreed","Apotheosis","PreservedInsect","hermit:Brawl","hermit:Malice","hermit:GhostlyPresence","Bird Faced Urn","HandDrill","Sadistic Nature+1","hermit:HeroicBravado","Oddly Smooth Stone"],"campfire_rested":4,"item_purchase_floors":[0,0,0,0,7,19,19,19,19,37,37,44,53,53],"current_hp_per_floor":[74,74,85,85,78,56,56,53,53,52,51,51,40,40,40,35,85,85,85,85,61,59,47,47,36,36,36,32,32,32,15,42,36,90,90,90,90,86,90,77,90,90,90,90,85,87,88,90,90,68,90,90,90,96,52],"gold":45,"neow_bonus":"","is_daily":false,"chose_seed":false,"campfire_upgraded":1,"win_rate":0.0,"timestamp":1611119386,"path_taken":["M","?","?","?","?","E","$","M","T","E","M","M","?","M","R","BOSS","M","$","M","M","M","E","?","E","T","R","E","?","?","?","R","BOSS","M","?","$","M","M","E","R","E","T","$","M","?","M","?","R","BOSS","R","$","E","BOSS"],"items_purchased_type":["Relic","Card","Relic","Card","Card","Relic","Card","Card","Card","Relic","Relic","Card","Card","Relic"],"build_version":"2020-12-22","purchased_purges":2,"victory":true,"max_hp_per_floor":[75,75,85,85,85,85,85,85,85,85,85,85,85,85,85,85,85,85,85,85,85,85,85,85,90,90,90,90,90,90,90,90,90,90,90,90,90,90,90,90,90,90,90,90,90,90,90,90,90,90,90,90,90,97,97],"card_choices":[{"not_picked":["hermit:LowProfile","hermit:TrackingShot"],"picked":"hermit:DeadMansHand","floor":1},{"not_picked":["hermit:EternalForm","hermit:BlackWind"],"picked":"hermit:Dissolve","floor":2},{"not_picked":["hermit:Misfire","hermit:Roulette"],"picked":"hermit:WideOpen","floor":2},{"not_picked":["Secret Weapon","Master of Strategy"],"picked":"Secret Technique","floor":2},{"not_picked":["hermit:FullyLoaded","hermit:BodyArmor"],"picked":"hermit:CalledShot","floor":4},{"not_picked":["hermit:SprayPray","hermit:Deadeye"],"picked":"hermit:Scavenge","floor":6},{"not_picked":["hermit:Desperado","hermit:Feint"],"picked":"hermit:FatalDesire","floor":8},{"not_picked":["hermit:HighCaliber","hermit:CalledShot"],"picked":"hermit:Headshot","floor":10},{"not_picked":["hermit:Enervate","hermit:Maintenance"],"picked":"hermit:Spite","floor":11},{"not_picked":["hermit:Manifest","hermit:Maintenance","hermit:Vantage"],"picked":"SKIP","floor":12},{"not_picked":["hermit:LowProfile","hermit:LuckOfTheDraw"],"picked":"hermit:Quickdraw","floor":14},{"not_picked":["hermit:Coalescence","hermit:Glare"],"picked":"hermit:Ricochet","floor":18},{"not_picked":["hermit:Desperado","hermit:Ricochet","hermit:Headshot+1"],"picked":"SKIP","floor":20},{"not_picked":["hermit:Horror","hermit:LowProfile"],"picked":"hermit:Determination","floor":21},{"not_picked":["hermit:Dive","hermit:Horror"],"picked":"hermit:Dissolve","floor":22},{"not_picked":["hermit:Determination","hermit:Feint"],"picked":"hermit:Combo","floor":23},{"not_picked":["hermit:Headshot","hermit:Glare+1"],"picked":"hermit:Virtue","floor":25},{"not_picked":["hermit:ItchyTrigger+1","hermit:Manifest+1"],"picked":"hermit:PistolWhip","floor":28},{"not_picked":["hermit:ItchyTrigger","hermit:Ricochet+1"],"picked":"hermit:Enervate","floor":31},{"not_picked":["hermit:BlackWind","hermit:FinalCanter"],"picked":"hermit:Reprieve","floor":33},{"not_picked":["hermit:Glare+1","hermit:Scavenge+1"],"picked":"hermit:BigShot+1","floor":35},{"not_picked":["hermit:Manifest","hermit:Ricochet+1","hermit:Enervate"],"picked":"SKIP","floor":38},{"not_picked":["hermit:Enervate","hermit:Headshot+1"],"picked":"hermit:Deadeye","floor":39},{"not_picked":["hermit:Grudge+1","hermit:CursedWeapon+1"],"picked":"hermit:LoneWolf","floor":40},{"not_picked":["hermit:SprayPray","hermit:LowProfile+1"],"picked":"hermit:Malice+1","floor":42},{"not_picked":["hermit:LowProfile+1","hermit:CalledShot+1"],"picked":"hermit:ShadowCloak+1","floor":45},{"not_picked":["hermit:Quickdraw","hermit:Misfire+1"],"picked":"hermit:Manifest+1","floor":46},{"not_picked":["hermit:Coalescence","hermit:NoHoldsBarred"],"picked":"hermit:ShadowCloak+1","floor":47},{"not_picked":["hermit:Dive","hermit:SprayPray+1"],"picked":"hermit:FinalCanter","floor":48},{"not_picked":["hermit:ItchyTrigger","hermit:Coalescence"],"picked":"hermit:Virtue","floor":54}],"player_experience":744044,"relics_obtained":[{"floor":6,"key":"Ginger"},{"floor":9,"key":"Dead Branch"},{"floor":10,"key":"Unceasing Top"},{"floor":23,"key":"hermit:RyeStalk"},{"floor":23,"key":"Bronze Scales"},{"floor":25,"key":"Ice Cream"},{"floor":25,"key":"Sundial"},{"floor":28,"key":"Nunchaku"},{"floor":28,"key":"Whetstone"},{"floor":40,"key":"Blood Vial"},{"floor":40,"key":"Gambling Chip"},{"floor":42,"key":"Ancient Tea Set"},{"floor":42,"key":"Shuriken"},{"floor":43,"key":"Frozen Egg 2"},{"floor":54,"key":"Strawberry"},{"floor":54,"key":"Orichalcum"}],"event_choices":[{"damage_healed":0,"gold_gain":0,"player_choice":"1","damage_taken":0,"max_hp_gain":0,"max_hp_loss":0,"event_name":"betterMatch:BetterMatch","floor":2,"gold_loss":0,"cards_obtained":["betterMatch:RareCard","betterMatch:CommonCard","betterMatch:ColorlessRareCard"]},{"cards_removed":["Secret Technique"],"damage_healed":1,"gold_gain":0,"player_choice":"Offered Rare","damage_taken":0,"max_hp_gain":10,"max_hp_loss":0,"event_name":"Bonfire Elementals","floor":3,"gold_loss":0},{"cards_removed":["hermit:Strike_Hermit"],"damage_healed":0,"gold_gain":0,"player_choice":"Card Removal","damage_taken":7,"max_hp_gain":0,"max_hp_loss":0,"event_name":"Golden Wing","floor":5,"gold_loss":0},{"damage_healed":0,"gold_gain":0,"player_choice":"Slimed","damage_taken":11,"max_hp_gain":0,"max_hp_loss":0,"event_name":"betterThird:BetterGoop","floor":13,"gold_loss":21},{"damage_healed":0,"gold_gain":0,"player_choice":"Bought 2 Potions","damage_taken":0,"max_hp_gain":0,"max_hp_loss":0,"event_name":"The Woman in Blue","floor":24,"gold_loss":0},{"damage_healed":0,"gold_gain":0,"player_choice":"Upgraded","damage_taken":0,"max_hp_gain":0,"max_hp_loss":0,"event_name":"Upgrade Shrine","floor":29,"gold_loss":0,"cards_upgraded":["hermit:Combo"]},{"cards_removed":["hermit:Strike_Hermit"],"damage_healed":0,"gold_gain":0,"player_choice":"Card Removal","damage_taken":0,"max_hp_gain":0,"max_hp_loss":0,"event_name":"Wheel of Change","floor":30,"gold_loss":0},{"damage_healed":0,"gold_gain":0,"player_choice":"Got Potions","damage_taken":0,"max_hp_gain":0,"max_hp_loss":0,"event_name":"Lab","floor":36,"gold_loss":0}],"is_beta":false,"boss_relics":[{"not_picked":["Runic Pyramid","Empty Cage"],"picked":"Black Star"},{"not_picked":["Busted Crown","Pandora\u0027s Box"],"picked":"Fusion Hammer"}],"items_purged_floors":[7,37],"is_endless":false,"potions_floor_spawned":[1,4,11,12,20,21,31,35,40,47,48,54],"ascension_level":0}}