{"host":"lv7etzzgwahaenh9","time":1611139580,"event":{"mods":["AchievementEnabler","BaseMod","Colored Map","Colored Powertips","Highlight Path","Minty Spire (QoL Compilation)","Permanent Neow","Quick Restart","Random Character Button","StSLib"],"gold_per_floor":[115,126,201,220,170,170,197,197,197,231,249,27,52,65,65,165,165,176,176,189,189,205,205,233,246,246,246,266,279,279,312,312,312,312],"floor_reached":33,"language":"ENG","playtime":2095,"items_purged":["Strike_B"],"score":441,"play_id":"1a9a1fa1-bf34-452e-9caf-c738df213ae6","local_time":"20210120024620","is_ascension_mode":true,"campfire_choices":[{"data":"Double Energy","floor":6.0,"key":"SMITH"},{"floor":8.0,"key":"REST"},{"floor":15,"key":"REST"},{"data":"Defragment","floor":23,"key":"SMITH"},{"data":"Creative AI","floor":27,"key":"SMITH"},{"floor":30,"key":"REST"},{"floor":32,"key":"REST"}],"circlet_count":0,"master_deck":["Zap","Dualcast","Thunder Strike","Double Energy+1","Leap","Cold Snap","Glacier","Static Discharge","Ball Lightning","Blizzard","Loop","Glacier","Creative AI+1","Meteor Strike","Glacier","Core Surge","Defragment+1","Self Repair"],"relics":["Cracked Core","White Beast Statue","Singing Bowl","Oddly Smooth Stone","Odd Mushroom","Pandora\u0027s Box","Prayer Wheel","Mercury Hourglass","Ornamental Fan"],"acts_visited":["Exordium","TheCity"],"potions_floor_usage":[11,13,13,16,16,20,22,24,24,29,31,31,33],"damage_taken":[{"damage":11.0,"enemies":"Small Slimes","floor":1.0,"turns":3.0},{"damage":5.0,"enemies":"Jaw Worm","floor":2.0,"turns":4.0},{"damage":1.0,"enemies":"2 Louse","floor":4.0,"turns":2.0},{"damage":25.0,"enemies":"3 Sentries","floor":7.0,"turns":10.0},{"damage":15,"enemies":"Lagavulin","floor":10,"turns":6},{"damage":10,"enemies":"Lots of Slimes","floor":11,"turns":3},{"damage":6,"enemies":"The Mushroom Lair","floor":13,"turns":4},{"damage":8,"enemies":"3 Louse","floor":14,"turns":3},{"damage":6,"enemies":"Hexaghost","floor":16,"turns":15},{"damage":14,"enemies":"Chosen","floor":18,"turns":6},{"damage":3,"enemies":"Spheric Guardian","floor":20,"turns":8},{"damage":3,"enemies":"Centurion and Healer","floor":22,"turns":10},{"damage":20,"enemies":"Gremlin Leader","floor":24,"turns":8},{"damage":4,"enemies":"Sentry and Sphere","floor":25,"turns":8},{"damage":21,"enemies":"Snake Plant","floor":28,"turns":3},{"damage":2,"enemies":"Centurion and Healer","floor":29,"turns":11},{"damage":40,"enemies":"Book of Stabbing","floor":31,"turns":6},{"damage":60,"enemies":"Automaton","floor":33,"turns":12}],"seed_played":"915462557853017234","potions_obtained":[{"floor":7.0,"key":"Regen Potion"},{"floor":10,"key":"Block Potion"},{"floor":11,"key":"DistilledChaos"},{"floor":13,"key":"Dexterity Potion"},{"floor":14,"key":"PotionOfCapacity"},{"floor":16,"key":"DuplicationPotion"},{"floor":18,"key":"GamblersBrew"},{"floor":20,"key":"FearPotion"},{"floor":22,"key":"BlessingOfTheForge"},{"floor":24,"key":"SpeedPotion"},{"floor":25,"key":"FairyPotion"},{"floor":28,"key":"DistilledChaos"},{"floor":29,"key":"AttackPotion"},{"floor":31,"key":"Swift Potion"}],"is_trial":false,"path_per_floor":["M","M","?","M","?","R","E","R","T","E","M","$","?","M","R","B",null,"M","?","M","?","M","R","E","M","T","R","M","M","R","E","R","B"],"character_chosen":"DEFECT","items_purchased":["Loop","Regen Potion"],"campfire_rested":4,"item_purchase_floors":[12,12],"current_hp_per_floor":[57,52,41,40,40,40,15,35,35,20,10,10,18,10,31,40,63,51,51,50,84,83,83,65,65,65,65,48,50,80,40,70,10,10],"gold":312,"neow_bonus":"TRANSFORM_TWO_CARDS","is_daily":false,"chose_seed":false,"campfire_upgraded":3,"win_rate":0.0,"timestamp":1611139580,"path_taken":["M","M","?","M","?","R","E","R","T","E","M","$","?","?","R","BOSS","M","?","M","?","?","R","E","?","T","R","?","M","R","E","R","BOSS"],"items_purchased_type":["Card","Potion"],"build_version":"2020-12-22","purchased_purges":1,"victory":false,"max_hp_per_floor":[68,68,68,68,68,68,68,68,68,68,68,68,70,70,70,70,70,72,72,74,84,86,86,88,92,92,92,96,100,100,100,100,100,100],"card_choices":[{"not_picked":["Sweeping Beam","Redo"],"picked":"Leap","floor":1.0},{"not_picked":["Compile Driver","Streamline"],"picked":"Cold Snap","floor":2.0},{"not_picked":["White Noise","Heatsinks"],"picked":"Glacier","floor":4.0},{"not_picked":["Leap","BootSequence"],"picked":"Static Discharge","floor":7.0},{"not_picked":["Rebound","Auto Shields"],"picked":"Ball Lightning","floor":10},{"not_picked":["BootSequence","Turbo"],"picked":"Blizzard","floor":11},{"not_picked":["Sweeping Beam","Streamline","Scrape"],"picked":"Singing Bowl","floor":13},{"not_picked":["Rebound","Auto Shields"],"picked":"Glacier","floor":14},{"not_picked":["Machine Learning","Meteor Strike"],"picked":"Creative AI","floor":16},{"not_picked":["Hologram","Ball Lightning","Turbo+1"],"picked":"Singing Bowl","floor":18},{"not_picked":["FTL+1","Genetic Algorithm","Beam Cell+1"],"picked":"Singing Bowl","floor":20},{"not_picked":["Leap","Stack","Conserve Battery"],"picked":"Singing Bowl","floor":22},{"not_picked":["Capacitor","Meteor Strike","Rebound"],"picked":"Singing Bowl","floor":24},{"not_picked":["Self Repair","Barrage","Go for the Eyes"],"picked":"Singing Bowl","floor":25},{"not_picked":["Streamline+1","Sweeping Beam","Coolheaded"],"picked":"Singing Bowl","floor":25},{"not_picked":["FTL","Thunder Strike","Melter"],"picked":"Singing Bowl","floor":28},{"not_picked":["Ball Lightning","Barrage","Scrape"],"picked":"Singing Bowl","floor":28},{"not_picked":["Stack","Coolheaded","Compile Driver"],"picked":"Singing Bowl","floor":29},{"not_picked":["Capacitor+1","Blizzard","Sweeping Beam"],"picked":"Singing Bowl","floor":29},{"not_picked":["Hologram","Beam Cell"],"picked":"Self Repair","floor":31}],"player_experience":293704,"relics_obtained":[{"floor":7.0,"key":"White Beast Statue"},{"floor":9.0,"key":"Singing Bowl"},{"floor":10,"key":"Oddly Smooth Stone"},{"floor":13,"key":"Odd Mushroom"},{"floor":24,"key":"Prayer Wheel"},{"floor":26,"key":"Mercury Hourglass"},{"floor":31,"key":"Ornamental Fan"}],"event_choices":[{"damage_healed":0.0,"max_hp_gain":0.0,"max_hp_loss":0.0,"gold_gain":75.0,"event_name":"World of Goop","player_choice":"Gather Gold","floor":3.0,"gold_loss":0.0,"damage_taken":11.0},{"cards_removed":["Defend_B"],"damage_healed":0.0,"max_hp_gain":0.0,"max_hp_loss":0.0,"gold_gain":0.0,"event_name":"The Cleric","player_choice":"Card Removal","floor":5.0,"gold_loss":50.0,"damage_taken":0.0},{"damage_healed":0,"gold_gain":0,"player_choice":"Fought Mushrooms","damage_taken":0,"max_hp_gain":0,"max_hp_loss":0,"event_name":"Mushrooms","floor":13,"gold_loss":0},{"damage_healed":0,"gold_gain":0,"player_choice":"Read","damage_taken":0,"max_hp_gain":0,"max_hp_loss":0,"event_name":"The Library","floor":19,"gold_loss":0,"cards_obtained":["Defragment"]},{"cards_removed":["Hyperbeam"],"damage_healed":24,"gold_gain":0,"player_choice":"Offered Rare","damage_taken":0,"max_hp_gain":10,"max_hp_loss":0,"event_name":"Bonfire Elementals","floor":21,"gold_loss":0}],"is_beta":false,"boss_relics":[{"not_picked":["Runic Pyramid","Philosopher\u0027s Stone"],"picked":"Pandora\u0027s Box"}],"items_purged_floors":[12],"is_endless":false,"potions_floor_spawned":[7,10,11,13,14,16,18,20,22,24,25,28,29,31],"killed_by":"Automaton","ascension_level":8}}