{"host":"3a1ypf1irl30q4k8","time":1611151532,"event":{"mods":["AchievementEnabler","BaseMod","Bestiary","Colored Map","Minty Spire (QoL Compilation)","Relic Stats"],"gold_per_floor":[109,121,132,145,165,165,178,22,49,49,49,62,94,114,114,209,209,224,239,13,13,32,32,59,77,77,176,176,188,103,123,123,224,224,244,12,26,43,43,68,68,394,394,394,413,443,457,457,457,457,457],"floor_reached":50,"language":"ENG","playtime":3489,"items_purged":["Doubt"],"score":723,"play_id":"c74d582d-810b-4462-a272-bc942fd62e3b","local_time":"20210120140532","is_ascension_mode":true,"campfire_choices":[{"floor":6.0,"key":"REST"},{"floor":11.0,"key":"REST"},{"data":"Corpse Explosion","floor":15.0,"key":"SMITH"},{"data":"Wraith Form v2","floor":23.0,"key":"SMITH"},{"floor":28.0,"key":"REST"},{"floor":32.0,"key":"REST"},{"data":"Noxious Fumes","floor":41.0,"key":"SMITH"},{"floor":44,"key":"REST"},{"floor":49,"key":"RECALL"}],"circlet_count":0,"master_deck":["Defend_G","Defend_G","Defend_G","Defend_G","Survivor","Neutralize","Dramatic Entrance","Crippling Poison","Dagger Spray","Crippling Poison","Quick Slash","Bane","After Image","Corpse Explosion+1","Bane","Footwork","Bane","Backflip","Wraith Form v2+1","Noxious Fumes+1","Bite","Bite","Bite","Bite","Bite","Blur","Deflect+1","Catalyst+1","Acrobatics","Tools of the Trade","PiercingWail+1","Blur","Noxious Fumes","Catalyst"],"relics":["Ring of the Snake","Dream Catcher","Strawberry","Cursed Key","TwistedFunnel","Potion Belt","FossilizedHelix","Omamori","Velvet Choker","Toolbox","Pear","Old Coin"],"acts_visited":["Exordium","TheCity","TheBeyond"],"potions_floor_usage":[45,48,48],"damage_taken":[{"damage":5.0,"enemies":"Jaw Worm","floor":1.0,"turns":6.0},{"damage":2.0,"enemies":"Cultist","floor":2.0,"turns":4.0},{"damage":0.0,"enemies":"2 Louse","floor":3.0,"turns":2.0},{"damage":24.0,"enemies":"Large Slime","floor":4.0,"turns":7.0},{"damage":3.0,"enemies":"Looter","floor":5.0,"turns":4.0},{"damage":14.0,"enemies":"Exordium Thugs","floor":7.0,"turns":5.0},{"damage":2.0,"enemies":"2 Fungi Beasts","floor":12.0,"turns":3.0},{"damage":8.0,"enemies":"3 Sentries","floor":13.0,"turns":3.0},{"damage":2.0,"enemies":"Red Slaver","floor":14.0,"turns":3.0},{"damage":46.0,"enemies":"Slime Boss","floor":16.0,"turns":12.0},{"damage":22.0,"enemies":"2 Thieves","floor":18.0,"turns":4.0},{"damage":1.0,"enemies":"Chosen","floor":19.0,"turns":6.0},{"damage":27.0,"enemies":"Sentry and Sphere","floor":22.0,"turns":7.0},{"damage":23.0,"enemies":"Gremlin Leader","floor":24.0,"turns":6.0},{"damage":17.0,"enemies":"Snake Plant","floor":25.0,"turns":6.0},{"damage":0.0,"enemies":"Centurion and Healer","floor":29.0,"turns":3.0},{"damage":7.0,"enemies":"Chosen and Byrds","floor":31.0,"turns":5.0},{"damage":47.0,"enemies":"Automaton","floor":33.0,"turns":9.0},{"damage":1.0,"enemies":"Orb Walker","floor":35.0,"turns":3.0},{"damage":9.0,"enemies":"3 Shapes","floor":37.0,"turns":4.0},{"damage":0.0,"enemies":"Maw","floor":38.0,"turns":8.0},{"damage":35.0,"enemies":"Reptomancer","floor":40.0,"turns":11.0},{"damage":31.0,"enemies":"Giant Head","floor":42.0,"turns":9.0},{"damage":0,"enemies":"Sphere and 2 Shapes","floor":45,"turns":4},{"damage":21,"enemies":"Jaw Worm Horde","floor":46,"turns":5},{"damage":24,"enemies":"Maw","floor":47,"turns":7},{"damage":0,"enemies":"Reptomancer","floor":48,"turns":3},{"damage":41,"enemies":"Donu and Deca","floor":50,"turns":4}],"seed_played":"5399665301764261515","potions_obtained":[{"floor":1.0,"key":"CunningPotion"},{"floor":4.0,"key":"PowerPotion"},{"floor":7.0,"key":"Energy Potion"},{"floor":12.0,"key":"EssenceOfSteel"},{"floor":24.0,"key":"Dexterity Potion"},{"floor":25.0,"key":"PowerPotion"},{"floor":31.0,"key":"SteroidPotion"},{"floor":33.0,"key":"Poison Potion"},{"floor":37.0,"key":"BlessingOfTheForge"},{"floor":40.0,"key":"Fire Potion"},{"floor":42.0,"key":"PowerPotion"},{"floor":46,"key":"SmokeBomb"}],"is_trial":false,"path_per_floor":["M","M","M","M","M","R","M","$","T","?","R","M","E","M","R","B",null,"M","M","$","?","M","R","E","M","T","?","R","M","?","M","R","B",null,"M","$","M","M","?","E","R","E","T","R","M","M","M","E","R","B"],"character_chosen":"THE_SILENT","items_purchased":["Corpse Explosion","TwistedFunnel","Noxious Fumes","Toolbox"],"campfire_rested":5,"item_purchase_floors":[8,20,20,36],"current_hp_per_floor":[65,63,63,39,36,57,43,43,43,43,64,62,61,59,59,13,77,55,54,54,53,36,36,17,8,8,8,23,25,25,26,41,12,53,53,53,44,53,53,48,48,31,31,49,53,36,26,30,30,0,0],"gold":457,"neow_bonus":"RANDOM_COLORLESS","is_daily":false,"chose_seed":false,"campfire_upgraded":3,"win_rate":0.0,"timestamp":1611151532,"path_taken":["M","M","M","M","M","R","M","$","T","?","R","M","E","M","R","BOSS","M","?","$","?","M","R","E","M","T","?","R","M","?","?","R","BOSS","M","$","M","M","?","E","R","E","T","R","M","M","M","E","R","BOSS"],"items_purchased_type":["Card","Relic","Card","Relic"],"build_version":"2020-12-22","purchased_purges":1,"victory":false,"max_hp_per_floor":[70,70,70,70,70,70,70,70,70,70,70,70,77,77,77,77,77,77,77,77,53,53,53,53,53,53,53,53,53,53,53,53,53,53,53,53,53,53,53,63,63,63,63,63,63,63,63,63,63,63,63],"relic_stats":{"Dream Catcher":4,"counters":[28,153],"Cursed Key":2,"obtain_stats":[{"TwistedFunnel":20,"Potion Belt":24,"Dream Catcher":9,"Pear":40,"Strawberry":13,"Velvet Choker":34,"Toolbox":36,"Omamori":30,"Cursed Key":17,"FossilizedHelix":26,"Ring of the Snake":0,"Old Coin":42},{"TwistedFunnel":12,"Potion Belt":14,"Dream Catcher":6,"Pear":22,"Strawberry":8,"Velvet Choker":18,"Toolbox":19,"Omamori":16,"Cursed Key":10,"FossilizedHelix":15,"Ring of the Snake":0,"Old Coin":23},{"TwistedFunnel":59,"Potion Belt":72,"Dream Catcher":28,"Pear":121,"Strawberry":34,"Velvet Choker":95,"Toolbox":98,"Omamori":81,"Cursed Key":49,"FossilizedHelix":78,"Ring of the Snake":0,"Old Coin":130}],"Ring of the Snake":[56]},"card_choices":[{"not_picked":["Enlightenment","Good Instincts"],"picked":"Dramatic Entrance","floor":0.0},{"not_picked":["Bane","Leg Sweep"],"picked":"Crippling Poison","floor":1.0},{"not_picked":["Prepared","Bouncing Flask"],"picked":"Dagger Spray","floor":2.0},{"not_picked":["PiercingWail","Sucker Punch"],"picked":"Crippling Poison","floor":3.0},{"not_picked":["All Out Attack","Sucker Punch"],"picked":"Quick Slash","floor":4.0},{"not_picked":["Setup","PiercingWail"],"picked":"Bane","floor":5.0},{"not_picked":["Sucker Punch","Slice"],"picked":"After Image","floor":7.0},{"not_picked":["Crippling Poison","Endless Agony"],"picked":"Bane","floor":11.0},{"not_picked":["Eviscerate","Infinite Blades"],"picked":"Footwork","floor":12.0},{"not_picked":["Calculated Gamble","Masterful Stab"],"picked":"Bane","floor":13.0},{"not_picked":["Quick Slash","Cloak And Dagger"],"picked":"Backflip","floor":14.0},{"not_picked":["Doppelganger","Corpse Explosion"],"picked":"Wraith Form v2","floor":16.0},{"not_picked":["Expertise+1","Bouncing Flask","Calculated Gamble+1"],"picked":"SKIP","floor":18.0},{"not_picked":["Sucker Punch+1","Backflip","Flying Knee"],"picked":"SKIP","floor":19.0},{"not_picked":["Slice","Concentrate","Backflip"],"picked":"SKIP","floor":22.0},{"not_picked":["Dagger Throw+1","Poisoned Stab"],"picked":"Blur","floor":24.0},{"not_picked":["Poisoned Stab","Dodge and Roll+1"],"picked":"Deflect+1","floor":25.0},{"not_picked":["Bane","PiercingWail+1"],"picked":"Catalyst+1","floor":28.0},{"not_picked":["Masterful Stab","Riddle With Holes+1","Infinite Blades"],"picked":"SKIP","floor":29.0},{"not_picked":["Sucker Punch","Grand Finale"],"picked":"Acrobatics","floor":31.0},{"not_picked":["Phantasmal Killer","Storm of Steel"],"picked":"Tools of the Trade","floor":33.0},{"not_picked":["Underhanded Strike","Deflect","Setup"],"picked":"SKIP","floor":35.0},{"not_picked":["Setup+1","Poisoned Stab+1"],"picked":"PiercingWail+1","floor":37.0},{"not_picked":["Bane+1","Crippling Poison"],"picked":"Blur","floor":38.0},{"not_picked":["Bane","Finisher"],"picked":"Noxious Fumes","floor":40.0},{"not_picked":["Dagger Throw+1","Bullet Time","Slice"],"picked":"SKIP","floor":42.0},{"not_picked":["Dagger Spray+1","Backstab"],"picked":"Catalyst","floor":44},{"not_picked":["Acrobatics","Slice","All Out Attack+1"],"picked":"SKIP","floor":45},{"not_picked":["Predator","Bullet Time","Deadly Poison"],"picked":"SKIP","floor":46},{"not_picked":["Flechettes","Dodge and Roll+1","Underhanded Strike+1"],"picked":"SKIP","floor":47}],"player_experience":1132572,"relics_obtained":[{"floor":9.0,"key":"Dream Catcher"},{"floor":13.0,"key":"Strawberry"},{"floor":24.0,"key":"Potion Belt"},{"floor":26.0,"key":"FossilizedHelix"},{"floor":40.0,"key":"Pear"},{"floor":42.0,"key":"Old Coin"}],"event_choices":[{"damage_healed":0.0,"max_hp_gain":0.0,"max_hp_loss":0.0,"gold_gain":0.0,"event_name":"NoteForYourself","player_choice":"Ignored","floor":10.0,"gold_loss":0.0,"damage_taken":0.0},{"damage_healed":0.0,"max_hp_gain":0.0,"max_hp_loss":24.0,"gold_gain":0.0,"event_name":"Vampires","player_choice":"Became a vampire","floor":21.0,"gold_loss":0.0,"damage_taken":0.0,"cards_obtained":["Bite","Bite","Bite","Bite","Bite"]},{"damage_healed":0.0,"max_hp_gain":0.0,"max_hp_loss":0.0,"gold_gain":99.0,"event_name":"Nest","player_choice":"Stole From Cult","floor":27.0,"gold_loss":0.0,"damage_taken":0.0},{"damage_healed":0.0,"max_hp_gain":0.0,"max_hp_loss":0.0,"gold_gain":0.0,"event_name":"Addict","player_choice":"Obtained Relic","floor":30.0,"gold_loss":85.0,"damage_taken":0.0,"relics_obtained":["Omamori"]},{"cards_removed":["Defend_G"],"damage_healed":0.0,"max_hp_gain":0.0,"max_hp_loss":0.0,"gold_gain":0.0,"event_name":"Bonfire Elementals","player_choice":"Offered Basic","floor":39.0,"gold_loss":0.0,"damage_taken":0.0}],"is_beta":false,"boss_relics":[{"not_picked":["SlaversCollar","Empty Cage"],"picked":"Cursed Key"},{"not_picked":["Busted Crown","Black Star"],"picked":"Velvet Choker"}],"items_purged_floors":[36],"is_endless":false,"potions_floor_spawned":[1,4,7,12,24,25,31,33,37,40,42,46],"killed_by":"Donu and Deca","ascension_level":3}}