{"host":"ao4lxi9bhtts409i","time":1611105999,"event":{"mods":["AchievementEnabler","BaseMod","Colored Map","Colored Powertips","Minty Spire (QoL Compilation)","SuperFastMode"],"gold_per_floor":[113,125,138,148,148,180,190,219,290,318,318,346,346,310,310,413,413,429,429,439,354,0,0,0,0],"floor_reached":24,"language":"ENG","playtime":871,"items_purged":[],"score":354,"play_id":"c0159af5-5405-4f97-b34f-69107d878345","local_time":"20210120022639","is_ascension_mode":true,"campfire_choices":[{"floor":11,"key":"REST"},{"data":"Strike_P","floor":13,"key":"PURGE"},{"floor":15,"key":"REST"},{"floor":23,"key":"REST"}],"circlet_count":0,"master_deck":["Strike_P","Strike_P","Strike_P","Defend_P","Defend_P","Defend_P","Defend_P","Eruption","Vigilance+1","Conclude","SashWhip+1","Indignation","SandsOfTime","Scrawl","FollowUp","Devotion","InnerPeace","Prostrate","Establishment","CarveReality","Ghostly","Ghostly","Ghostly","Ghostly","Ghostly","Worship"],"relics":["Sozu","Smiling Mask","Damaru","Matryoshka","Peace Pipe","Potion Belt","Cursed Key","Mercury Hourglass"],"acts_visited":["Exordium","TheCity"],"potions_floor_usage":[],"damage_taken":[{"damage":10,"enemies":"Jaw Worm","floor":1,"turns":5},{"damage":7,"enemies":"2 Louse","floor":2,"turns":2},{"damage":0,"enemies":"Small Slimes","floor":3,"turns":2},{"damage":0,"enemies":"3 Louse","floor":4,"turns":1},{"damage":9,"enemies":"Lagavulin","floor":6,"turns":4},{"damage":11,"enemies":"Looter","floor":7,"turns":2},{"damage":0,"enemies":"Gremlin Nob","floor":8,"turns":2},{"damage":7,"enemies":"3 Sentries","floor":10,"turns":5},{"damage":19,"enemies":"Gremlin Nob","floor":12,"turns":4},{"damage":0,"enemies":"Slime Boss","floor":16,"turns":5},{"damage":2,"enemies":"Chosen","floor":18,"turns":4},{"damage":27,"enemies":"3 Byrds","floor":20,"turns":5},{"damage":22,"enemies":"Gremlin Leader","floor":24,"turns":3}],"seed_played":"651293867771020273","potions_obtained":[],"is_trial":false,"path_per_floor":["M","M","M","M","?","E","M","E","T","E","R","E","R","?","R","B",null,"M","?","M","?","?","R","E"],"character_chosen":"WATCHER","items_purchased":[],"campfire_rested":3,"item_purchase_floors":[],"current_hp_per_floor":[62,55,55,55,41,32,21,21,21,14,35,16,16,16,37,37,72,70,36,9,9,9,19,0,0],"gold":0,"neow_bonus":"BOSS_RELIC","is_daily":false,"chose_seed":false,"campfire_upgraded":0,"win_rate":0.0,"timestamp":1611105999,"path_taken":["M","M","M","M","?","E","M","E","T","E","R","E","R","?","R","BOSS","M","?","M","?","?","R","E"],"items_purchased_type":[],"build_version":"2020-12-22","purchased_purges":0,"victory":false,"max_hp_per_floor":[72,72,72,72,72,72,72,72,72,72,72,72,72,72,72,72,72,72,36,36,36,36,36,36,36],"card_choices":[{"not_picked":["FlyingSleeves","SashWhip"],"picked":"Conclude","floor":1},{"not_picked":["FollowUp","WreathOfFlame"],"picked":"SashWhip","floor":2},{"not_picked":["Wireheading","LikeWater"],"picked":"Indignation","floor":3},{"not_picked":["SashWhip","FollowUp"],"picked":"SandsOfTime","floor":4},{"not_picked":["Prostrate","Brilliance"],"picked":"Scrawl","floor":6},{"not_picked":["Consecrate","SashWhip"],"picked":"FollowUp","floor":7},{"not_picked":["Sanctity","WheelKick"],"picked":"Devotion","floor":8},{"not_picked":["Conclude","PathToVictory"],"picked":"InnerPeace","floor":10},{"not_picked":["InnerPeace","WheelKick"],"picked":"Prostrate","floor":12},{"not_picked":["DevaForm","ConjureBlade"],"picked":"Establishment","floor":16},{"not_picked":["SashWhip","JustLucky"],"picked":"CarveReality","floor":18},{"not_picked":["FearNoEvil","ThirdEye"],"picked":"Worship","floor":20}],"player_experience":210665,"relics_obtained":[{"floor":6,"key":"Smiling Mask"},{"floor":8,"key":"Damaru"},{"floor":9,"key":"Matryoshka"},{"floor":10,"key":"Peace Pipe"},{"floor":12,"key":"Potion Belt"}],"event_choices":[{"damage_healed":0,"gold_gain":0,"player_choice":"Entered Light","damage_taken":14,"max_hp_gain":0,"max_hp_loss":0,"event_name":"Shining Light","floor":5,"gold_loss":0,"cards_upgraded":["SashWhip","Vigilance"]},{"damage_healed":0,"gold_gain":0,"player_choice":"Left Gold","damage_taken":0,"max_hp_gain":0,"max_hp_loss":0,"event_name":"World of Goop","floor":14,"gold_loss":36},{"damage_healed":0,"gold_gain":0,"player_choice":"Became a Ghost","damage_taken":0,"max_hp_gain":0,"max_hp_loss":36,"event_name":"Ghosts","floor":19,"gold_loss":0,"cards_obtained":["Ghostly","Ghostly","Ghostly","Ghostly","Ghostly"]},{"damage_healed":0,"gold_gain":0,"player_choice":"Obtained Relic","damage_taken":0,"relics_obtained":["Mercury Hourglass"],"max_hp_gain":0,"max_hp_loss":0,"event_name":"Addict","floor":21,"gold_loss":85},{"damage_healed":0,"gold_gain":0,"player_choice":"Paid Fearfully","damage_taken":0,"max_hp_gain":0,"max_hp_loss":0,"event_name":"Masked Bandits","floor":22,"gold_loss":354}],"is_beta":false,"boss_relics":[{"not_picked":["SlaversCollar","Coffee Dripper"],"picked":"Cursed Key"}],"items_purged_floors":[],"is_endless":false,"potions_floor_spawned":[3,4,8,10,16],"killed_by":"Gremlin Leader","ascension_level":2}}