{"host":"qekv59dthhdg54sz","time":1611139449,"event":{"mods":["AchievementEnabler","BaseMod","Colored Map","DeckTracker","KOR Keyword Fix","Minty Spire (QoL Compilation)","Rare Cards Sparkle","StSLib","SuperFastMode"],"gold_per_floor":[118,118,132,57,69,69,69,84,133,158,21,33,47,72,72,148,148,161,61,61,61,61,61,81,81,106,106,120,134,134,9,9,86,86,97,112,162,162,174,174,174,174,174,174,99,130,130,144,144,144,144],"floor_reached":52,"language":"KOR","playtime":1455,"items_purged":["Strike_P","Strike_P","Devotion+1"],"score":2006,"play_id":"cdce6cf8-db38-4001-b13e-0621477393b1","local_time":"20210120194409","is_ascension_mode":true,"campfire_choices":[{"data":"Eruption","floor":6.0,"key":"SMITH"},{"data":"MentalFortress","floor":15.0,"key":"SMITH"},{"data":"Adaptation","floor":23.0,"key":"SMITH"},{"data":"Vault","floor":25.0,"key":"SMITH"},{"data":"EmptyMind","floor":27.0,"key":"SMITH"},{"data":"Devotion","floor":30.0,"key":"SMITH"},{"data":"BattleHymn","floor":32.0,"key":"SMITH"},{"data":"Adaptation","floor":40.0,"key":"SMITH"},{"data":"FlurryOfBlows","floor":42.0,"key":"SMITH"},{"data":"FearNoEvil","floor":44.0,"key":"SMITH"},{"data":"TalkToTheHand","floor":49.0,"key":"SMITH"}],"circlet_count":0,"master_deck":["AscendersBane","Defend_P","Defend_P","Eruption+1","Vigilance","BattleHymn+1","Halt","EmptyMind+1","FearNoEvil+1","MentalFortress+1","FlurryOfBlows+1","TalkToTheHand+1","Adaptation+1","Vault+1","Adaptation+1"],"relics":["Coffee Dripper","Kunai","White Beast Statue","Happy Flower","StrikeDummy","Odd Mushroom","Black Star","Strawberry","SacredBark","Calipers","FossilizedHelix","Blood Vial","Orichalcum"],"acts_visited":["Exordium","TheCity","TheBeyond"],"potions_floor_usage":[50,51],"damage_taken":[{"damage":2.0,"enemies":"Small Slimes","floor":1.0,"turns":3.0},{"damage":0.0,"enemies":"Jaw Worm","floor":3.0,"turns":3.0},{"damage":0.0,"enemies":"Cultist","floor":5.0,"turns":2.0},{"damage":0.0,"enemies":"Blue Slaver","floor":8.0,"turns":4.0},{"damage":0.0,"enemies":"Lagavulin","floor":10.0,"turns":6.0},{"damage":4.0,"enemies":"Large Slime","floor":12.0,"turns":4.0},{"damage":5.0,"enemies":"3 Louse","floor":13.0,"turns":2.0},{"damage":10.0,"enemies":"The Mushroom Lair","floor":14.0,"turns":3.0},{"damage":0.0,"enemies":"Hexaghost","floor":16.0,"turns":7.0},{"damage":16.0,"enemies":"2 Thieves","floor":18.0,"turns":5.0},{"damage":0.0,"enemies":"Spheric Guardian","floor":24.0,"turns":4.0},{"damage":7.0,"enemies":"3 Cultists","floor":28.0,"turns":5.0},{"damage":11.0,"enemies":"Shelled Parasite and Fungi","floor":29.0,"turns":5.0},{"damage":0.0,"enemies":"Collector","floor":33.0,"turns":11.0},{"damage":25.0,"enemies":"3 Shapes","floor":35.0,"turns":5.0},{"damage":7.0,"enemies":"Orb Walker","floor":36.0,"turns":4.0},{"damage":8.0,"enemies":"2 Orb Walkers","floor":37.0,"turns":5.0},{"damage":8.0,"enemies":"Spire Growth","floor":39.0,"turns":4.0},{"damage":9.0,"enemies":"Reptomancer","floor":46.0,"turns":5.0},{"damage":0.0,"enemies":"Writhing Mass","floor":48.0,"turns":6.0},{"damage":12,"enemies":"Donu and Deca","floor":50,"turns":4},{"damage":11,"enemies":"Awakened One","floor":51,"turns":5}],"seed_played":"2086401124317531826","potions_obtained":[{"floor":1.0,"key":"SkillPotion"},{"floor":8.0,"key":"LiquidBronze"},{"floor":10.0,"key":"EssenceOfSteel"},{"floor":12.0,"key":"Weak Potion"},{"floor":13.0,"key":"Ancient Potion"},{"floor":14.0,"key":"Energy Potion"},{"floor":16.0,"key":"Fruit Juice"},{"floor":29.0,"key":"StancePotion"},{"floor":33.0,"key":"Fruit Juice"},{"floor":35.0,"key":"Strength Potion"},{"floor":36.0,"key":"EntropicBrew"},{"floor":37.0,"key":"Strength Potion"},{"floor":39.0,"key":"Strength Potion"},{"floor":46.0,"key":"Swift Potion"},{"floor":48.0,"key":"Regen Potion"}],"is_trial":false,"path_per_floor":["M","?","M","$","M","R","T","M","T","E","$","M","M","?","R","B",null,"M","$","?","?","?","R","M","R","T","R","M","M","R","$","R","B",null,"M","M","?","?","M","R","?","R","T","R","?","E","$","M","R","B","B",null],"character_chosen":"WATCHER","items_purchased":["FlurryOfBlows","TalkToTheHand"],"campfire_rested":0,"item_purchase_floors":[11,11],"current_hp_per_floor":[59,41,41,41,41,41,41,41,41,41,41,37,32,22,22,22,57,41,41,41,41,41,41,41,41,48,48,41,35,35,35,35,35,69,54,47,39,39,31,31,74,74,74,74,74,65,65,67,67,57,67],"gold":144,"neow_bonus":"BOSS_RELIC","is_daily":false,"chose_seed":false,"campfire_upgraded":11,"win_rate":0.0,"timestamp":1611139449,"path_taken":["M","?","M","$","M","R","?","M","T","E","$","M","?","?","R","BOSS","M","$","?","?","?","R","M","R","T","R","?","M","R","$","R","BOSS","M","M","?","?","?","R","?","R","T","R","?","E","$","?","R","BOSS","BOSS"],"items_purchased_type":["Card","Card"],"build_version":"2020-12-22","purchased_purges":3,"victory":true,"max_hp_per_floor":[68,68,68,68,68,68,68,68,68,68,68,68,68,68,68,68,68,68,68,68,68,68,68,68,68,75,75,75,80,80,80,80,80,80,90,90,90,90,90,90,74,74,74,74,74,74,74,74,74,74,74],"card_choices":[{"not_picked":["FollowUp","PathToVictory"],"picked":"BattleHymn","floor":1.0},{"not_picked":["SandsOfTime","CrushJoints"],"picked":"Halt","floor":3.0},{"not_picked":["Meditate","Prostrate"],"picked":"EmptyMind","floor":5.0},{"not_picked":["ClearTheMind","EmptyBody"],"picked":"FearNoEvil","floor":8.0},{"not_picked":["Prostrate","FollowUp"],"picked":"MentalFortress","floor":10.0},{"not_picked":["TalkToTheHand","Protect","FlurryOfBlows"],"picked":"SKIP","floor":12.0},{"not_picked":["Nirvana","ClearTheMind","EmptyBody"],"picked":"SKIP","floor":13.0},{"not_picked":["EmptyMind","Consecrate"],"picked":"Adaptation","floor":14.0},{"not_picked":["Establishment","Scrawl"],"picked":"Vault","floor":16.0},{"not_picked":["Protect","CutThroughFate","Prostrate"],"picked":"SKIP","floor":18.0},{"not_picked":["CrushJoints","FollowUp","SignatureMove"],"picked":"SKIP","floor":24.0},{"not_picked":["Crescendo","LikeWater","BattleHymn+1"],"picked":"SKIP","floor":28.0},{"not_picked":["Nirvana+1","PathToVictory","FlurryOfBlows"],"picked":"SKIP","floor":29.0},{"not_picked":["FlyingSleeves","Evaluate","EmptyBody"],"picked":"SKIP","floor":35.0},{"not_picked":["SashWhip","JustLucky","Halt+1"],"picked":"SKIP","floor":36.0},{"not_picked":["WheelKick","FlurryOfBlows","Consecrate"],"picked":"SKIP","floor":39.0},{"not_picked":["WheelKick+1","Study+1","SashWhip+1"],"picked":"SKIP","floor":46.0},{"not_picked":["BowlingBash","Consecrate+1","CutThroughFate"],"picked":"SKIP","floor":48.0}],"player_experience":788293,"relics_obtained":[{"floor":7.0,"key":"White Beast Statue"},{"floor":9.0,"key":"Happy Flower"},{"floor":10.0,"key":"StrikeDummy"},{"floor":14.0,"key":"Odd Mushroom"},{"floor":26.0,"key":"Strawberry"},{"floor":37.0,"key":"Calipers"},{"floor":43.0,"key":"FossilizedHelix"},{"floor":46.0,"key":"Blood Vial"},{"floor":46.0,"key":"Orichalcum"}],"event_choices":[{"damage_healed":0.0,"max_hp_gain":0.0,"max_hp_loss":0.0,"gold_gain":0.0,"event_name":"Scrap Ooze","player_choice":"Success","floor":2.0,"gold_loss":0.0,"damage_taken":18.0,"relics_obtained":["Kunai"]},{"damage_healed":0.0,"max_hp_gain":0.0,"max_hp_loss":0.0,"gold_gain":0.0,"event_name":"Mushrooms","player_choice":"Fought Mushrooms","floor":14.0,"gold_loss":0.0,"damage_taken":0.0},{"damage_healed":0.0,"max_hp_gain":0.0,"max_hp_loss":0.0,"gold_gain":0.0,"event_name":"Ghosts","player_choice":"Ignored","floor":20.0,"gold_loss":0.0,"damage_taken":0.0},{"damage_healed":0.0,"max_hp_gain":0.0,"max_hp_loss":0.0,"gold_gain":0.0,"cards_transformed":["Strike_P","Strike_P"],"event_name":"Drug Dealer","player_choice":"Became Test Subject","floor":21.0,"gold_loss":0.0,"damage_taken":0.0,"cards_obtained":["Brilliance","Devotion"]},{"cards_removed":["Defend_P"],"damage_healed":0.0,"max_hp_gain":0.0,"max_hp_loss":0.0,"gold_gain":0.0,"event_name":"Bonfire Elementals","player_choice":"Offered Basic","floor":22.0,"gold_loss":0.0,"damage_taken":0.0},{"damage_healed":0.0,"max_hp_gain":0.0,"max_hp_loss":0.0,"gold_gain":0.0,"event_name":"Mysterious Sphere","player_choice":"Fight","floor":37.0,"gold_loss":0.0,"damage_taken":0.0},{"damage_healed":0.0,"max_hp_gain":0.0,"max_hp_loss":0.0,"gold_gain":0.0,"cards_transformed":["Brilliance"],"event_name":"Transmorgrifier","player_choice":"Transformed","floor":38.0,"gold_loss":0.0,"damage_taken":0.0,"cards_obtained":["Adaptation"]},{"damage_healed":74.0,"max_hp_gain":0.0,"max_hp_loss":16.0,"gold_gain":0.0,"event_name":"The Moai Head","player_choice":"Heal","floor":41.0,"gold_loss":0.0,"damage_taken":0.0},{"cards_removed":["Defend_P"],"damage_healed":0.0,"max_hp_gain":0.0,"max_hp_loss":0.0,"gold_gain":0.0,"event_name":"Designer","player_choice":"Single Remove","floor":45.0,"gold_loss":75.0,"damage_taken":0.0}],"is_beta":false,"boss_relics":[{"not_picked":["Astrolabe","Pandora\u0027s Box"],"picked":"Black Star"},{"not_picked":["Empty Cage","Tiny House"],"picked":"SacredBark"}],"items_purged_floors":[4,19,31],"is_endless":false,"potions_floor_spawned":[1,8,10,12,13,14,16,18,24,28,29,33,35,36,37,39,46,48],"ascension_level":20}}