{"host":"0fm1w3v00gid44jl","time":1611125526,"event":{"mods":["AchievementEnabler","BaseMod","Colored Map","Colored Powertips","Displayed Cursed Tome","Downfall","Googly Eyes","Highlight Path","Minty Spire (QoL Compilation)","Permanent Neow","Relic Stats","StSLib","SuperFastMode","slay the spire mod where everything is the same but ironclad has a cowboy hat"],"gold_per_floor":[99,109,109,18,18,18,89,89,102,102,114,114,126,143,159,159,159,159],"floor_reached":16,"language":"ENG","playtime":565,"items_purged":[],"score":92,"play_id":"6f62132b-4e3f-4225-9b71-2f402226ff0d","local_time":"20210120005206","is_ascension_mode":false,"campfire_choices":[{"data":"bronze:Break","floor":1,"key":"SMITH"},{"data":"bronze:CloningBeam","floor":6,"key":"SMITH"},{"data":"bronze:BuggyMess","floor":8,"key":"SMITH"},{"floor":10,"key":"REST"},{"data":"bronze:Boost","floor":12,"key":"SMITH"}],"circlet_count":0,"master_deck":["bronze:Strike","bronze:Strike","bronze:Strike","bronze:Strike","bronze:Defend","bronze:Defend","bronze:Defend","bronze:Defend","bronze:Replicate","bronze:Goto","bronze:Break+1","bronze:CloningBeam+1","bronze:Spike","bronze:ChildClass","bronze:Boost+1","bronze:BuggyMess+1","bronze:DelayedSlice","bronze:Break+1","bronze:BuggyMess","Pain","bronze:Iterate","bronze:CloningBeam","bronze:WhirlingStrike","bronze:Frontload","bronze:Shell"],"relics":["bronze:BronzeCore","Kunai"],"acts_visited":["Exordium"],"potions_floor_usage":[],"damage_taken":[{"damage":0,"enemies":"Cultist","floor":2,"turns":2},{"damage":5,"enemies":"Cultist","floor":3,"turns":3},{"damage":2,"enemies":"downfall:FleeingMerchant","floor":4,"turns":4},{"damage":9,"enemies":"Jaw Worm","floor":9,"turns":2},{"damage":1,"enemies":"Small Slimes","floor":11,"turns":2},{"damage":44,"enemies":"Exordium Thugs","floor":13,"turns":8},{"damage":0,"enemies":"2 Fungi Beasts","floor":14,"turns":1},{"damage":0,"enemies":"Exordium Wildlife","floor":15,"turns":2},{"damage":41,"enemies":"WA_ARCHETYPE_RETAIN","floor":16,"turns":6}],"seed_played":"7748183295929236106","potions_obtained":[{"floor":2,"key":"FairyPotion"},{"floor":3,"key":"AttackPotion"},{"floor":9,"key":"SpeedPotion"}],"is_trial":false,"path_per_floor":["R","M","?","$","?","R","T","R","M","R","M","R","M","M","M","B"],"character_chosen":"THE_AUTOMATON","items_purchased":["bronze:BuggyMess","bronze:DelayedSlice"],"campfire_rested":1,"item_purchase_floors":[4,4],"current_hp_per_floor":[63,63,58,56,56,56,56,56,47,63,62,62,18,18,18,0,0,0],"gold":159,"neow_bonus":"THREE_RARE_CARDS","is_daily":false,"chose_seed":false,"campfire_upgraded":4,"win_rate":0.0,"timestamp":1611125526,"path_taken":["R","?","?","$","?","R","T","R","?","R","M","R","M","M","M","BOSS"],"items_purchased_type":["Card","Card"],"build_version":"2020-12-22","purchased_purges":0,"victory":false,"max_hp_per_floor":[63,63,63,63,63,63,63,63,63,63,63,63,63,63,63,63,63,63],"relic_stats":{"counters":[9,30],"Kunai":[9],"obtain_stats":[{"bronze:BronzeCore":0,"Kunai":7},{"bronze:BronzeCore":0,"Kunai":3},{"bronze:BronzeCore":0,"Kunai":9}]},"card_choices":[{"not_picked":["bronze:SpaghettiCode","bronze:ThunderWave"],"picked":"bronze:Break","floor":0},{"not_picked":["bronze:Frontload","bronze:BronzeOrb"],"picked":"bronze:CloningBeam","floor":2},{"not_picked":[],"picked":"bronze:Spike","floor":3},{"not_picked":["bronze:OilSpill","bronze:Branch"],"picked":"bronze:ChildClass","floor":3},{"not_picked":["bronze:Deprecate","bronze:Repair"],"picked":"bronze:Boost","floor":4},{"not_picked":["bronze:CutThrough","bronze:NullPointer"],"picked":"bronze:Iterate","floor":9},{"not_picked":["bronze:CutThrough","bronze:BuggyMess"],"picked":"bronze:CloningBeam","floor":11},{"not_picked":["bronze:Shell","bronze:Optimize"],"picked":"bronze:WhirlingStrike","floor":13},{"not_picked":["bronze:Verify","bronze:WhirlingStrike"],"picked":"bronze:Frontload","floor":14},{"not_picked":["bronze:Iterate","bronze:Shield"],"picked":"bronze:Shell","floor":15}],"player_experience":1465813,"relics_obtained":[{"floor":7,"key":"Kunai"}],"event_choices":[],"is_beta":false,"boss_relics":[],"items_purged_floors":[],"is_endless":false,"potions_floor_spawned":[2,3,9,11],"killed_by":"WA_ARCHETYPE_RETAIN","ascension_level":0}}