{"host":"mi24dmma43d7mlws","time":1611172362,"event":{"mods":["2.2 Compatiblity","Astrologer","Bard","BaseMod","Bestiary","CatGirl Mod","Colored Map","Colored Powertips","Custom Start","Downfall","Fiend Mod","Fireblade Mod","Hermit","Highlight Path","JesterMod","Jorbs\u0027s Wanderer Trilogy","Mad Scientist","Minty Spire (QoL Compilation)","Potionbrewer","QueenMod","Quick Restart","Rare Cards Sparkle","Relic Stats","Shade Mod","Somnambulant","StSLib","Td1madao Mod","The Accelerator","The Blackbeard","The Bladedancer","The Bug Knight","The Clintock","The Construct","The Cursed","The Death Knight","The Disciple","The Elementalist","The Florist","The Gatherer","The Hayseed","The Hierophant","The Judge","The Juggle","The Mystic","The Necromancer","The Problem Sleuth","The Runesmith","The Senshi","The Servant 0.9.4","The Showman","The Spell Scribe","The Trickster","The Valiant","The Vixen","The Wild Card","TheBandit","TheFirefly","TheHeartMod","TheHero","TheLocksmith","everything is the same but u backflip on backflip","slay the spire mod where everything is the same but ironclad has a cowboy hat","thorton"],"gold_per_floor":[114,131,131,146,146,146,146,146],"floor_reached":6,"language":"ENG","playtime":1074,"items_purged":[],"score":38,"play_id":"448ebd02-1aaa-4c40-a799-e74cde71b0b0","local_time":"20210120195242","is_ascension_mode":true,"campfire_choices":[],"circlet_count":0,"master_deck":["Guardian:Strike_Guardian","Guardian:Strike_Guardian","Guardian:Strike_Guardian","Guardian:Strike_Guardian","Guardian:Defend_Guardian","Guardian:Defend_Guardian","Guardian:Defend_Guardian","Guardian:Defend_Guardian","Guardian:CurlUp","Guardian:TwinSlam","Guardian:Gem_Red","Guardian:Gem_Green","Guardian:Gem_Crimson","Guardian:Gem_Yellow","Guardian:CrystalBeam"],"relics":["Guardian:ModeShifter","Pen Nib","Guardian:PickAxe","Centennial Puzzle"],"acts_visited":["Exordium"],"potions_floor_usage":[],"damage_taken":[{"damage":7,"enemies":"Small Slimes","floor":1,"turns":4},{"damage":11,"enemies":"Jaw Worm","floor":2,"turns":2},{"damage":28,"enemies":"Jaw Worm","floor":3,"turns":6},{"damage":6,"enemies":"Cultist","floor":4,"turns":3},{"damage":11,"enemies":"Gremlin Nob","floor":6,"turns":2}],"seed_played":"-5922038512032060857","potions_obtained":[{"floor":4,"key":"potionbrewer:AcidPotion"}],"is_trial":false,"path_per_floor":["M","M","?","M","?","E"],"character_chosen":"GUARDIAN","items_purchased":[],"campfire_rested":0,"item_purchase_floors":[],"current_hp_per_floor":[73,62,34,28,10,0,0,0],"gold":146,"neow_bonus":"RANDOM_COMMON_RELIC","is_daily":false,"chose_seed":false,"campfire_upgraded":0,"win_rate":0.0,"timestamp":1611172362,"path_taken":["M","M","?","M","?","E"],"items_purchased_type":[],"build_version":"2020-12-22","purchased_purges":0,"victory":false,"max_hp_per_floor":[80,80,80,80,80,80,80,80],"relic_stats":{"Centennial Puzzle":[0],"counters":[5,17],"Pen Nib":[3],"obtain_stats":[{"Guardian:PickAxe":3,"Centennial Puzzle":5,"Guardian:ModeShifter":0,"Pen Nib":0},{"Guardian:PickAxe":3,"Centennial Puzzle":4,"Guardian:ModeShifter":0,"Pen Nib":0},{"Guardian:PickAxe":12,"Centennial Puzzle":15,"Guardian:ModeShifter":0,"Pen Nib":0}]},"card_choices":[{"not_picked":["Guardian:Harden","Guardian:RefractedBeam"],"picked":"Guardian:Gem_Red","floor":1},{"not_picked":["Guardian:VentSteam","Guardian:TemporalStrike","Guardian:RollAttack"],"picked":"SKIP","floor":2},{"not_picked":["Guardian:BodySlam","Guardian:Gem_Purple"],"picked":"Guardian:CrystalBeam","floor":4}],"player_experience":1089381,"relics_obtained":[],"event_choices":[{"damage_healed":0,"gold_gain":0,"player_choice":"Success","damage_taken":18,"relics_obtained":["Centennial Puzzle"],"max_hp_gain":0,"max_hp_loss":0,"event_name":"Scrap Ooze","floor":5,"gold_loss":0}],"is_beta":false,"boss_relics":[],"items_purged_floors":[],"is_endless":false,"potions_floor_spawned":[3,4],"killed_by":"Gremlin Nob","ascension_level":1}}