{"host":"nlowmoq7gy18n72d","time":1611132163,"event":{"mods":["BaseMod","Colored Powertips","Downfall","Hermit","Highlight Path","Infinite Spire","Jorbs\u0027s Wanderer Trilogy","Minty Spire (QoL Compilation)","StSLib","The Cursed"],"gold_per_floor":[99,110,122,141,161,186,186,203,231,241,41,55,2,65,77,77,77,77],"floor_reached":16,"language":"ENG","playtime":667,"items_purged":[],"score":147,"play_id":"99d755c1-a069-43c5-94c2-6b897315d082","local_time":"20210120114243","is_ascension_mode":true,"campfire_choices":[{"floor":1,"key":"RECALL"},{"data":"bronze:AlphaBuild","floor":11,"key":"SMITH"}],"circlet_count":0,"master_deck":["bronze:Strike","bronze:Strike","bronze:Strike","bronze:Strike","bronze:Defend","bronze:Defend","bronze:Defend","bronze:Defend","bronze:Replicate","bronze:Goto","bronze:Constructor","bronze:Branch","bronze:AlphaBuild+1","bronze:FineTuning","bronze:Overload","bronze:FollowUp","bronze:CutThrough","bronze:Repair","bronze:Frontload","bronze:Return"],"relics":["bronze:BronzeCore","Oddly Smooth Stone","The Courier","downfall:HeartBlessingRed","downfall:HeartBlessingBlue","Nunchaku"],"acts_visited":["Exordium"],"potions_floor_usage":[6,9,13,14,16,16],"damage_taken":[{"damage":0,"enemies":"2 Louse","floor":2,"turns":4},{"damage":0,"enemies":"Cultist","floor":3,"turns":4},{"damage":3,"enemies":"Jaw Worm","floor":4,"turns":3},{"damage":3,"enemies":"Large Slime","floor":5,"turns":6},{"damage":13,"enemies":"3 Sentries","floor":6,"turns":7},{"damage":0,"enemies":"Blue Slaver","floor":8,"turns":5},{"damage":15,"enemies":"Gremlin Nob","floor":9,"turns":4},{"damage":0,"enemies":"2 Fungi Beasts","floor":10,"turns":2},{"damage":13,"enemies":"Red Slaver","floor":12,"turns":3},{"damage":0,"enemies":"downfall:FleeingMerchant","floor":13,"turns":4},{"damage":9,"enemies":"Gremlin Nob","floor":14,"turns":4},{"damage":7,"enemies":"2 Fungi Beasts","floor":15,"turns":3},{"damage":57,"enemies":"SI_SHIV_ARCHETYPE","floor":16,"turns":11}],"seed_played":"-3730627097050617145","potions_obtained":[{"floor":2,"key":"EssenceOfSteel"},{"floor":3,"key":"SteroidPotion"},{"floor":5,"key":"AttackPotion"},{"floor":6,"key":"bronze:FreeFunctionsPotion"},{"floor":9,"key":"FearPotion"}],"is_trial":false,"path_per_floor":["R","M","M","M","M","E","T","M","E","M","R","M","$","?","M","B"],"character_chosen":"THE_AUTOMATON","items_purchased":["Strength Potion"],"campfire_rested":0,"item_purchase_floors":[13],"current_hp_per_floor":[77,77,77,74,71,58,58,58,43,43,53,40,47,45,46,0,0,0],"gold":77,"neow_bonus":"TEN_PERCENT_HP_BONUS","is_daily":false,"chose_seed":false,"campfire_upgraded":1,"win_rate":0.0,"timestamp":1611132163,"path_taken":["R","M","M","M","M","E","T","M","E","M","R","M","$","?","M","BOSS"],"items_purchased_type":["Potion"],"build_version":"2020-12-22","purchased_purges":0,"victory":false,"max_hp_per_floor":[77,77,77,77,77,77,77,77,77,77,87,87,87,87,87,87,87,87],"card_choices":[{"not_picked":["bronze:Backtrace","bronze:BuggyMess"],"picked":"bronze:Constructor","floor":2},{"not_picked":["bronze:Iterate","bronze:ChildClass"],"picked":"bronze:Branch","floor":3},{"not_picked":["bronze:Refactor","bronze:BuggyMess","bronze:Branch"],"picked":"SKIP","floor":4},{"not_picked":["bronze:DelayedSlice","bronze:Frontload"],"picked":"bronze:AlphaBuild","floor":5},{"not_picked":["bronze:BuggyMess","bronze:Invalidate"],"picked":"bronze:FineTuning","floor":6},{"not_picked":["bronze:Repulsor","bronze:Fortify"],"picked":"bronze:Overload","floor":8},{"not_picked":["bronze:DigitalCarnage","bronze:InfiniteBeams"],"picked":"bronze:FollowUp","floor":9},{"not_picked":["bronze:Iterate","bronze:WhirlingStrike"],"picked":"bronze:CutThrough","floor":10},{"not_picked":["bronze:WildBeam","bronze:AlphaBuild"],"picked":"bronze:Repair","floor":12},{"not_picked":["bronze:Safeguard","bronze:Invalidate"],"picked":"bronze:Frontload","floor":13},{"not_picked":["bronze:WhirlingStrike","bronze:BronzeOrb"],"picked":"bronze:Return","floor":14},{"not_picked":["bronze:Fortify","bronze:Overload","bronze:Invalidate"],"picked":"SKIP","floor":15}],"player_experience":694318,"relics_obtained":[{"floor":6,"key":"Oddly Smooth Stone"},{"floor":9,"key":"The Courier"},{"floor":14,"key":"Nunchaku"}],"event_choices":[],"is_beta":false,"boss_relics":[],"items_purged_floors":[],"is_endless":false,"potions_floor_spawned":[2,3,5,6,9],"killed_by":"SI_SHIV_ARCHETYPE","ascension_level":1}}