{"host":"7sryglll1si3bc7f","time":1611137135,"event":{"mods":["AchievementEnabler","BaseMod","Card Forge","Colored Map","Colored Powertips","Custom Start","Downfall","Friendly Minions","Hermit","Mimic Mod","Minty Spire (QoL Compilation)","Quick Restart","StSLib","The Construct","The Hierophant"],"gold_per_floor":[415,155,155,173,134,134,209,209,209,209,309,324,350,315,315,315,315,315],"floor_reached":16,"language":"ENG","playtime":501,"items_purged":[],"score":139,"play_id":"470a178f-e203-4dc3-af76-5cce1382f0be","local_time":"20210120120535","daily_mods":["Heirloom"],"is_ascension_mode":true,"campfire_choices":[{"data":"bronze:CloningBeam","floor":6,"key":"SMITH"},{"floor":8,"key":"REST"},{"floor":15,"key":"REST"}],"circlet_count":0,"master_deck":["bronze:Strike","bronze:Strike","bronze:Strike","bronze:Strike","bronze:Defend","bronze:Defend","bronze:Defend","bronze:Defend","bronze:Replicate","bronze:Goto","bronze:Iterate","bronze:DelayedGuard","bronze:ItsAFeature+1","bronze:CloningBeam+1","bronze:ClassDefault","bronze:FineTuning","bronze:FineTuning"],"relics":["bronze:BronzeCore","Hammer of Thor","Seething Fire","Anvil of the Gods","Old Coin","Chemical X","Meat on the Bone","StrikeDummy"],"acts_visited":["Exordium"],"potions_floor_usage":[13,13,13,13],"damage_taken":[{"damage":6,"enemies":"Cultist","floor":1,"turns":3},{"damage":3,"enemies":"2 Louse","floor":4,"turns":3},{"damage":12,"enemies":"Jaw Worm","floor":12,"turns":3},{"damage":59,"enemies":"Gremlin Nob","floor":13,"turns":5},{"damage":80,"enemies":"Slime Boss","floor":16,"turns":11}],"seed_played":"-528627811481845811","potions_obtained":[{"floor":12,"key":"AttackPotion"}],"is_trial":true,"path_per_floor":["M","$","?","M","$","R","?","R","T","?","?","M","E","?","R","B"],"character_chosen":"THE_AUTOMATON","items_purchased":["Chemical X","EntropicBrew","bronze:ClassDefault"],"campfire_rested":2,"item_purchase_floors":[2,2,5],"current_hp_per_floor":[57,57,57,54,54,54,43,64,64,64,64,52,33,50,70,0,0,0],"gold":315,"neow_bonus":"","is_daily":false,"chose_seed":false,"campfire_upgraded":1,"win_rate":0.0,"timestamp":1611137135,"path_taken":["M","$","?","?","$","R","?","R","T","?","?","?","E","?","R","BOSS"],"items_purchased_type":["Relic","Potion","Card"],"build_version":"2020-12-22","purchased_purges":0,"victory":false,"max_hp_per_floor":[70,70,70,70,70,70,70,70,70,70,70,70,70,70,70,70,70,70],"card_choices":[{"not_picked":["bronze:BitShift","bronze:WhirlingStrike"],"picked":"bronze:Iterate","floor":1},{"not_picked":["bronze:Deprecate","bronze:CleanCode"],"picked":"bronze:CloningBeam","floor":4},{"not_picked":["bronze:Branch","bronze:ChildClass"],"picked":"bronze:FineTuning","floor":12},{"not_picked":["bronze:Flail","bronze:GetLatest"],"picked":"bronze:FineTuning","floor":13}],"player_experience":602725,"relics_obtained":[{"floor":9,"key":"Meat on the Bone"},{"floor":13,"key":"StrikeDummy"}],"event_choices":[{"damage_healed":0,"gold_gain":0,"player_choice":"2 cards matched","damage_taken":0,"max_hp_gain":0,"max_hp_loss":0,"event_name":"Match and Keep!","floor":3,"gold_loss":0,"cards_obtained":["bronze:DelayedGuard","bronze:ItsAFeature"]},{"damage_healed":0,"gold_gain":75,"player_choice":"Gather Gold","damage_taken":11,"max_hp_gain":0,"max_hp_loss":0,"event_name":"World of Goop","floor":7,"gold_loss":0},{"damage_healed":0,"gold_gain":0,"player_choice":"Grow","damage_taken":0,"max_hp_gain":0,"max_hp_loss":0,"event_name":"Living Wall","floor":10,"gold_loss":0,"cards_upgraded":["bronze:ItsAFeature"]},{"damage_healed":0,"gold_gain":100,"player_choice":"Pray","damage_taken":0,"max_hp_gain":0,"max_hp_loss":0,"event_name":"Golden Shrine","floor":11,"gold_loss":0},{"damage_healed":17,"gold_gain":0,"player_choice":"Healed","damage_taken":0,"max_hp_gain":0,"max_hp_loss":0,"event_name":"The Cleric","floor":14,"gold_loss":35}],"is_beta":false,"boss_relics":[],"items_purged_floors":[],"is_endless":false,"potions_floor_spawned":[12],"killed_by":"Slime Boss","ascension_level":9}}