{"host":"sav7uxregyirlf69","time":1611122323,"event":{"mods":["AchievementEnabler","BaseMod","Colored Map","DeckTracker","Keyboard Shortcuts","Minty Spire (QoL Compilation)","READ ME - Guardian Mod","StSLib","SuperFastMode"],"gold_per_floor":[16,16,27,27,37,37,63,63,142,158,176,191,226,239,239,317,317,335,354,354,354,354],"floor_reached":21,"language":"KOR","playtime":427,"items_purged":[],"score":386,"play_id":"e2df5eb6-7c11-4c56-954b-b5098a477927","local_time":"20210120145843","is_ascension_mode":true,"campfire_choices":[{"data":"Fiend Fire","floor":6,"key":"SMITH"},{"data":"Wild Strike","floor":8,"key":"SMITH"},{"data":"Body Slam","floor":15,"key":"SMITH"}],"circlet_count":0,"master_deck":["AscendersBane","Strike_R","Strike_R","Strike_R","Strike_R","Strike_R","Defend_R","Defend_R","Defend_R","Defend_R","Bash","Wild Strike+1","Fiend Fire+1","Reaper","Reckless Charge","Seeing Red","Power Through","Body Slam+1"],"relics":["Burning Blood","Turnip","Toy Ornithopter","Calipers","Sozu"],"acts_visited":["Exordium","TheCity"],"potions_floor_usage":[7,13,16,16,16,21],"damage_taken":[{"damage":11,"enemies":"Jaw Worm","floor":1,"turns":5},{"damage":0,"enemies":"Cultist","floor":3,"turns":2},{"damage":5,"enemies":"Small Slimes","floor":5,"turns":3},{"damage":8,"enemies":"Gremlin Nob","floor":7,"turns":3},{"damage":15,"enemies":"3 Louse","floor":10,"turns":3},{"damage":5,"enemies":"Large Slime","floor":11,"turns":5},{"damage":12,"enemies":"Exordium Thugs","floor":12,"turns":4},{"damage":15,"enemies":"Lagavulin","floor":13,"turns":7},{"damage":27,"enemies":"Gremlin Gang","floor":14,"turns":5},{"damage":75,"enemies":"Slime Boss","floor":16,"turns":13},{"damage":17,"enemies":"2 Thieves","floor":18,"turns":4},{"damage":56,"enemies":"3 Byrds","floor":19,"turns":10},{"damage":35,"enemies":"Centurion and Healer","floor":21,"turns":4}],"seed_played":"6996033960132685933","potions_obtained":[{"floor":1,"key":"Swift Potion"},{"floor":3,"key":"EntropicBrew"},{"floor":10,"key":"AttackPotion"},{"floor":16,"key":"SteroidPotion"}],"is_trial":false,"path_per_floor":["M","?","M","$","M","R","E","R","T","M","M","M","E","M","R","B",null,"M","M","?","M"],"character_chosen":"IRONCLAD","items_purchased":[],"campfire_rested":0,"item_purchase_floors":[],"current_hp_per_floor":[63,63,69,69,70,70,68,68,68,66,71,65,65,54,54,8,58,51,9,9,0,0],"gold":354,"neow_bonus":"ONE_RARE_RELIC","is_daily":false,"chose_seed":false,"campfire_upgraded":3,"win_rate":0.0,"timestamp":1611122323,"path_taken":["M","?","M","?","M","R","E","R","T","M","M","M","E","M","R","BOSS","M","M","?","M"],"items_purchased_type":[],"build_version":"2020-12-22","purchased_purges":0,"victory":false,"max_hp_per_floor":[75,75,75,75,75,75,75,75,75,75,75,75,75,75,75,75,75,75,75,75,75,75],"card_choices":[{"not_picked":["Dual Wield","True Grit"],"picked":"Wild Strike","floor":1},{"not_picked":["Heavy Blade","Clash","Searing Blow"],"picked":"SKIP","floor":3},{"not_picked":["Bloodletting","Inflame","Heavy Blade"],"picked":"SKIP","floor":5},{"not_picked":["Warcry","Body Slam"],"picked":"Reaper","floor":7},{"not_picked":["Twin Strike","Iron Wave"],"picked":"Reckless Charge","floor":10},{"not_picked":["Thunderclap","Armaments"],"picked":"Seeing Red","floor":11},{"not_picked":["Perfected Strike","Clothesline"],"picked":"Power Through","floor":12},{"not_picked":["Iron Wave","Headbutt","Clash"],"picked":"SKIP","floor":13},{"not_picked":["Clash","Spot Weakness"],"picked":"Body Slam","floor":14},{"not_picked":["True Grit","Rupture","Havoc"],"picked":"SKIP","floor":18},{"not_picked":["Dual Wield","Heavy Blade","Warcry"],"picked":"SKIP","floor":19}],"player_experience":1324233,"relics_obtained":[{"floor":7,"key":"Toy Ornithopter"},{"floor":13,"key":"Calipers"}],"event_choices":[{"damage_healed":0,"gold_gain":0,"player_choice":"1 cards matched","damage_taken":0,"max_hp_gain":0,"max_hp_loss":0,"event_name":"Match and Keep!","floor":2,"gold_loss":0,"cards_obtained":["Fiend Fire"]},{"damage_healed":0,"gold_gain":0,"player_choice":"Ignored","damage_taken":0,"max_hp_gain":0,"max_hp_loss":0,"event_name":"Ghosts","floor":20,"gold_loss":0}],"is_beta":false,"boss_relics":[{"not_picked":["Busted Crown","Runic Dome"],"picked":"Sozu"}],"items_purged_floors":[],"is_endless":false,"potions_floor_spawned":[1,3,10,16,19],"killed_by":"Centurion and Healer","ascension_level":20}}