{"host":"9l1knhxfturzliqa","time":1611139855,"event":{"mods":["BaseMod","Colored Map","Colored Powertips","DeckTracker","Highlight Path","Keyboard Shortcuts","Minty Spire (QoL Compilation)","Random Character Button"],"gold_per_floor":[114,133,150,167,167,167,186,201,273,284,315,328,328,345,345,345,345],"floor_reached":16,"language":"KOR","playtime":1058,"items_purged":[],"score":211,"play_id":"04fc57fb-f2a6-442a-8cc0-5b2613cf634c","local_time":"20210120195055","is_ascension_mode":true,"campfire_choices":[{"data":"Deadly Poison","floor":6.0,"key":"SMITH"},{"floor":13.0,"key":"REST"},{"data":"Tactician","floor":15.0,"key":"SMITH"}],"circlet_count":0,"master_deck":["AscendersBane","Strike_G","Strike_G","Strike_G","Strike_G","Strike_G","Defend_G","Defend_G","Defend_G","Defend_G","Defend_G","Survivor","Neutralize","Choke","Deadly Poison+1","Prepared","Acrobatics","Bane","Prepared","Dagger Spray","Flechettes","Tactician+1","Well Laid Plans"],"relics":["Ring of the Snake","NeowsBlessing","Toy Ornithopter","Ninja Scroll","Calipers"],"acts_visited":["Exordium"],"potions_floor_usage":[],"damage_taken":[{"damage":0.0,"enemies":"2 Louse","floor":1.0,"turns":1.0},{"damage":0.0,"enemies":"Jaw Worm","floor":2.0,"turns":1.0},{"damage":0.0,"enemies":"Cultist","floor":3.0,"turns":1.0},{"damage":0.0,"enemies":"Lots of Slimes","floor":4.0,"turns":4.0},{"damage":9.0,"enemies":"3 Louse","floor":7.0,"turns":4.0},{"damage":6.0,"enemies":"Red Slaver","floor":8.0,"turns":3.0},{"damage":8.0,"enemies":"Exordium Wildlife","floor":10.0,"turns":4.0},{"damage":27.0,"enemies":"3 Sentries","floor":11.0,"turns":7.0},{"damage":0.0,"enemies":"2 Fungi Beasts","floor":12.0,"turns":2.0},{"damage":0.0,"enemies":"Large Slime","floor":14.0,"turns":4.0},{"damage":30,"enemies":"Hexaghost","floor":16,"turns":9}],"seed_played":"-5754512931151869379","potions_obtained":[{"floor":1.0,"key":"Fire Potion"},{"floor":3.0,"key":"Fire Potion"},{"floor":10.0,"key":"GamblersBrew"},{"floor":11.0,"key":"SneckoOil"}],"is_trial":false,"path_per_floor":["M","M","M","M","?","R","M","M","T","M","E","M","R","M","R","B"],"character_chosen":"THE_SILENT","items_purchased":[],"campfire_rested":1,"item_purchase_floors":[],"current_hp_per_floor":[59,59,59,59,48,48,39,33,33,25,3,3,22,27,27,0,0],"gold":345,"neow_bonus":"THREE_ENEMY_KILL","is_daily":false,"chose_seed":false,"campfire_upgraded":2,"win_rate":0.0,"timestamp":1611139855,"path_taken":["M","M","M","M","?","R","M","M","T","M","E","M","R","M","R","BOSS"],"items_purchased_type":[],"build_version":"2020-12-22","purchased_purges":0,"victory":false,"max_hp_per_floor":[66,66,66,66,66,66,66,66,66,66,66,66,66,66,66,66,66],"card_choices":[{"not_picked":["Endless Agony","Quick Slash","Choke"],"picked":"SKIP","floor":1.0},{"not_picked":["Endless Agony","Quick Slash"],"picked":"Choke","floor":1.0},{"not_picked":["Dagger Spray","Dagger Throw"],"picked":"Deadly Poison","floor":2.0},{"not_picked":["Dash","Doppelganger"],"picked":"Prepared","floor":3.0},{"not_picked":["Outmaneuver","Quick Slash"],"picked":"Acrobatics","floor":4.0},{"not_picked":["Crippling Poison","Dodge and Roll"],"picked":"Bane","floor":7.0},{"not_picked":["Eviscerate","Dodge and Roll"],"picked":"Prepared","floor":8.0},{"not_picked":["Bane","Slice"],"picked":"Dagger Spray","floor":10.0},{"not_picked":["Choke","Underhanded Strike"],"picked":"Flechettes","floor":11.0},{"not_picked":["Cloak And Dagger","Sucker Punch"],"picked":"Tactician","floor":12.0},{"not_picked":["Sucker Punch","Backflip"],"picked":"Well Laid Plans","floor":14.0}],"player_experience":504583,"relics_obtained":[{"floor":9.0,"key":"Ninja Scroll"},{"floor":11.0,"key":"Calipers"}],"event_choices":[{"damage_healed":0.0,"max_hp_gain":0.0,"max_hp_loss":0.0,"gold_gain":0.0,"event_name":"Scrap Ooze","player_choice":"Success","floor":5.0,"gold_loss":0.0,"damage_taken":11.0,"relics_obtained":["Toy Ornithopter"]}],"is_beta":false,"boss_relics":[],"items_purged_floors":[],"is_endless":false,"potions_floor_spawned":[1,3,10,11],"killed_by":"Hexaghost","ascension_level":19}}