{"host":"ojezjkpqju62j8xy","time":1611132798,"event":{"mods":["ATMod(°¢èªMod)","Act Like it!","Aspiration","BaseMod","Conspire","Hermit","Minty Spire (QoL Compilation)","Pale of the Ancients","Replay The Spire","Spicy Shops","StSLib","¡¾ÒÅÎï¿¨ÅÆ¡¿REMEMod","²ÐÁôÖ®Îï"],"gold_per_floor":[111,122,122,138,47,74,74,108,108,148,161,187,187,55,113,210,210,227,237,272,11,11,44,64,96,122,122,155,155,173,183,183,287,287,307,307,326,338,385,412,412,441,441,441,60,60,86,99,99,99,110,122,122,122,122,139,139,139,139,139],"floor_reached":61,"language":"ZHS","playtime":1876,"items_purged":["ReplayTheSpireMod:Splinters"],"score":2042,"play_id":"fd2cbe62-ac80-4566-8e0d-300c54d4b6eb","local_time":"20210120165318","is_ascension_mode":true,"campfire_choices":[{"floor":7.0,"key":"RECALL"},{"data":"PlaceholderMod:HornyCollision","floor":13.0,"key":"SMITH"},{"data":"AT_IchimonjiDouble","floor":27.0,"key":"SMITH"},{"data":"AT_PowerWithin","floor":32.0,"key":"SMITH"},{"floor":41,"key":"REST"},{"data":"ReplayTheSpireMod:Private Reserves","floor":44,"key":"SMITH"},{"data":"AT_ChampionKick","floor":46,"key":"SMITH"},{"data":"AT_ChampionStep","floor":49,"key":"SMITH"},{"data":"Crescendo","floor":55,"key":"SMITH"},{"data":"Vault","floor":57,"key":"SMITH"}],"circlet_count":0,"master_deck":["Strike_P","Strike_P","Strike_P","Strike_P","Defend_P","Defend_P+1","Defend_P","Defend_P","Eruption","Vigilance","AT_IchimonjiDouble+1","PlaceholderMod:HornyCollision+1","Fasting2","FlurryOfBlows","BowlingBash","ReplayTheSpireMod:Private Reserves+1","Consecrate","BattleHymn","Replay:AtTheReady","EmptyFist","FearNoEvil","Vault+1","Injury","Blasphemy+1","Swivel","AT_OneInchPunch+1","FearNoEvil+1","AT_PowerWithin+1","JustLucky+1","CarveReality+1","Replay:ManipulateFuture+1","Adaptation","Conclude+1","WreathOfFlame","LessonLearned","Crescendo+1","Consecrate","Worship","Tantrum+1","ClearTheMind+1","EmptyMind","AT_ChampionKick+1","CrushJoints+1","AT_DivineConfetti+1","AT_ChampionStep+1","AT_DivineConfetti+1","JustLucky+1","CrushJoints+1","Replay:BluntJabs+1","Indignation+1","FollowUp+1"],"relics":["PureWater","AT_ATBox","REME_ComplimentaryCards","AT_LudenTempest","Iron Hammer","AT_BellowingDragoncrestRing","Nunchaku","AT_TimeSand","Bag of Preparation","conspire:SpecialSausage","Red Mask","TeardropLocket","aspiration:FrozenJewel","Replay:Wax Seal","aspiration:PoetsPen_weak","Prayer Wheel","Replay:Baseball","REME_LimitBreaker","Onion Ring","Sling","AT_RedTearstoneRing","paleoftheancients:Timepiece","paleoftheancients:KeyRelic","Ice Cream","CultistMask","paleoftheancients:SoulOfTheWokeBloke","Pantograph","Gambling Chip"],"acts_visited":["Exordium","TheCity","TheBeyond","paleoftheancients:PaleOfTheAncients"],"potions_floor_usage":[60,60,60],"damage_taken":[{"damage":0.0,"enemies":"Small Slimes","floor":1.0,"turns":3.0},{"damage":8.0,"enemies":"2 Louse","floor":2.0,"turns":2.0},{"damage":0.0,"enemies":"Jaw Worm","floor":4.0,"turns":3.0},{"damage":0.0,"enemies":"Lagavulin","floor":6.0,"turns":5.0},{"damage":0.0,"enemies":"3 Sentries","floor":8.0,"turns":6.0},{"damage":0.0,"enemies":"Looter","floor":11.0,"turns":2.0},{"damage":0.0,"enemies":"Gremlin Nob","floor":12.0,"turns":2.0},{"damage":32.0,"enemies":"Hexaghost","floor":16.0,"turns":6.0},{"damage":0.0,"enemies":"Shell Parasite","floor":18.0,"turns":2.0},{"damage":0.0,"enemies":"3 Byrds","floor":19.0,"turns":3.0},{"damage":0.0,"enemies":"Masked Bandits","floor":20.0,"turns":2.0},{"damage":0.0,"enemies":"Book of Stabbing","floor":23.0,"turns":2.0},{"damage":0.0,"enemies":"Cultist and Chosen","floor":24.0,"turns":3.0},{"damage":0.0,"enemies":"REME_1_Revenger","floor":25.0,"turns":2.0},{"damage":3.0,"enemies":"conspire:SneckoGhost","floor":28.0,"turns":1.0},{"damage":3.0,"enemies":"Centurion and Healer","floor":30.0,"turns":1.0},{"damage":0.0,"enemies":"conspire:HollyBat","floor":31.0,"turns":9.0},{"damage":11.0,"enemies":"Automaton","floor":33.0,"turns":5.0},{"damage":8.0,"enemies":"3 Shapes","floor":35.0,"turns":2.0},{"damage":5.0,"enemies":"3 Darklings","floor":37.0,"turns":1.0},{"damage":0.0,"enemies":"Writhing Mass","floor":38.0,"turns":1.0},{"damage":0.0,"enemies":"2 Orb Walkers","floor":39.0,"turns":1.0},{"damage":8,"enemies":"Giant Head","floor":40,"turns":1},{"damage":0,"enemies":"Reptomancer","floor":42,"turns":3},{"damage":0,"enemies":"Giant Head","floor":47,"turns":3},{"damage":0,"enemies":"Sphere and 2 Shapes","floor":48,"turns":1},{"damage":45,"enemies":"Donu and Deca","floor":50,"turns":3},{"damage":0,"enemies":"Donu and Deca","floor":51,"turns":2},{"damage":0,"enemies":"Donu and Deca","floor":52,"turns":5},{"damage":0,"enemies":"Donu and Deca","floor":56,"turns":3},{"damage":0,"enemies":"paleoftheancients:N","floor":60,"turns":4}],"seed_played":"3102492853075854766","potions_obtained":[{"floor":4.0,"key":"Ancient Potion"},{"floor":8.0,"key":"SkillPotion"},{"floor":10.0,"key":"PowerPotion"},{"floor":18.0,"key":"Weak Potion"},{"floor":20.0,"key":"Ambrosia"},{"floor":23.0,"key":"PowerPotion"},{"floor":35.0,"key":"SteroidPotion"},{"floor":47,"key":"Block Potion"},{"floor":51,"key":"DuplicationPotion"}],"is_trial":false,"path_per_floor":["M","M","?","M","$","E","R","E","T","?","M","E","R","$","R","B",null,"M","M","?","$","?","E","M","E","T","R","E","?","M","M","R","B",null,"M","?","M","M","?","E","R","E","T","R","$","R","E","M","R","B","M","M","?","T","R","M","R","T","?","B",null],"character_chosen":"WATCHER","items_purchased":["ReplayTheSpireMod:Private Reserves","Bag of Preparation","AT_PowerWithin","Sling","AT_RedTearstoneRing","AT_ChampionKick"],"campfire_rested":1,"item_purchase_floors":[5,14,21,45,45,45],"current_hp_per_floor":[79,71,71,71,71,71,71,71,71,71,71,71,71,71,71,39,79,79,79,79,79,79,79,79,79,79,79,76,76,73,73,73,62,79,71,71,66,66,66,58,79,79,79,79,79,79,79,79,79,79,79,79,79,79,79,79,79,79,79,79],"gold":139,"neow_bonus":"TEN_PERCENT_HP_BONUS","is_daily":false,"chose_seed":false,"campfire_upgraded":8,"win_rate":0.0,"timestamp":1611132798,"path_taken":["M","M","?","M","$","E","R","E","T","?","M","E","R","?","R","BOSS","M","M","?","$","?","E","M","E","T","R","E","?","?","M","R","BOSS","M","?","?","?","?","E","R","E","T","R","$","R","E","M","R","BOSS","M","M","?","T","R","M","R","T","?","BOSS"],"items_purchased_type":["Card","Relic","Card","Relic","Relic","Card"],"build_version":"2020-12-22","purchased_purges":1,"victory":true,"max_hp_per_floor":[79,79,79,79,79,79,79,79,79,79,79,79,79,79,79,79,79,79,79,79,79,79,79,79,79,79,79,79,79,79,79,79,79,79,79,79,79,79,79,79,79,79,79,79,79,79,79,79,79,79,79,79,79,79,79,79,79,79,79,79],"card_choices":[{"not_picked":["SashWhip","AT_RealFormLess"],"picked":"Fasting2","floor":1.0},{"not_picked":["PathToVictory","FlyingSleeves"],"picked":"FlurryOfBlows","floor":2.0},{"not_picked":["SashWhip","CrushJoints"],"picked":"BowlingBash","floor":4.0},{"not_picked":["InnerPeace","PathToVictory"],"picked":"Consecrate","floor":6.0},{"not_picked":["AT_DivineConfetti","Prostrate"],"picked":"BattleHymn","floor":8.0},{"not_picked":["ThirdEye","Indignation"],"picked":"Replay:AtTheReady","floor":10.0},{"not_picked":["JustLucky","Study"],"picked":"EmptyFist","floor":10.0},{"not_picked":["ThirdEye","AT_RealColorLess"],"picked":"FearNoEvil","floor":11.0},{"not_picked":["Crescendo","SandsOfTime"],"picked":"Vault","floor":12.0},{"not_picked":["ConjureBlade","SpiritShield"],"picked":"Blasphemy","floor":16.0},{"not_picked":["BowlingBash","JustLucky+1"],"picked":"Swivel","floor":18.0},{"not_picked":["FlyingSleeves","ThirdEye"],"picked":"AT_OneInchPunch+1","floor":19.0},{"not_picked":["SashWhip","FollowUp"],"picked":"FearNoEvil+1","floor":20.0},{"not_picked":["REME_WorshipGod","ThirdEye"],"picked":"JustLucky+1","floor":23.0},{"not_picked":["FlurryOfBlows+1","Replay:DivineShield"],"picked":"CarveReality+1","floor":24.0},{"not_picked":["JustLucky","Replay:Anticipation"],"picked":"Replay:ManipulateFuture+1","floor":25.0},{"not_picked":["FlyingSleeves","Adaptation"],"picked":"Worship","floor":28.0},{"not_picked":["JustLucky","Replay:Anticipation+1"],"picked":"Conclude+1","floor":30.0},{"not_picked":["REME_Repentance","InnerPeace"],"picked":"WreathOfFlame","floor":31.0},{"not_picked":["AT_RealColorLess","MasterReality"],"picked":"LessonLearned","floor":33.0},{"not_picked":["BowlingBash","Replay:AtTheReady"],"picked":"Crescendo","floor":35.0},{"not_picked":["PathToVictory+1","Sanctity"],"picked":"Consecrate","floor":37.0},{"not_picked":["Wireheading","ThirdEye"],"picked":"Worship","floor":38.0},{"not_picked":["Indignation","LikeWater+1"],"picked":"Tantrum+1","floor":39.0},{"not_picked":["Replay:ManipulateFuture+1","Halt"],"picked":"ClearTheMind+1","floor":40},{"not_picked":["Replay:AllIn","Protect+1"],"picked":"EmptyMind","floor":42},{"not_picked":["CutThroughFate","Sanctity"],"picked":"CrushJoints+1","floor":47},{"not_picked":["EmptyBody","Crescendo"],"picked":"AT_DivineConfetti+1","floor":48},{"not_picked":["FlyingSleeves+1","EmptyBody"],"picked":"AT_ChampionStep","floor":48},{"not_picked":["Replay:DivineShield","Tantrum"],"picked":"AT_DivineConfetti+1","floor":51},{"not_picked":["Evaluate","REME_EmptyShield"],"picked":"JustLucky+1","floor":51},{"not_picked":["FlyingSleeves","CutThroughFate+1"],"picked":"CrushJoints+1","floor":52},{"not_picked":["Weave","Prostrate"],"picked":"Replay:BluntJabs+1","floor":52},{"not_picked":["AT_RealFormLess","BowlingBash"],"picked":"Indignation+1","floor":56},{"not_picked":["Evaluate+1","EmptyBody+1"],"picked":"FollowUp+1","floor":56}],"player_experience":1434381,"relics_obtained":[{"floor":6.0,"key":"AT_LudenTempest"},{"floor":8.0,"key":"Iron Hammer"},{"floor":9.0,"key":"AT_BellowingDragoncrestRing"},{"floor":10.0,"key":"Nunchaku"},{"floor":12.0,"key":"AT_TimeSand"},{"floor":20.0,"key":"Red Mask"},{"floor":23.0,"key":"TeardropLocket"},{"floor":25.0,"key":"aspiration:FrozenJewel"},{"floor":28.0,"key":"Replay:Wax Seal"},{"floor":39.0,"key":"Prayer Wheel"},{"floor":40,"key":"Replay:Baseball"},{"floor":42,"key":"REME_LimitBreaker"},{"floor":43,"key":"Onion Ring"},{"floor":52,"key":"paleoftheancients:SoulOfTheWokeBloke"},{"floor":54,"key":"Pantograph"},{"floor":58,"key":"Gambling Chip"}],"event_choices":[{"damage_healed":0.0,"max_hp_gain":0.0,"max_hp_loss":0.0,"gold_gain":0.0,"event_name":"Masked Bandits","player_choice":"Fought Bandits","floor":20.0,"gold_loss":0.0,"damage_taken":0.0},{"damage_healed":0.0,"max_hp_gain":0.0,"max_hp_loss":0.0,"gold_gain":0.0,"event_name":"Vampires","player_choice":"Ignored","floor":22.0,"gold_loss":0.0,"damage_taken":0.0},{"damage_healed":0.0,"max_hp_gain":0.0,"max_hp_loss":0.0,"gold_gain":0.0,"cards_transformed":["Worship"],"event_name":"Transmorgrifier","player_choice":"Transformed","floor":29.0,"gold_loss":0.0,"damage_taken":0.0,"cards_obtained":["Adaptation"]},{"damage_healed":0.0,"max_hp_gain":0.0,"max_hp_loss":0.0,"gold_gain":0.0,"event_name":"The Woman in Blue","player_choice":"Bought 0 Potions","floor":36.0,"gold_loss":0.0,"damage_taken":0.0},{"damage_healed":0.0,"max_hp_gain":0.0,"max_hp_loss":0.0,"gold_gain":0.0,"event_name":"Mysterious Sphere","player_choice":"Fight","floor":39.0,"gold_loss":0.0,"damage_taken":0.0},{"damage_healed":0,"gold_gain":0,"player_choice":"Leave","damage_taken":0,"max_hp_gain":0,"max_hp_loss":0,"event_name":"conspire:Investor","floor":53,"gold_loss":0}],"is_beta":false,"boss_relics":[{"not_picked":["SacredBark","Velvet Choker"],"picked":"conspire:SpecialSausage"},{"not_picked":["aspiration:IroncladSkillbook","aspiration:SilentSkillbook"],"picked":"aspiration:PoetsPen_weak"}],"items_purged_floors":[14],"is_endless":false,"potions_floor_spawned":[4,8,12,18,20,23,30,31,33,35,37,47,51,52],"ascension_level":3}}