{"host":"g5ztulhog0otympt","time":1611166927,"event":{"mods":["AchievementEnabler","BaseMod","Downfall","Hermit","Minty Spire (QoL Compilation)","StSLib","The Cursed"],"gold_per_floor":[116,116,116,128,53,88,88,447,473,485,485,495,262,275,275,371,421,407,407,143,153,153,185,185,220,220,251,267,267,267,143,143,143,143],"floor_reached":33,"language":"ENG","playtime":838,"items_purged":["Regret","Injury"],"score":341,"play_id":"9df19a2c-de73-4b7e-8f29-f40bd6c48b35","local_time":"20210120202207","is_ascension_mode":true,"campfire_choices":[{"floor":7,"key":"REST"},{"floor":11,"key":"REST"},{"data":"Die Die Die","floor":15,"key":"SMITH"},{"floor":24,"key":"REST"},{"floor":30,"key":"REST"},{"floor":32,"key":"REST"}],"circlet_count":0,"master_deck":["Strike_G+1","Strike_G+1","Strike_G+1","Strike_G+1","Strike_G+1","Defend_G+1","Defend_G+1","Defend_G+1","Defend_G+1","Defend_G+1","Neutralize","Slice","Terror+1","CurseOfTheBell","Die Die Die+1","Caltrops","Dagger Spray","Cloak And Dagger+1","Dash","Blade Dance+1","Dramatic Entrance","Cloak And Dagger","A Thousand Cuts","Crippling Poison","All Out Attack","Backstab","PanicButton","Backstab","Caltrops+1"],"relics":["Ring of the Snake","Calling Bell","Juzu Bracelet","Paper Crane","FossilizedHelix","Oddly Smooth Stone","Meat on the Bone","Old Coin","Omamori","Lee\u0027s Waffle","Tiny House","Frozen Egg 2","Blue Candle","Bottled Tornado","Incense Burner","The Courier","War Paint"],"acts_visited":["Exordium","TheCity"],"potions_floor_usage":[23,25,25,27,33],"damage_taken":[{"damage":1,"enemies":"Cultist","floor":1,"turns":4},{"damage":0,"enemies":"Small Slimes","floor":4,"turns":3},{"damage":23,"enemies":"Lagavulin","floor":6,"turns":6},{"damage":36,"enemies":"3 Sentries","floor":8,"turns":6},{"damage":0,"enemies":"2 Louse","floor":10,"turns":1},{"damage":0,"enemies":"Looter","floor":12,"turns":3},{"damage":0,"enemies":"Exordium Wildlife","floor":14,"turns":1},{"damage":28,"enemies":"Slime Boss","floor":16,"turns":13},{"damage":4,"enemies":"2 Thieves","floor":18,"turns":4},{"damage":0,"enemies":"3 Byrds","floor":21,"turns":3},{"damage":23,"enemies":"Book of Stabbing","floor":23,"turns":5},{"damage":18,"enemies":"Gremlin Leader","floor":25,"turns":4},{"damage":14,"enemies":"Book of Stabbing","floor":27,"turns":4},{"damage":7,"enemies":"Snake Plant","floor":28,"turns":3},{"damage":99,"enemies":"Champ","floor":33,"turns":14}],"seed_played":"-2390974253033338168","potions_obtained":[{"floor":6,"key":"hexamod:SoulburnPotion"},{"floor":10,"key":"FearPotion"},{"floor":14,"key":"Swift Potion"},{"floor":17,"key":"DuplicationPotion"},{"floor":23,"key":"AttackPotion"},{"floor":28,"key":"hexamod:SoulburnPotion"}],"is_trial":false,"path_per_floor":["M","?","?","M","$","E","R","?","T","M","R","M","$","M","R","B",null,"M","?","$","M","?","E","R","E","T","E","M","?","R","$","R","B"],"character_chosen":"THE_SILENT","items_purchased":["Dramatic Entrance","Lee\u0027s Waffle","Backstab","PanicButton","War Paint"],"campfire_rested":5,"item_purchase_floors":[13,13,20,20,31],"current_hp_per_floor":[69,69,66,66,66,43,64,40,40,40,61,61,77,77,77,49,82,78,78,78,78,62,51,77,59,59,45,50,50,76,76,87,0,0],"gold":143,"neow_bonus":"TRANSFORM_CARD","is_daily":false,"chose_seed":false,"campfire_upgraded":1,"win_rate":0.0,"timestamp":1611166927,"path_taken":["M","?","?","M","$","E","R","?","T","M","R","M","$","M","R","BOSS","M","?","$","M","?","E","R","E","T","E","M","?","R","$","R","BOSS"],"items_purchased_type":["Card","Relic","Card","Card","Relic"],"build_version":"2020-12-22","purchased_purges":2,"victory":false,"max_hp_per_floor":[70,70,70,70,70,70,70,70,70,70,70,70,77,77,77,77,82,82,82,82,82,87,87,87,87,87,87,87,87,87,87,87,87,87],"card_choices":[{"not_picked":["Cloak And Dagger","Deadly Poison"],"picked":"Terror","floor":1},{"not_picked":["Deflect","Crippling Poison"],"picked":"Caltrops","floor":4},{"not_picked":["Sucker Punch","Glass Knife"],"picked":"Dagger Spray","floor":6},{"not_picked":["Reflex","Dagger Throw"],"picked":"Cloak And Dagger","floor":8},{"not_picked":["PiercingWail","Riddle With Holes"],"picked":"Dash","floor":10},{"not_picked":["Deflect","Predator"],"picked":"Blade Dance","floor":12},{"not_picked":["Acrobatics","Outmaneuver"],"picked":"Cloak And Dagger","floor":14},{"not_picked":["Burst","Storm of Steel"],"picked":"A Thousand Cuts","floor":16},{"not_picked":["Bane","Blur"],"picked":"Crippling Poison","floor":17},{"not_picked":["Underhanded Strike","Quick Slash"],"picked":"All Out Attack","floor":18},{"not_picked":["Leg Sweep+1","Underhanded Strike"],"picked":"Backstab","floor":21},{"not_picked":["Choke","Acrobatics+1"],"picked":"Caltrops+1","floor":23},{"not_picked":["Crippling Poison","Blade Dance","Backflip"],"picked":"SKIP","floor":25},{"not_picked":["Crippling Poison","Blur+1","Masterful Stab"],"picked":"SKIP","floor":27},{"not_picked":["Deflect","Bane","Finisher+1"],"picked":"SKIP","floor":28}],"player_experience":111751,"relics_obtained":[{"floor":2,"key":"Juzu Bracelet"},{"floor":2,"key":"Paper Crane"},{"floor":2,"key":"FossilizedHelix"},{"floor":6,"key":"Meat on the Bone"},{"floor":8,"key":"Old Coin"},{"floor":9,"key":"Omamori"},{"floor":23,"key":"Frozen Egg 2"},{"floor":25,"key":"Blue Candle"},{"floor":26,"key":"Bottled Tornado"},{"floor":27,"key":"Incense Burner"}],"event_choices":[{"damage_healed":0,"gold_gain":0,"player_choice":"Success","damage_taken":3,"relics_obtained":["Oddly Smooth Stone"],"max_hp_gain":0,"max_hp_loss":0,"event_name":"Scrap Ooze","floor":3,"gold_loss":0},{"damage_healed":0,"gold_gain":0,"player_choice":"Searched \u00271\u0027 times","damage_taken":0,"max_hp_gain":0,"max_hp_loss":0,"event_name":"Dead Adventurer","floor":8,"gold_loss":0},{"damage_healed":0,"gold_gain":0,"player_choice":"Simplicity","damage_taken":0,"max_hp_gain":0,"max_hp_loss":0,"event_name":"Back to Basics","floor":19,"gold_loss":0,"cards_upgraded":["Strike_G","Strike_G","Strike_G","Strike_G","Strike_G","Defend_G","Defend_G","Defend_G","Defend_G","Defend_G"]},{"damage_healed":0,"gold_gain":0,"player_choice":"Shed Blood","damage_taken":21,"max_hp_gain":5,"max_hp_loss":0,"event_name":"Forgotten Altar","floor":22,"gold_loss":0},{"damage_healed":0,"gold_gain":0,"player_choice":"Opened","damage_taken":0,"relics_obtained":["The Courier"],"max_hp_gain":0,"max_hp_loss":0,"event_name":"The Mausoleum","floor":29,"gold_loss":0,"cards_obtained":["Writhe"]}],"is_beta":false,"boss_relics":[{"not_picked":["Pandora\u0027s Box","SacredBark"],"picked":"Tiny House"}],"items_purged_floors":[5,20],"is_endless":false,"potions_floor_spawned":[6,10,14,18,23,28],"killed_by":"Champ","ascension_level":1}}