{"host":"w05x4i13f2m9joq1","time":1611182721,"event":{"mods":["Act Like it!","Bard","BaseMod","Better Altar","Better Match","Better Note","Better Sensory Stone","Better Skull","Better Third Choice","BetterRewards","Colored Map","Colored Powertips","Duelist Mod","GifTheSpireLib","Googly Eyes","Ironclad Rager","Lobotomy","LobotomyExtend","Marisa????????","Minty Spire (QoL Compilation)","Replay The Spire","Spire Birthday Party","StSLib","The Bug Knight","The Construct","The Hierophant","The IronCluck","The Mystic","TheBandit","everything is the same but u backflip on backflip","slay the spire mod where everything is the same but ironclad has a cowboy hat"],"gold_per_floor":[139,159,175,189,189,214,214,214,214,214,225,242,277,277,277,382,382,392,392,16,16,16,16,16,42,54,117,117,117,133,133,133,143,143,143,143],"floor_reached":35,"language":"ENG","playtime":1602,"items_purged":["theDuelist:SummoningCurse","theDuelist:ToonWorld+1"],"score":335,"play_id":"b49f06b4-2de7-428f-a1ad-0fab7856c03a","local_time":"20210120174521","is_ascension_mode":false,"campfire_choices":[{"floor":10,"key":"REST"},{"floor":15,"key":"REST"},{"floor":32,"key":"REST"},{"data":"theDuelist:ToonMagic","floor":34,"key":"SMITH"}],"circlet_count":0,"master_deck":["theDuelist:CastleWalls","theDuelist:MangaRyuRan","theDuelist:Sparks","theDuelist:Sparks","theDuelist:ToonAncientGear","theDuelist:ToonMermaid","theDuelist:ToonSummonedSkull","theDuelist:ToonDarkMagicianGirl","theDuelist:ToonMermaid","theDuelist:RedEyesToon","theDuelist:OrbMetronome","theDuelist:ToonAncientGear","theDuelist:ToonCannonSoldier+1","theDuelist:WingedKuriboh","theDuelist:ToonMagic+1","theDuelist:PotGenerosity+1","theDuelist:FlyingSaucer","theDuelist:ToonGeminiElf","theDuelist:ToonAncientGear","theDuelist:ToonAncientGear","theDuelist:RedEyesToon","theDuelist:ToonKingdom+1","theDuelist:ToonSummonedSkull","theDuelist:ToonDarkMagicianGirl+1","theDuelist:ToonMask"],"relics":["theDuelist:MillenniumPuzzle","theDuelist:CardPoolRelic","theDuelist:CardPoolBasicRelic","theDuelist:BoosterPackPoolRelic","theDuelist:CardPoolAddRelic","theDuelist:CardPoolMinusRelic","theDuelist:CardPoolSaveRelic","theDuelist:CardPoolOptionsRelic","LetterFromLob","theDuelist:MetronomeRelicD","Frozen Egg 2","Ornamental Fan","Sozu","theDuelist:MillenniumSymbol","theDuelist:CardRewardRelicH","Toxic Egg 2","theDuelist:PointPass","Replay:Bottled Snecko"],"acts_visited":["Exordium","TheCity"],"potions_floor_usage":[13,13,30],"damage_taken":[{"damage":7,"enemies":"2 Louse","floor":1,"turns":3},{"damage":1,"enemies":"Jaw Worm","floor":2,"turns":3},{"damage":4,"enemies":"Small Slimes","floor":3,"turns":3},{"damage":1,"enemies":"Looter","floor":4,"turns":3},{"damage":25,"enemies":"HollowMod:MossKnight","floor":6,"turns":5},{"damage":5,"enemies":"Blue Slaver","floor":11,"turns":4},{"damage":21,"enemies":"Large Slime","floor":12,"turns":5},{"damage":8,"enemies":"Gremlin Nob","floor":13,"turns":4},{"damage":17,"enemies":"The Guardian","floor":16,"turns":7},{"damage":15,"enemies":"3 Byrds","floor":18,"turns":4},{"damage":0,"enemies":"Gremlin Leader","floor":25,"turns":6},{"damage":22,"enemies":"Shell Parasite","floor":26,"turns":3},{"damage":37,"enemies":"Snake Plant","floor":30,"turns":5},{"damage":5,"enemies":"Shelled Parasite and Fungi","floor":33,"turns":5},{"damage":29,"enemies":"Pondfish","floor":35,"turns":9}],"seed_played":"-7525918192729951164","potions_obtained":[{"floor":1,"key":"ColorlessPotion"},{"floor":2,"key":"theDuelist:TokenPotionB"},{"floor":16,"key":"Explosive Potion"}],"is_trial":false,"path_per_floor":["M","M","M","M","?","E","?","?","T","R","M","M","E","?","R","B",null,"M","?","$","PTL","PTL","?","?","E","M","$","T","M","M","?","R","M","R_BF","B"],"character_chosen":"THE_DUELIST","items_purchased":["theDuelist:CardRewardRelicH","theDuelist:ToonAncientGear","theDuelist:PointPass","theDuelist:ToonSummonedSkull"],"campfire_rested":3,"item_purchase_floors":[20,20,27,27],"current_hp_per_floor":[73,72,68,67,67,42,42,42,42,66,61,40,32,58,80,63,80,65,65,65,65,65,65,65,65,43,43,43,43,6,6,30,25,25,0,0],"gold":143,"neow_bonus":"RANDOM_EVENT","is_daily":false,"chose_seed":false,"campfire_upgraded":1,"win_rate":0.0,"timestamp":1611182721,"path_taken":["M","M","M","M","?","E","?","?","T","R","M","M","E","?","R","BOSS","M","?","$","PTL","PTL","?","?","E","M","?","T","M","M","?","R","M","R_BF","BOSS"],"items_purchased_type":["Relic","Card","Relic","Card"],"build_version":"2020-12-22","purchased_purges":2,"victory":false,"max_hp_per_floor":[80,80,80,80,80,80,80,80,80,80,80,80,80,80,80,80,80,80,80,80,80,80,80,80,80,80,80,80,80,80,80,80,80,80,80,80],"card_choices":[{"not_picked":["theDuelist:ToonDarkMagician","theDuelist:ToonGeminiElf","theDuelist:ToonMaskedSorcerer","theDuelist:RainbowKuriboh"],"picked":"theDuelist:ToonDarkMagicianGirl","floor":1},{"not_picked":["theDuelist:ToonBarrelDragon","theDuelist:CheerfulCoffin","theDuelist:FlyingSaucer","theDuelist:SpellShatteringArrow"],"picked":"theDuelist:ToonMermaid","floor":2},{"not_picked":["theDuelist:SpellShatteringArrow","theDuelist:MangaRyuRan","theDuelist:ToonBarrelDragon","theDuelist:ComicHand"],"picked":"theDuelist:RedEyesToon","floor":3},{"not_picked":["theDuelist:SwordsConcealing","theDuelist:RainbowJar","theDuelist:SlotMachine","theDuelist:UltraPolymerization"],"picked":"theDuelist:OrbMetronome","floor":4},{"not_picked":["theDuelist:RedEyesToon","theDuelist:ToonBarrelDragon","theDuelist:FlyingSaucer","theDuelist:ToonDarkMagician"],"picked":"theDuelist:ToonAncientGear","floor":6},{"not_picked":["theDuelist:Wiseman","theDuelist:SphereKuriboh+1","theDuelist:PotAvarice","theDuelist:WormKing"],"picked":"theDuelist:WingedKuriboh","floor":11},{"not_picked":["theDuelist:AncientGearFist","theDuelist:ComicHand","theDuelist:TributeDoomed","theDuelist:GiantTrunade"],"picked":"theDuelist:ToonMagic","floor":12},{"not_picked":["theDuelist:FeatherShot","theDuelist:SwordsConcealing+1","theDuelist:HeartUnderdog+1"],"picked":"SKIP","floor":13},{"not_picked":["theDuelist:Blockman","theDuelist:Mathematician","theDuelist:ObeliskTormentor+1","theDuelist:Solidarity+1"],"picked":"theDuelist:PotGenerosity+1","floor":16},{"not_picked":["theDuelist:RedEyesToon","theDuelist:ToonAncientGear+1","theDuelist:ToonBarrelDragon","theDuelist:ToonSummonedSkull"],"picked":"theDuelist:FlyingSaucer","floor":18},{"not_picked":["theDuelist:ToonBarrelDragon","theDuelist:CheerfulCoffin+1","theDuelist:MangaRyuRan","theDuelist:ToonGoblin+1"],"picked":"theDuelist:RedEyesToon","floor":25},{"not_picked":["theDuelist:TrapHole+1","theDuelist:ToonBriefcase+1","theDuelist:ToonCannonSoldier+1"],"picked":"theDuelist:ToonKingdom+1","floor":26},{"not_picked":["theDuelist:MangaRyuRan+1","theDuelist:ToonMermaid+1","theDuelist:ToonAncientGear+1","theDuelist:ToonBarrelDragon+1"],"picked":"theDuelist:ToonDarkMagicianGirl+1","floor":30},{"not_picked":["theDuelist:MangaRyuRan","theDuelist:ToonMermaid","theDuelist:RedEyesToon+1","theDuelist:ToonBarrelDragon"],"picked":"theDuelist:ToonMask","floor":33}],"player_experience":98013,"relics_obtained":[{"floor":1,"key":"LetterFromLob"},{"floor":6,"key":"theDuelist:MetronomeRelicD"},{"floor":9,"key":"Frozen Egg 2"},{"floor":13,"key":"Ornamental Fan"},{"floor":25,"key":"Toxic Egg 2"},{"floor":28,"key":"Replay:Bottled Snecko"}],"event_choices":[{"damage_healed":0,"gold_gain":0,"player_choice":"Grow","damage_taken":0,"max_hp_gain":0,"max_hp_loss":0,"event_name":"Living Wall","floor":5,"gold_loss":0,"cards_upgraded":["theDuelist:ToonWorld"]},{"damage_healed":0,"gold_gain":0,"player_choice":"Leave","duelist":true,"damage_taken":0,"max_hp_gain":0,"max_hp_loss":0,"event_name":"Egyptian Village","floor":7,"gold_loss":0},{"damage_healed":26,"gold_gain":0,"player_choice":"Banana","damage_taken":0,"max_hp_gain":0,"max_hp_loss":0,"event_name":"Big Fish","floor":14,"gold_loss":0},{"damage_healed":0,"gold_gain":0,"player_choice":"Took item - Received: Millennium Symbol","duelist":true,"damage_taken":0,"max_hp_gain":0,"max_hp_loss":0,"event_name":"Millennium Items","floor":19,"gold_loss":0},{"damage_healed":0,"gold_gain":0,"player_choice":"Got Potions","damage_taken":0,"max_hp_gain":0,"max_hp_loss":0,"event_name":"Lab","floor":23,"gold_loss":0},{"damage_healed":0,"gold_gain":0,"player_choice":"Leave","duelist":true,"damage_taken":0,"max_hp_gain":0,"max_hp_loss":0,"event_name":"Relic Duplicator","floor":24,"gold_loss":0},{"damage_healed":0,"gold_gain":0,"player_choice":"Leave","duelist":true,"damage_taken":0,"max_hp_gain":0,"max_hp_loss":0,"event_name":"Battle City","floor":31,"gold_loss":0}],"is_beta":false,"boss_relics":[{"not_picked":["Tiny House","Astrolabe"],"picked":"Sozu"}],"items_purged_floors":[20,27],"is_endless":false,"potions_floor_spawned":[1,2,16,18,25],"killed_by":"Pondfish","ascension_level":0}}