{"host":"yd6hhqps9de4qmof","time":1611163596,"event":{"mods":["BaseMod","Downfall","Hermit","Highlight Path","Jorbs\u0027s Wanderer Trilogy","Minty Spire (QoL Compilation)","Relic Stats","Shade Mod","StSLib","The Cursed","The Servant 0.9.4"],"gold_per_floor":[99,114,134,151,151,179,179,194,210,210,236,256,17,42,52,150,150,150,164,175,122,122,22,22,57,86,114,114,114,24,52,66,170,170,170,198,207,253,66,66,113,113,113,113],"floor_reached":42,"language":"ENG","playtime":1916,"items_purged":["bronze:Strike"],"score":501,"play_id":"040826d7-9fbb-4456-9c8f-0d4d6a68da44","local_time":"20210120182636","is_ascension_mode":true,"campfire_choices":[{"data":"bronze:Replicate","floor":1,"key":"SMITH"},{"floor":10,"key":"REST"},{"floor":18,"key":"RECALL"},{"data":"bronze:ChosenStrike","floor":23,"key":"SMITH"},{"data":"bronze:HardenedForm","floor":35,"key":"SMITH"}],"circlet_count":0,"master_deck":["bronze:Strike","bronze:Defend","bronze:Defend","bronze:Defend","bronze:Defend","bronze:Replicate+1","bronze:Goto","bronze:ChosenStrike+1","bronze:CutThrough","bronze:OilSpill","bronze:Repair","bronze:DelayedSlice","bronze:WildBeam","bronze:Repair","bronze:Constructor","bronze:Separator","bronze:HardenedForm+1","bronze:WhirlingStrike","bronze:ChildClass","bronze:TinkerersToolbox","bronze:DigitalCarnage+1","bronze:Overheat+1","bronze:Overload","bronze:Mutator","bronze:FineTuning+1","bronze:RecursiveStrike","bronze:Iterate+1","expansioncontent:DashGenerateEvil"],"relics":["bronze:PlatinumCore","Boot","Pantograph","Toy Ornithopter","Turnip","Odd Mushroom","Black Star","downfall:HeartBlessingRed","Bird Faced Urn","CeramicFish","Du-Vu Doll","Shovel","bronze:SilverBullet","OrangePellets","Vajra"],"acts_visited":["Exordium","TheCity","TheBeyond"],"potions_floor_usage":[11,11,16,20,25,26,29,31,32,33,33,38,42],"damage_taken":[{"damage":2,"enemies":"Small Slimes","floor":2,"turns":4},{"damage":1,"enemies":"Cultist","floor":3,"turns":3},{"damage":3,"enemies":"Jaw Worm","floor":4,"turns":3},{"damage":13,"enemies":"Gremlin Nob","floor":6,"turns":4},{"damage":13,"enemies":"Exordium Wildlife","floor":8,"turns":4},{"damage":6,"enemies":"Large Slime","floor":9,"turns":4},{"damage":19,"enemies":"Lagavulin","floor":11,"turns":5},{"damage":3,"enemies":"Red Slaver","floor":12,"turns":3},{"damage":1,"enemies":"downfall:FleeingMerchant","floor":13,"turns":4},{"damage":0,"enemies":"The Mushroom Lair","floor":14,"turns":2},{"damage":0,"enemies":"Exordium Wildlife","floor":15,"turns":3},{"damage":30,"enemies":"IC_STATUS_ARCHETYPE","floor":16,"turns":6},{"damage":12,"enemies":"Shell Parasite","floor":19,"turns":4},{"damage":5,"enemies":"Snake Plant","floor":20,"turns":3},{"damage":0,"enemies":"downfall:FleeingMerchant","floor":21,"turns":4},{"damage":0,"enemies":"Gremlin Leader","floor":25,"turns":5},{"damage":38,"enemies":"Snecko","floor":26,"turns":5},{"damage":0,"enemies":"Centurion and Healer","floor":27,"turns":5},{"damage":20,"enemies":"downfall:FleeingMerchant","floor":30,"turns":4},{"damage":0,"enemies":"Cultist and Chosen","floor":31,"turns":4},{"damage":13,"enemies":"Shelled Parasite and Fungi","floor":32,"turns":2},{"damage":37,"enemies":"WA_ARCHETYPE_CALM","floor":33,"turns":7},{"damage":9,"enemies":"Orb Walker","floor":36,"turns":3},{"damage":65,"enemies":"2 Orb Walkers","floor":38,"turns":5},{"damage":0,"enemies":"downfall:FleeingMerchant","floor":39,"turns":3},{"damage":50,"enemies":"Nemesis","floor":42,"turns":2}],"seed_played":"5570157337198843864","potions_obtained":[{"floor":2,"key":"Dexterity Potion"},{"floor":6,"key":"Slimebound:ThreeZeroPotion"},{"floor":8,"key":"LiquidBronze"},{"floor":12,"key":"Regen Potion"},{"floor":16,"key":"AttackPotion"},{"floor":20,"key":"hexamod:SoulburnPotion"},{"floor":26,"key":"Swift Potion"},{"floor":29,"key":"Fruit Juice"},{"floor":29,"key":"Dexterity Potion"},{"floor":31,"key":"LiquidBronze"},{"floor":33,"key":"sneckomod:MuddlingPotion"},{"floor":36,"key":"Fire Potion"}],"is_trial":false,"path_per_floor":["R","M","M","M","?","E","T","M","M","R","E","M","$","?","M","B",null,"R","M","M","$","?","R","T","E","M","M","?","?","$","M","M","B",null,"R","M","?","?","$","?","T","E"],"character_chosen":"THE_AUTOMATON","items_purchased":["bronze:Repair","bronze:Constructor","bronze:Separator","PowerPotion","bronze:ChildClass","bronze:SilverBullet","expansioncontent:DashGenerateEvil","Regen Potion","OrangePellets"],"campfire_rested":1,"item_purchase_floors":[13,13,13,13,21,39,39,39,39],"current_hp_per_floor":[70,68,67,64,64,51,51,38,32,53,51,55,61,68,70,40,70,70,65,65,70,70,70,70,70,53,69,69,75,55,60,52,51,75,75,66,66,20,34,34,34,0,0,0],"gold":113,"neow_bonus":"RANDOM_COMMON_RELIC","is_daily":false,"chose_seed":false,"campfire_upgraded":3,"win_rate":0.0,"timestamp":1611163596,"path_taken":["R","M","M","M","?","E","T","M","M","R","E","?","?","?","M","BOSS","R","M","M","$","?","R","T","E","M","M","?","?","$","M","M","BOSS","R","M","?","?","?","?","T","E"],"items_purchased_type":["Card","Card","Card","Potion","Card","Relic","Card","Potion","Relic"],"build_version":"2020-12-22","purchased_purges":1,"victory":false,"max_hp_per_floor":[70,70,70,70,70,70,70,70,70,70,70,70,70,70,70,70,70,70,70,70,70,70,70,70,70,70,70,70,75,75,75,75,75,75,75,75,75,75,75,75,75,75,75,75],"relic_stats":{"OrangePellets":[0],"Shovel":0,"counters":[26,101],"Pantograph":23,"Bird Faced Urn":[2],"CeramicFish":81,"Turnip":[8],"Black Star":1,"Boot":[200],"obtain_stats":[{"bronze:PlatinumCore":34,"bronze:BronzeCore":0,"downfall:HeartBlessingRed":23,"CeramicFish":25,"Vajra":41,"Odd Mushroom":14,"Boot":0,"Du-Vu Doll":25,"OrangePellets":39,"Shovel":38,"Pantograph":6,"Bird Faced Urn":24,"Turnip":11,"Black Star":17,"bronze:SilverBullet":39,"Toy Ornithopter":7},{"bronze:PlatinumCore":22,"bronze:BronzeCore":0,"downfall:HeartBlessingRed":15,"CeramicFish":16,"Vajra":25,"Odd Mushroom":10,"Boot":0,"Du-Vu Doll":16,"OrangePellets":25,"Shovel":24,"Pantograph":4,"Bird Faced Urn":15,"Turnip":7,"Black Star":12,"bronze:SilverBullet":25,"Toy Ornithopter":4},{"bronze:PlatinumCore":88,"bronze:BronzeCore":0,"downfall:HeartBlessingRed":56,"CeramicFish":61,"Vajra":99,"Odd Mushroom":36,"Boot":0,"Du-Vu Doll":61,"OrangePellets":99,"Shovel":96,"Pantograph":14,"Bird Faced Urn":56,"Turnip":27,"Black Star":45,"bronze:SilverBullet":99,"Toy Ornithopter":14}],"Toy Ornithopter":36},"card_choices":[{"not_picked":["bronze:FineTuning","bronze:Frontload"],"picked":"bronze:ChosenStrike","floor":2},{"not_picked":["bronze:Frontload","bronze:Turbo"],"picked":"bronze:CutThrough","floor":3},{"not_picked":["bronze:Invalidate","bronze:Backtrace","bronze:ItsAFeature"],"picked":"SKIP","floor":4},{"not_picked":["bronze:CutThrough","bronze:Terminator","bronze:BugBarrage"],"picked":"SKIP","floor":6},{"not_picked":["bronze:Philosophize","bronze:Safeguard"],"picked":"bronze:OilSpill","floor":8},{"not_picked":["bronze:Backtrace","bronze:WhirlingStrike"],"picked":"bronze:Repair","floor":9},{"not_picked":["bronze:BitShift","bronze:CutThrough"],"picked":"bronze:DelayedSlice","floor":11},{"not_picked":["bronze:Turbo","bronze:DelayedSlice"],"picked":"bronze:WildBeam","floor":12},{"not_picked":["bronze:ChildClass","bronze:DelayedSlice","bronze:Return"],"picked":"SKIP","floor":13},{"not_picked":["bronze:Philosophize","bronze:Repulsor","bronze:BuggyMess"],"picked":"SKIP","floor":15},{"not_picked":["bronze:Hardcode","bronze:Virus"],"picked":"bronze:HardenedForm","floor":16},{"not_picked":["bronze:WildBeam","bronze:ForLoop","bronze:Fortify"],"picked":"SKIP","floor":19},{"not_picked":["bronze:OilSpill","bronze:CloningBeam","bronze:CutThrough"],"picked":"SKIP","floor":20},{"not_picked":["bronze:Allocate","bronze:NullPointer"],"picked":"bronze:WhirlingStrike","floor":21},{"not_picked":["bronze:Shield","bronze:ThunderWave"],"picked":"bronze:TinkerersToolbox","floor":25},{"not_picked":["bronze:BuggyMess+1","bronze:WildBeam"],"picked":"bronze:DigitalCarnage+1","floor":26},{"not_picked":["bronze:Virus","bronze:Repair"],"picked":"bronze:Overheat+1","floor":27},{"not_picked":["bronze:Shell","bronze:Allocate","bronze:Constructor"],"picked":"SKIP","floor":30},{"not_picked":["bronze:Return","bronze:BuggyMess"],"picked":"bronze:Overload","floor":31},{"not_picked":["bronze:FineTuning","bronze:NullPointer","bronze:CutThrough"],"picked":"SKIP","floor":32},{"not_picked":["bronze:ThunderWave","bronze:Hardcode"],"picked":"bronze:Mutator","floor":33},{"not_picked":["bronze:Terminator+1","bronze:BitShift+1"],"picked":"bronze:FineTuning+1","floor":36},{"not_picked":["bronze:ForLoop+1","bronze:ItsAFeature+1"],"picked":"bronze:Iterate+1","floor":39}],"player_experience":1157302,"relics_obtained":[{"floor":6,"key":"Pantograph"},{"floor":7,"key":"Toy Ornithopter"},{"floor":11,"key":"Turnip"},{"floor":14,"key":"Odd Mushroom"},{"floor":24,"key":"Bird Faced Urn"},{"floor":25,"key":"CeramicFish"},{"floor":25,"key":"Du-Vu Doll"},{"floor":38,"key":"Shovel"},{"floor":41,"key":"Vajra"}],"event_choices":[{"cards_removed":["bronze:Strike"],"damage_healed":0,"gold_gain":0,"player_choice":"Offered Basic","damage_taken":0,"max_hp_gain":0,"max_hp_loss":0,"event_name":"Bonfire Elementals","floor":5,"gold_loss":0},{"damage_healed":0,"gold_gain":0,"player_choice":"Fought Mushrooms","damage_taken":0,"max_hp_gain":0,"max_hp_loss":0,"event_name":"Mushrooms","floor":14,"gold_loss":0},{"damage_healed":0,"gold_gain":0,"player_choice":"Read","damage_taken":0,"max_hp_gain":0,"max_hp_loss":0,"event_name":"The Library","floor":22,"gold_loss":0,"cards_obtained":["bronze:Iterate"]},{"damage_healed":0,"gold_gain":0,"player_choice":"Ignored","damage_taken":0,"max_hp_gain":0,"max_hp_loss":0,"event_name":"Vampires","floor":28,"gold_loss":0},{"damage_healed":0,"gold_gain":0,"player_choice":"Got Potions","damage_taken":0,"max_hp_gain":0,"max_hp_loss":0,"event_name":"Lab","floor":29,"gold_loss":0},{"damage_healed":0,"gold_gain":0,"player_choice":"Fight","damage_taken":0,"max_hp_gain":0,"max_hp_loss":0,"event_name":"Mysterious Sphere","floor":38,"gold_loss":0},{"cards_removed":["bronze:Iterate"],"damage_healed":0,"gold_gain":0,"player_choice":"Removed Attack","damage_taken":0,"max_hp_gain":0,"max_hp_loss":0,"event_name":"Falling","floor":40,"gold_loss":0}],"is_beta":false,"boss_relics":[{"not_picked":["Runic Dome","Velvet Choker"],"picked":"Black Star"},{"not_picked":["Busted Crown","Calling Bell"],"picked":"bronze:PlatinumCore"}],"items_purged_floors":[30],"is_endless":false,"potions_floor_spawned":[2,6,8,12,16,19,20,26,31,33,36],"killed_by":"Nemesis","ascension_level":1}}