{"host":"appz8zkad29u9482","time":1611129383,"event":{"mods":["2.2 Compatiblity","Act Like it!","Aspiration","BaseMod","Beaked The Cultist","Better Altar","Better Match","Better Note","Better Sensory Stone","Better Skull","Better Third Choice","BetterRewards","CapriCore","Chen","Conspire","Disable Question Mark Monsters","Energized Spire","Gensokyo","GifTheSpireLib","Gold Saver","Halation","Hermit","Hubris","Infinite Spire","Jedi Mod","Lobotomy","LobotomyExtend","Marisa????????","Minty Spire (QoL Compilation)","Permanent Neow","Reimu??????","Replay The Spire","Spicy Shops","StSLib","Strawberry Spire","Stuff the Spire","The Administrix","The Bug Knight","The Construct","The Cursed","The Hierophant","The Immortal","The Servant 0.9.4","yUi"],"gold_per_floor":[265,265,265,289,299,299,299,310,357,429,429,36,36,36,36,36,36,36,36,36,36,36,36,0,0,0,0,0,0,0,0,0,0,0,0,0,0,45,59,59,94,94,117,117,129,139,157,221,221,221],"floor_reached":51,"language":"ENG","playtime":2342,"items_purged":["Regret","Injury"],"score":806,"play_id":"71b3e4d0-1348-433a-a9d3-1af59d35e893","local_time":"20210119215623","is_ascension_mode":true,"campfire_choices":[{"data":"ReplayTheSpireMod:Brewmster","floor":6,"key":"SMITH"},{"data":"MokouMod:ResonatingAura","floor":11,"key":"SMITH"},{"data":"MokouMod:HeatSpark","floor":23,"key":"SMITH"},{"data":"MokouMod:ExplosiveFlame","floor":25,"key":"SMITH"},{"floor":32,"key":"REST"},{"data":"MokouMod:PhoenixForm","floor":40,"key":"SMITH"},{"floor":44,"key":"REST"},{"floor":49,"key":"REST"}],"circlet_count":0,"master_deck":["MokouMod:Strike","MokouMod:Strike","MokouMod:Strike","MokouMod:Strike","MokouMod:Strike","MokouMod:Defend","MokouMod:Defend","MokouMod:HeatSpark+1","ReplayTheSpireMod:Brewmster+1","MokouMod:AdaptivePyromancy+1","MokouMod:InfernalWave+1","MokouMod:Scorch+1","MokouMod:ResonatingAura+1","StuffTheSpire:Rapture+1","MokouMod:ExplosiveFlame+1","MokouMod:Rebirth+1","MokouMod:HeatCyclone+1","MokouMod:InfernalWave+1","MokouMod:PhoenixForm+1","MokouMod:Geothermal+1","MokouMod:AdaptivePyromancy+1","MokouMod:Scorch+1","MokouMod:BurningHiddenBullet+1","MokouMod:RisingSunBarrier+1","MokouMod:Ember+1"],"relics":["MokouMod:PhoenixFeather","LetterFromLob","Molten Egg 2","infinitespire:ShieldingShard","aspiration:EmptySkull","jedi:ominousloannote","hubris:EmptyBottle","Chameleon Ring","StuffTheSpire:RunicConfusion","Heaven_r","MagicBullet_r","Gaze_r","hubris:Icosahedron","betterAltar:BloodRelic","jedi:maincommand","Bloody Idol","aspiration:PoetsPen_weak","halation:PapillonHeart","Juzu Bracelet","Potion Belt","aspiration:Lifesprig"],"acts_visited":["Exordium","TheCity","TheBeyond"],"potions_floor_usage":[16,16,16,16,16,16,16,16,18,18,18,18,18,18,31,31,33,33,33,33,33,33,33,33,33,33,33,33,35,35,35,35,37,41,41,41,41,41,50,50,50,50,50,50,50,50,50,50],"damage_taken":[{"damage":6,"enemies":"Cultist","floor":1,"turns":4},{"damage":8,"enemies":"Small Slimes","floor":5,"turns":4},{"damage":0,"enemies":"2 Louse","floor":8,"turns":2},{"damage":74,"enemies":"The Guardian","floor":16,"turns":7},{"damage":39,"enemies":"Shell Parasite","floor":18,"turns":3},{"damage":4,"enemies":"Shell Parasite","floor":18,"turns":2},{"damage":6,"enemies":"Shell Parasite","floor":19,"turns":3},{"damage":11,"enemies":"2 Thieves","floor":24,"turns":3},{"damage":6,"enemies":"Centurion and Healer","floor":28,"turns":7},{"damage":2,"enemies":"Chosen and Byrds","floor":31,"turns":4},{"damage":27,"enemies":"Champ","floor":33,"turns":9},{"damage":18,"enemies":"3 Darklings","floor":35,"turns":3},{"damage":2,"enemies":"Orb Walker","floor":39,"turns":2},{"damage":46,"enemies":"beaked:SuperParasite","floor":41,"turns":5},{"damage":17,"enemies":"Maw","floor":45,"turns":5},{"damage":16,"enemies":"3 Darklings","floor":46,"turns":4},{"damage":7,"enemies":"Spire Growth","floor":47,"turns":3},{"damage":40,"enemies":"conspire:OrnateMirror","floor":50,"turns":4}],"seed_played":"6688611583573897833","potions_obtained":[{"floor":5,"key":"FearPotion"},{"floor":8,"key":"FearPotion"},{"floor":19,"key":"Energy Potion"},{"floor":41,"key":"jedi:holywater"},{"floor":46,"key":"Explosive Potion"},{"floor":48,"key":"Ancient Potion"}],"is_trial":false,"path_per_floor":["M","?","?","T","M","R","?","M","T","$","R","$","?","?","R","B",null,"M","M","?","?","?","R","M","R","T","?","M","$","?","M","R","B",null,"M","?","?","?","M","R","E","?","T","R","M","M","M","?","R","B",null],"character_chosen":"MKU","items_purchased":["MokouMod:ResonatingAura","jedi:ominousloannote","hubris:EmptyBottle","Chameleon Ring"],"campfire_rested":3,"item_purchase_floors":[10,10,12,12],"current_hp_per_floor":[48,48,70,70,62,62,62,62,62,62,62,62,62,62,75,1,75,30,24,49,49,49,49,38,38,38,18,69,69,27,29,51,28,75,62,62,62,67,71,71,30,30,35,56,49,43,46,34,55,20],"gold":221,"neow_bonus":"RANDOM_COLORLESS_2","is_daily":false,"chose_seed":false,"campfire_upgraded":5,"win_rate":0.0,"timestamp":1611129383,"path_taken":["M","?","?","?","?","R","?","?","T","$","R","$","?","?","R","BOSS","M","M","?","?","?","R","M","R","T","?","?","?","?","?","R","BOSS","M","?","?","?","?","R","E","?","T","R","M","M","M","?","R","BOSS"],"items_purchased_type":["Card","Relic","Relic","Relic"],"build_version":"2020-12-22","purchased_purges":2,"victory":true,"max_hp_per_floor":[75,75,75,75,75,75,75,75,75,75,75,75,75,75,75,75,75,75,75,75,75,75,75,75,75,75,75,75,75,75,75,75,75,75,75,75,71,71,71,71,71,71,71,71,71,71,71,71,71,71],"card_choices":[{"not_picked":["ReplayUltimateDefense","jedi:cleanse"],"picked":"ReplayTheSpireMod:Brewmster","floor":0},{"not_picked":["MokouMod:BlazingComet","MokouMod:FlamingFireTalons"],"picked":"MokouMod:AdaptivePyromancy","floor":1},{"not_picked":["MokouMod:HeatTransfer","MokouMod:ResoluteFlare+1"],"picked":"MokouMod:InfernalWave+1","floor":5},{"not_picked":["MokouMod:IndiscriminateIgnition","MokouMod:CrimsonFlare+1"],"picked":"MokouMod:Scorch+1","floor":8},{"not_picked":["StuffTheSpire:Vigor","StuffTheSpire:Brawn"],"picked":"StuffTheSpire:Rapture","floor":13},{"not_picked":["MokouMod:SearingBlow+1","MokouMod:ResonatingAura"],"picked":"MokouMod:Rebirth","floor":16},{"not_picked":["MokouMod:Cataclysm+1","MokouMod:Sear"],"picked":"MokouMod:HeatCyclone+1","floor":19},{"not_picked":["MokouMod:IndiscriminateIgnition","MokouMod:Ember+1"],"picked":"MokouMod:InfernalWave+1","floor":24},{"not_picked":["MokouMod:FlickeringFlame+1","MokouMod:ResoluteFlare+1"],"picked":"MokouMod:PhoenixForm","floor":28},{"not_picked":["MokouMod:Cataclysm+1","MokouMod:PhoenixFeathers+1","MokouMod:ImperishableFlame+1"],"picked":"SKIP","floor":31},{"not_picked":["MokouMod:BurningHiddenBullet+1","MokouMod:ExplosiveFlame"],"picked":"MokouMod:Geothermal+1","floor":33},{"not_picked":["MokouMod:Stoke","MokouMod:HeatTransfer","MokouMod:Trailblazer+1"],"picked":"SKIP","floor":35},{"not_picked":["MokouMod:ScorchingColumn+1","MokouMod:EternalBurstReactor+1"],"picked":"MokouMod:AdaptivePyromancy+1","floor":39},{"not_picked":["MokouMod:BlazingComet+1","MokouMod:FlamingFireTalons+1"],"picked":"MokouMod:Scorch+1","floor":41},{"not_picked":["MokouMod:Trailblazer+1","MokouMod:AdaptivePyromancy+1"],"picked":"MokouMod:BurningHiddenBullet+1","floor":45},{"not_picked":["MokouMod:ImperishableFlame+1","MokouMod:SearingShot+1","MokouMod:HeatFactory+1"],"picked":"SKIP","floor":46},{"not_picked":["MokouMod:Ember+1","MokouMod:HeatFactory+1"],"picked":"MokouMod:RisingSunBarrier+1","floor":47},{"not_picked":["MokouMod:Meltdown+1","MokouMod:EternalBurstReactor+1"],"picked":"MokouMod:Ember+1","floor":48}],"player_experience":571831,"relics_obtained":[{"floor":1,"key":"LetterFromLob"},{"floor":4,"key":"conspire:TopHat"},{"floor":9,"key":"aspiration:EmptySkull"},{"floor":26,"key":"Blood Vial"},{"floor":41,"key":"jedi:command_common"},{"floor":43,"key":"jedi:command_common"},{"floor":48,"key":"jedi:command_common"}],"event_choices":[{"damage_healed":0,"gold_gain":0,"player_choice":"Box","damage_taken":0,"relics_obtained":["infinitespire:ShieldingShard"],"max_hp_gain":0,"max_hp_loss":0,"event_name":"Big Fish","floor":7,"gold_loss":0,"cards_obtained":["Regret"]},{"damage_healed":0,"gold_gain":0,"cards_transformed":["MokouMod:Defend"],"player_choice":"Transformed","damage_taken":0,"max_hp_gain":0,"max_hp_loss":0,"event_name":"Transmorgrifier","floor":14,"gold_loss":0,"cards_obtained":["MokouMod:ExplosiveFlame"]},{"damage_healed":25,"gold_gain":0,"player_choice":"Heal","damage_taken":0,"max_hp_gain":0,"max_hp_loss":0,"event_name":"The Library","floor":20,"gold_loss":0},{"damage_healed":0,"gold_gain":0,"player_choice":"Ignored","damage_taken":0,"max_hp_gain":0,"max_hp_loss":0,"event_name":"Ghosts","floor":21,"gold_loss":0},{"damage_healed":0,"gold_gain":0,"player_choice":" RottenVial Idol ","damage_taken":42,"relics_obtained":["betterAltar:BloodRelic","Bloody Idol"],"max_hp_gain":69,"max_hp_loss":27,"event_name":"betterAltar:BetterAltar","floor":30,"potions_obtained":[],"relics_lost":["Blood Vial"],"gold_loss":0},{"damage_healed":0,"gold_gain":0,"player_choice":"Leave","damage_taken":0,"max_hp_gain":0,"max_hp_loss":0,"event_name":"conspire:Investor","floor":36,"gold_loss":0},{"damage_healed":0,"gold_gain":100,"player_choice":"Pray","damage_taken":0,"max_hp_gain":0,"max_hp_loss":0,"event_name":"Golden Shrine","floor":38,"gold_loss":0},{"cards_removed":["MokouMod:Defend"],"damage_healed":0,"gold_gain":0,"player_choice":"Removed Skill","damage_taken":0,"max_hp_gain":0,"max_hp_loss":0,"event_name":"Falling","floor":42,"gold_loss":0}],"is_beta":false,"boss_relics":[{"not_picked":["Empty Cage","hubris:HollowSoul"],"picked":"StuffTheSpire:RunicConfusion"},{"not_picked":["jedi:command_boss","jedi:command_boss"],"picked":"jedi:command_boss"}],"items_purged_floors":[10,10],"is_endless":false,"potions_floor_spawned":[5,8,18,19,33,41,46],"ascension_level":4}}