{"host":"9jkzatiwan7o33sr","time":1611106401,"event":{"mods":["A Magickal Journey","AchievementEnabler","Act Like it!","Aspiration","BaseMod","Colored Map","Colored Powertips","Conspire","Downfall","Duelist Mod","GifTheSpireLib","Hallownest","Hermit","Hubris","Infinite Spire","Marisa????????","Mimic Mod","Minty Spire (QoL Compilation)","StSLib","Stuff the Spire","Td1madao Mod","The Animator","The Bug Knight","The Construct","The Cursed","The Disciple","The Elementalist","The Factory","The Hierophant","The Jungle","The Mystic","The Necromancer","The Poker Player","The Runesmith","The Servant 0.9.4","The Witch","[IsaacMod]????"],"gold_per_floor":[116,136,33,33,46,46,46,46,46,46,63,95,107,150,162,279,291,323,335,365,377,389,401,463,463],"floor_reached":24,"language":"ENG","playtime":1522,"items_purged":[],"score":227,"play_id":"b4819d0c-f244-4b0f-9b75-9b0ca05d4441","local_time":"20210120023321","is_ascension_mode":false,"campfire_choices":[{"data":"Demon Form","floor":6,"key":"SMITH"},{"data":"Armaments","floor":8,"key":"SMITH"},{"data":"Pommel Strike","floor":10,"key":"SMITH"},{"data":"Bash","floor":13,"key":"SMITH"},{"data":"Disarm","floor":15,"key":"SMITH"},{"data":"Juggernaut","floor":23,"key":"SMITH"}],"circlet_count":0,"master_deck":["Strike_R","Strike_R","Strike_R","Strike_R","Strike_R","Defend_R","Defend_R","Defend_R","Defend_R","Bash+1","Demon Form+1","Pommel Strike+1","Twin Strike","Armaments+1","Flex","Disarm+1","Clash","Juggernaut+1"],"relics":["Burning Blood","HushsDoor","DeathBook","StuffTheSpire:ForceGauntlet","MawBank","hubris:MobiusCoin","aspiration:RitualDagger","aspiration:RitualStick"],"acts_visited":["Exordium","TheCity"],"potions_floor_usage":[24],"damage_taken":[{"damage":4,"enemies":"2 Louse","floor":1,"turns":4},{"damage":3,"enemies":"Jaw Worm","floor":2,"turns":4},{"damage":8,"enemies":"Small Slimes","floor":5,"turns":3},{"damage":5,"enemies":"Blue Slaver","floor":11,"turns":5},{"damage":0,"enemies":"3 Sentries","floor":12,"turns":2},{"damage":27,"enemies":"Lagavulin","floor":14,"turns":6},{"damage":24,"enemies":"Hexaghost","floor":16,"turns":8},{"damage":47,"enemies":"Shell Parasite","floor":18,"turns":8},{"damage":42,"enemies":"2 Thieves","floor":20,"turns":5},{"damage":72,"enemies":"Slavers","floor":24,"turns":4}],"seed_played":"4520734739996297038","potions_obtained":[{"floor":1,"key":"conspire:TimeTravelPotion"},{"floor":2,"key":"bronze:BurnAndBuffPotion"},{"floor":11,"key":"ColorlessPotion"},{"floor":12,"key":"ColorlessPotion"},{"floor":16,"key":"Guardian:BlockOnCardUsePotion"}],"is_trial":false,"path_per_floor":["M","M","$","?","M","R","$","R","T","R","M","E","R","E","R","B",null,"M","?","M","?","?","R","E"],"character_chosen":"IRONCLAD","items_purchased":["Armaments","Flex"],"campfire_rested":0,"item_purchase_floors":[3,3],"current_hp_per_floor":[80,80,80,80,78,78,78,78,78,78,79,80,80,59,59,41,80,39,23,75,75,78,78,15,15],"gold":463,"neow_bonus":"ONE_RANDOM_RARE_CARD","is_daily":false,"chose_seed":false,"campfire_upgraded":6,"win_rate":0.0,"timestamp":1611106401,"path_taken":["M","M","$","?","M","R","$","R","T","R","M","E","R","E","R","BOSS","M","?","M","?","?","R","E"],"items_purchased_type":["Card","Card"],"build_version":"2020-12-22","purchased_purges":0,"victory":false,"max_hp_per_floor":[80,80,80,80,80,80,80,80,80,80,80,80,80,80,80,80,80,80,80,80,80,83,83,83,83],"card_choices":[{"not_picked":["infinitespire:OneForAll","Bomb"],"picked":"Pommel Strike","floor":1},{"not_picked":["Body Slam","Fire Breathing"],"picked":"Twin Strike","floor":2},{"not_picked":["StuffTheSpire:RockThrow","Sentinel"],"picked":"Disarm","floor":5},{"not_picked":["Body Slam","Anger","Searing Blow"],"picked":"SKIP","floor":11},{"not_picked":["Impervious","Searing Blow"],"picked":"Clash","floor":12},{"not_picked":["Power Through","StuffTheSpire:Incineration","Warcry"],"picked":"SKIP","floor":14},{"not_picked":["Reaper","Impervious"],"picked":"Juggernaut","floor":16},{"not_picked":["Second Wind","Intimidate+1","StuffTheSpire:RockThrow"],"picked":"SKIP","floor":18},{"not_picked":["StuffTheSpire:Slingshot","Feel No Pain","Anger"],"picked":"SKIP","floor":20}],"player_experience":590345,"relics_obtained":[{"floor":9,"key":"StuffTheSpire:ForceGauntlet"},{"floor":12,"key":"MawBank"},{"floor":14,"key":"hubris:MobiusCoin"}],"event_choices":[{"damage_healed":0,"gold_gain":0,"player_choice":"Leave","damage_taken":0,"max_hp_gain":0,"max_hp_loss":0,"event_name":"conspire:Investor","floor":4,"gold_loss":0}],"is_beta":false,"boss_relics":[{"not_picked":["Sozu","infinitespire:Cupcake"],"picked":"aspiration:RitualDagger"},{"not_picked":[]}],"items_purged_floors":[],"is_endless":false,"potions_floor_spawned":[1,2,11,12,16,20],"killed_by":"Slavers","ascension_level":0}}