{"host":"luggkjkcl69096c9","time":1611126168,"event":{"mods":["AchievementEnabler","BaseMod","Colored Map","Colored Powertips","Highlight Path","Minty Spire (QoL Compilation)","Quick Restart","StSLib","SuperFastMode"],"gold_per_floor":[119,119,66,66,66,66,95,95,95,95,112,112,125,138,138,234,234,249,174,174,184,99,99,129,129,129,146,165,184,184,283,283,283,283],"floor_reached":33,"language":"ENG","playtime":1847,"items_purged":["Strike_P"],"score":338,"play_id":"fb15ab98-76c1-4da1-b417-0134680ddf8f","local_time":"20210119230248","is_ascension_mode":false,"campfire_choices":[{"floor":6,"key":"RECALL"},{"data":"Eruption","floor":8,"key":"SMITH"},{"data":"Halt","floor":12,"key":"SMITH"},{"floor":15,"key":"REST"},{"floor":23,"key":"REST"},{"floor":25,"key":"REST"},{"floor":30,"key":"REST"},{"floor":32,"key":"REST"}],"circlet_count":0,"master_deck":["Strike_P","Strike_P","Strike_P+1","Defend_P","Defend_P+1","Defend_P","Eruption+1","Vigilance","WindmillStrike+1","PathToVictory","TalkToTheHand","Halt+1","BattleHymn","Judgement","PathToVictory","FollowUp+1","CutThroughFate+1","EmptyFist+1"],"relics":["PureWater","NeowsBlessing","Tiny Chest","Damaru","Philosopher\u0027s Stone","Oddly Smooth Stone","Bronze Scales","Shuriken"],"acts_visited":["Exordium","TheCity"],"potions_floor_usage":[16,24,33,33,33],"damage_taken":[{"damage":0,"enemies":"2 Louse","floor":1,"turns":1},{"damage":0,"enemies":"3 Sentries","floor":7,"turns":1},{"damage":0,"enemies":"Small Slimes","floor":11,"turns":1},{"damage":0,"enemies":"Jaw Worm","floor":13,"turns":4},{"damage":6,"enemies":"2 Fungi Beasts","floor":14,"turns":3},{"damage":0,"enemies":"Slime Boss","floor":16,"turns":7},{"damage":17,"enemies":"Shell Parasite","floor":18,"turns":6},{"damage":0,"enemies":"Spheric Guardian","floor":21,"turns":3},{"damage":46,"enemies":"Gremlin Leader","floor":24,"turns":6},{"damage":8,"enemies":"Chosen and Byrds","floor":27,"turns":4},{"damage":18,"enemies":"Cultist and Chosen","floor":28,"turns":5},{"damage":13,"enemies":"3 Cultists","floor":29,"turns":5},{"damage":55,"enemies":"Collector","floor":33,"turns":6}],"seed_played":"-6884503278227880095","potions_obtained":[{"floor":7,"key":"Dexterity Potion"},{"floor":11,"key":"SpeedPotion"},{"floor":14,"key":"Energy Potion"},{"floor":21,"key":"AttackPotion"},{"floor":24,"key":"LiquidBronze"},{"floor":29,"key":"LiquidMemories"}],"is_trial":false,"path_per_floor":["M","?","$","?","$","R","E","R","T","?","M","R","M","M","R","B",null,"M","$","T","M","?","R","E","R","T","M","M","M","R","?","R","B"],"character_chosen":"WATCHER","items_purchased":["PathToVictory"],"campfire_rested":5,"item_purchase_floors":[3],"current_hp_per_floor":[72,58,58,58,58,58,58,58,58,58,58,58,58,52,72,72,72,55,55,55,55,55,72,26,47,47,39,21,8,29,29,50,0,0],"gold":283,"neow_bonus":"THREE_ENEMY_KILL","is_daily":false,"chose_seed":false,"campfire_upgraded":2,"win_rate":0.0,"timestamp":1611126168,"path_taken":["M","?","$","?","?","R","E","R","T","?","M","R","M","?","R","BOSS","M","?","?","M","?","R","E","R","T","M","M","?","R","?","R","BOSS"],"items_purchased_type":["Card"],"build_version":"2020-12-22","purchased_purges":1,"victory":false,"max_hp_per_floor":[72,72,72,72,72,72,72,72,72,72,72,72,72,72,72,72,72,72,72,72,72,72,72,72,72,72,72,72,72,72,72,72,72,72],"card_choices":[{"not_picked":["EmptyBody","Meditate"],"picked":"WindmillStrike","floor":1},{"not_picked":["CutThroughFate","FlurryOfBlows","FollowUp"],"picked":"SKIP","floor":7},{"not_picked":["Sanctity","Crescendo"],"picked":"Halt","floor":11},{"not_picked":["ClearTheMind","TalkToTheHand"],"picked":"BattleHymn","floor":13},{"not_picked":["ClearTheMind","FlyingSleeves","SashWhip"],"picked":"SKIP","floor":14},{"not_picked":["ConjureBlade","Scrawl"],"picked":"Judgement","floor":16},{"not_picked":["Tantrum","CutThroughFate","Weave"],"picked":"SKIP","floor":18},{"not_picked":["Vengeance","Worship"],"picked":"PathToVictory","floor":21},{"not_picked":["Halt","Evaluate","JustLucky"],"picked":"SKIP","floor":24},{"not_picked":["Tantrum","JustLucky+1"],"picked":"FollowUp+1","floor":27},{"not_picked":["FlurryOfBlows","Vengeance+1"],"picked":"CutThroughFate+1","floor":28},{"not_picked":["FlurryOfBlows","Evaluate"],"picked":"EmptyFist+1","floor":29}],"player_experience":134193,"relics_obtained":[{"floor":7,"key":"Tiny Chest"},{"floor":9,"key":"Damaru"},{"floor":24,"key":"Bronze Scales"},{"floor":26,"key":"Shuriken"}],"event_choices":[{"damage_healed":0,"gold_gain":0,"player_choice":"Entered Light","damage_taken":14,"max_hp_gain":0,"max_hp_loss":0,"event_name":"Shining Light","floor":2,"gold_loss":0,"cards_upgraded":["Strike_P","Defend_P"]},{"damage_healed":0,"gold_gain":0,"player_choice":"Grow","damage_taken":0,"max_hp_gain":0,"max_hp_loss":0,"event_name":"Living Wall","floor":4,"gold_loss":0,"cards_upgraded":["WindmillStrike"]},{"damage_healed":0,"gold_gain":0,"cards_transformed":["Defend_P"],"player_choice":"Transformed","damage_taken":0,"max_hp_gain":0,"max_hp_loss":0,"event_name":"Transmorgrifier","floor":10,"gold_loss":0,"cards_obtained":["TalkToTheHand"]},{"damage_healed":0,"gold_gain":0,"player_choice":"Obtained Relic","damage_taken":0,"relics_obtained":["Oddly Smooth Stone"],"max_hp_gain":0,"max_hp_loss":0,"event_name":"Addict","floor":22,"gold_loss":85},{"damage_healed":0,"gold_gain":99,"player_choice":"Stole From Cult","damage_taken":0,"max_hp_gain":0,"max_hp_loss":0,"event_name":"Nest","floor":31,"gold_loss":0}],"is_beta":false,"boss_relics":[{"not_picked":["Calling Bell","Sozu"],"picked":"Philosopher\u0027s Stone"}],"items_purged_floors":[19],"is_endless":false,"potions_floor_spawned":[7,11,14,21,24,29],"killed_by":"Collector","ascension_level":0}}