{"host":"k8m8rgjz9e2or23k","time":1611132832,"event":{"mods":["Act Like it!","BaseMod","Better Sensory Stone","Hallownest","Minty Spire (QoL Compilation)","Pale of the Ancients","StSLib","The Bug Knight","Waifu the Spire"],"gold_per_floor":[109,109,109,127,146,146,172,188,188,188,203,203,222,147,147,147,147],"floor_reached":16,"language":"ZHS","playtime":967,"items_purged":["HollowMod:NailStrikeStart"],"score":102,"play_id":"0f8b69b3-4eee-4525-8277-984fbb8ebdbc","local_time":"20210120165352","is_ascension_mode":false,"campfire_choices":[{"data":"HollowMod:VengefulVoid","floor":6.0,"key":"SMITH"},{"data":"HollowMod:AbyssShriek","floor":12,"key":"SMITH"},{"data":"HollowMod:CloakDash","floor":15,"key":"SMITH"}],"circlet_count":1,"master_deck":["HollowMod:NailStrikeStart","HollowMod:NailStrikeStart","HollowMod:NailStrikeStart","HollowMod:QuickDashStart","HollowMod:QuickDashStart","HollowMod:QuickDashStart","HollowMod:QuickDashStart","HollowMod:FocusHealStart","HollowMod:PogoStrike","HollowMod:FallenFury","HollowMod:CloakDash+1","HollowMod:VengefulVoid+1","HollowMod:AbyssShriek+1"],"relics":["HollowMod:VesselMask","Hallownest:DreamNailRelic","Circlet","Bottled Flame","Calipers"],"acts_visited":["Hallownest:Greenpath"],"potions_floor_usage":[16,16],"damage_taken":[{"damage":2.0,"enemies":"Hallownest:2_MossCreeps","floor":1.0,"turns":5.0},{"damage":2.0,"enemies":"Hallownest:monsterHuskWarrior","floor":4.0,"turns":4.0},{"damage":14.0,"enemies":"2_ Uuma","floor":5.0,"turns":5.0},{"damage":17.0,"enemies":"Hallownest:eliteVengeflyKing","floor":7.0,"turns":11.0},{"damage":26,"enemies":"Hallownest:Guard_and_Warrior","floor":8,"turns":9},{"damage":0,"enemies":"Hallownest:monsterAspidMother","floor":10,"turns":3},{"damage":5,"enemies":"Hallownest:Wandering_and_Horned","floor":11,"turns":4},{"damage":8,"enemies":"Hallownest:Guard_and_Warrior","floor":13,"turns":5},{"damage":51,"enemies":"Hallownest:BossBrokenVessel","floor":16,"turns":8}],"seed_played":"942386152555106817","potions_obtained":[{"floor":4.0,"key":"PowerPotion"},{"floor":7,"key":"SkillPotion"},{"floor":13,"key":"Block Potion"}],"is_trial":false,"path_per_floor":["M","?","?","M","M","R","E","M","T","M","M","R","M","$","R","B"],"character_chosen":"THE_BUGKNIGHT","items_purchased":[],"campfire_rested":0,"item_purchase_floors":[],"current_hp_per_floor":[82,82,82,82,78,78,71,55,55,61,56,56,48,48,48,0,0],"gold":147,"neow_bonus":"TEN_PERCENT_HP_BONUS","is_daily":false,"chose_seed":false,"campfire_upgraded":3,"win_rate":0.0,"timestamp":1611132832,"path_taken":["M","?","?","M","?","R","E","M","T","?","M","R","M","$","R","BOSS"],"items_purchased_type":[],"build_version":"2020-12-22","purchased_purges":1,"victory":false,"max_hp_per_floor":[82,82,82,82,82,82,82,82,82,82,82,82,82,82,82,82,82],"card_choices":[{"not_picked":["HollowMod:TaintedHusks","HollowMod:NewJinnsSoul"],"picked":"HollowMod:FallenFury","floor":1.0},{"not_picked":["HollowMod:SoulStrike","HollowMod:CycloneSlash"],"picked":"HollowMod:CloakDash","floor":4.0},{"not_picked":["HollowMod:SoulShaman","HollowMod:CornifersMapStart"],"picked":"HollowMod:VengefulVoid","floor":5.0},{"not_picked":["HollowMod:GrimmsGift","HollowMod:InfectedCysts","HollowMod:RecoilStrike"],"picked":"SKIP","floor":7},{"not_picked":["HollowMod:CornifersMapStart","HollowMod:NewJinnsSoul","HollowMod:DashSlash"],"picked":"SKIP","floor":8},{"not_picked":["HollowMod:GrimmsGift","HollowMod:QuirrelsAssistance"],"picked":"HollowMod:AbyssShriek","floor":10},{"not_picked":["HollowMod:HeavyBlow","HollowMod:DreamGate","HollowMod:SoulSplash"],"picked":"SKIP","floor":11},{"not_picked":["HollowMod:TaintedHusks","HollowMod:InfectedAttack","HollowMod:SoulSplash"],"picked":"SKIP","floor":13}],"player_experience":388508,"relics_obtained":[{"floor":7,"key":"Bottled Flame"},{"floor":9,"key":"Calipers"}],"event_choices":[],"is_beta":false,"boss_relics":[],"items_purged_floors":[14],"is_endless":false,"potions_floor_spawned":[4,7,13],"killed_by":"Hallownest:BossBrokenVessel","ascension_level":0}}