{"host":"51fyd6gkml7xavq8","time":1611173285,"event":{"mods":["BaseMod","BetterRewards","Colored Map","Energized Spire","Infinite Spire","Minty Spire (QoL Compilation)","Replay The Spire","Shop Mod","Spicy Shops","StSLib","The Blue Laboratory","[IsaacMod]????"],"gold_per_floor":[110,110,110,123,139,139,139],"floor_reached":6,"language":"ENG","playtime":374,"items_purged":["BloodyBrimstone","Overencumbered","Bash"],"score":56,"play_id":"e6a9d0ea-f223-4975-8d34-c2d011a93a76","local_time":"20210120170805","is_ascension_mode":true,"campfire_choices":[],"circlet_count":0,"master_deck":["AscendersBane","Strike_R","Strike_R","Strike_R","Strike_R","Strike_R","Defend_R","Defend_R","Defend_R","Defend_R","infinitespire:OneForAll+1","Regret"],"relics":["Burning Blood","HushsDoor","PokeGo","Membership Card","MerchantsRug","Molten Egg 2","Singing Bowl","ReplayTheSpireMod:CursedCoin","TheBible","PreservedInsect"],"acts_visited":["Exordium"],"potions_floor_usage":[6],"damage_taken":[{"damage":4.0,"enemies":"2 Louse","floor":1.0,"turns":5.0},{"damage":2.0,"enemies":"Small Slimes","floor":4.0,"turns":5.0},{"damage":3.0,"enemies":"Cultist","floor":5.0,"turns":3.0},{"damage":29,"enemies":"Lagavulin","floor":6,"turns":5}],"seed_played":"-7979687184479385368","potions_obtained":[{"floor":1.0,"key":"blueLaboratory:FrostheartPotion"},{"floor":4.0,"key":"AttackPotion"},{"floor":5.0,"key":"FearPotion"}],"is_trial":false,"path_per_floor":["M","?","?","M","M","E"],"character_chosen":"IRONCLAD","items_purchased":["Membership Card","MerchantsRug","Molten Egg 2","infinitespire:OneForAll+1","Singing Bowl","ReplayTheSpireMod:CursedCoin"],"campfire_rested":0,"item_purchase_floors":[0,0,0,0,0,0],"current_hp_per_floor":[40,40,25,31,36,7,7],"gold":139,"neow_bonus":"","is_daily":false,"chose_seed":false,"campfire_upgraded":0,"win_rate":0.0,"timestamp":1611173285,"path_taken":["M","?","?","M","M","E"],"items_purchased_type":["Relic","Relic","Relic","Card","Relic","Relic"],"build_version":"2020-12-22","purchased_purges":3,"victory":false,"max_hp_per_floor":[82,82,82,84,86,86,86],"card_choices":[{"not_picked":[],"picked":"BloodyBrimstone","floor":0.0},{"not_picked":["Pommel Strike+1","Headbutt+1","Bomb"],"picked":"Singing Bowl","floor":1.0},{"not_picked":["Perfected Strike+1","Havoc","Cleave+1"],"picked":"Singing Bowl","floor":4.0},{"not_picked":["Shrug It Off","Rage","Life Link"],"picked":"Singing Bowl","floor":5.0}],"player_experience":660407,"relics_obtained":[],"event_choices":[{"damage_healed":0.0,"max_hp_gain":0.0,"max_hp_loss":0.0,"gold_gain":0.0,"event_name":"Big Fish","player_choice":"Box","floor":2.0,"gold_loss":0.0,"damage_taken":0.0,"relics_obtained":["TheBible"],"cards_obtained":["Regret"]}],"is_beta":false,"boss_relics":[],"items_purged_floors":[0,0,0],"is_endless":false,"potions_floor_spawned":[1,4,5],"killed_by":"Lagavulin","ascension_level":11}}