{"host":"xp5rvh2jwe2ejyfm","time":1611161171,"event":{"mods":["BaseMod","Downfall","Hermit","Minty Spire (QoL Compilation)","Robot Space Explorer","StSLib","The Clintock","The Construct","The Cursed","The Disciple","The Forsaken","The Hierophant","The Runesmith"],"gold_per_floor":[99,118,138,155,204,215,215,225,225,225,225,235,235,263,278,379,379,379,394,394,7,107,107,107,107,107,133,27,27,58,72,83,181,181,81,81,91,104,104,4,29,29,46,46,80,80,80,95,109,109,109,109],"floor_reached":50,"language":"ENG","playtime":2545,"items_purged":[],"score":585,"play_id":"c3838df1-cb4e-4d8c-9572-4a27577d00f0","local_time":"20210120114611","is_ascension_mode":false,"campfire_choices":[{"data":"Slimebound:Split","floor":1,"key":"SMITH"},{"floor":11,"key":"REST"},{"data":"Slimebound:Schlurp","floor":13,"key":"SMITH"},{"data":"Slimebound:MassFeed","floor":18,"key":"SMITH"},{"floor":23,"key":"REST"},{"data":"expansioncontent:QuickStudy","floor":26,"key":"SMITH"},{"floor":29,"key":"REST"},{"floor":35,"key":"RECALL"},{"data":"Slimebound:TongueLash","floor":40,"key":"SMITH"},{"data":"Slimebound:MegaLick","floor":42,"key":"SMITH"},{"floor":47,"key":"REST"}],"circlet_count":0,"master_deck":["Slimebound:Strike_Slimebound","Slimebound:Strike_Slimebound","Slimebound:Strike_Slimebound","Slimebound:Tackle","Slimebound:Defend_Slimebound","Slimebound:Defend_Slimebound","Slimebound:Defend_Slimebound","Slimebound:Defend_Slimebound","Slimebound:Split+1","Slimebound:CorrosiveSpit","Finesse","Slimebound:GoopTackle","Slimebound:TongueLash+1","Slimebound:ProtectTheBoss","Slimebound:MegaLick+1","Slimebound:Schlurp+1","Slimebound:SplitBruiser","Slimebound:SplitLeeching","Slimebound:MassFeed+1","Slimebound:SamplingLick","Slimebound:RollThrough","Slimebound:HauntingLick+1","Slimebound:LevelUp+1","expansioncontent:QuickStudy+1","Slimebound:SplitBruiser","Slimebound:LeadByExample+1","expansioncontent:YouAreMine","Slimebound:Schlurp","Slimebound:Repurpose","Slimebound:LivingWall","Slimebound:OozeBath","Slimebound:SplitAcid","Slimebound:LivingWall","expansioncontent:GuardianWhirl","Slimebound:RejuvenatingLick","Slimebound:Schlurp+1","Slimebound:SelfFormingGoo+1","Slimebound:GrowthPunch+1"],"relics":["Slimebound:AbsorbEndCombat","Lantern","Frozen Egg 2","Orichalcum","construct:ClawGrip","Boot","Ginger","StrikeDummy","Torii","Smiling Mask","Oddly Smooth Stone","CaptainsWheel","Philosopher\u0027s Stone","downfall:HeartBlessingGreen","downfall:HeartBlessingRed","theForsaken:HumbleEgg","Strawberry"],"acts_visited":["Exordium","TheCity","TheBeyond"],"potions_floor_usage":[16,19,28,33,33,33,43,49],"damage_taken":[{"damage":1,"enemies":"Cultist","floor":2,"turns":4},{"damage":0,"enemies":"Small Slimes","floor":3,"turns":3},{"damage":9,"enemies":"2 Louse","floor":4,"turns":3},{"damage":15,"enemies":"3 Louse","floor":6,"turns":3},{"damage":9,"enemies":"Exordium Wildlife","floor":8,"turns":3},{"damage":0,"enemies":"Blue Slaver","floor":12,"turns":4},{"damage":9,"enemies":"3 Sentries","floor":14,"turns":4},{"damage":0,"enemies":"Lots of Slimes","floor":15,"turns":3},{"damage":36,"enemies":"WA_ARCHETYPE_RETAIN","floor":16,"turns":9},{"damage":4,"enemies":"3 Byrds","floor":19,"turns":4},{"damage":0,"enemies":"Chosen","floor":20,"turns":1},{"damage":4,"enemies":"downfall:FleeingMerchant","floor":21,"turns":4},{"damage":27,"enemies":"Colosseum Nobs","floor":22,"turns":5},{"damage":44,"enemies":"Gremlin Leader","floor":27,"turns":6},{"damage":2,"enemies":"downfall:FleeingMerchant","floor":28,"turns":4},{"damage":27,"enemies":"Slavers","floor":30,"turns":6},{"damage":8,"enemies":"Snake Plant","floor":31,"turns":3},{"damage":0,"enemies":"Centurion and Healer","floor":32,"turns":5},{"damage":2,"enemies":"SI_MIRROR_ARCHETYPE","floor":33,"turns":8},{"damage":12,"enemies":"3 Darklings","floor":37,"turns":3},{"damage":0,"enemies":"3 Shapes","floor":38,"turns":2},{"damage":29,"enemies":"Transient","floor":43,"turns":5},{"damage":15,"enemies":"Nemesis","floor":45,"turns":5},{"damage":8,"enemies":"Sphere and 2 Shapes","floor":48,"turns":2},{"damage":33,"enemies":"Jaw Worm Horde","floor":49,"turns":4},{"damage":81,"enemies":"IC_BLOCK_ARCHETYPE","floor":50,"turns":4}],"seed_played":"1738959860259108687","potions_obtained":[{"floor":2,"key":"SneckoOil"},{"floor":3,"key":"Swift Potion"},{"floor":8,"key":"Weak Potion"},{"floor":15,"key":"Slimebound:SpawnSlimePotion"},{"floor":16,"key":"construct:ShiftPotion"},{"floor":22,"key":"Slimebound:SlimyTonguePotion"},{"floor":27,"key":"PowerPotion"},{"floor":31,"key":"LiquidBronze"},{"floor":33,"key":"LiquidMemories"},{"floor":38,"key":"champ:CounterPotion"}],"is_trial":false,"path_per_floor":["R","M","M","M","T","M","T","M","?","?","R","M","R","E","M","B",null,"R","M","M","$","?","R","T","?","R","E","$","R","E","M","M","B",null,"R","?","M","M","?","R","T","R","M","T","E","?","R","M","M","B"],"character_chosen":"SLIMEBOUND","items_purchased":["Slimebound:LevelUp+1","Boot","expansioncontent:QuickStudy","expansioncontent:YouAreMine"],"campfire_rested":4,"item_purchase_floors":[21,21,21,28],"current_hp_per_floor":[65,64,65,56,56,43,43,38,38,38,57,63,63,58,64,35,65,65,69,69,69,46,66,66,66,66,32,36,57,38,34,42,48,73,73,73,67,71,71,71,71,71,44,44,38,43,67,61,36,0,0,0],"gold":109,"neow_bonus":"RANDOM_COLORLESS","is_daily":false,"chose_seed":false,"campfire_upgraded":6,"win_rate":0.0,"timestamp":1611161171,"path_taken":["R","M","M","M","?","M","T","M","?","?","R","M","R","E","M","BOSS","R","M","M","$","?","R","T","?","R","E","?","R","E","M","M","BOSS","R","?","M","M","?","R","T","R","M","?","E","?","R","M","M","BOSS"],"items_purchased_type":["Card","Relic","Card","Card"],"build_version":"2020-12-22","purchased_purges":0,"victory":false,"max_hp_per_floor":[65,65,65,65,65,65,65,65,65,65,65,65,65,65,65,65,65,65,69,69,69,69,69,69,69,69,73,73,73,73,73,73,73,73,73,73,73,73,73,73,73,73,73,73,80,80,80,80,80,80,80,80],"card_choices":[{"not_picked":["Good Instincts","Panacea"],"picked":"Finesse","floor":0},{"not_picked":["Slimebound:FinishingTackle","Slimebound:AcidTongue"],"picked":"Slimebound:GoopTackle","floor":2},{"not_picked":["Slimebound:LeechEnergy","Slimebound:Gluttony"],"picked":"Slimebound:TongueLash","floor":3},{"not_picked":["Slimebound:AcidTongue","Slimebound:SplitBruiser"],"picked":"Slimebound:ProtectTheBoss","floor":4},{"not_picked":["Slimebound:HauntingLick","Slimebound:ProtectTheBoss"],"picked":"Slimebound:MegaLick","floor":6},{"not_picked":["Slimebound:MegaLick","Slimebound:ItLooksTasty"],"picked":"Slimebound:Schlurp","floor":8},{"not_picked":["Slimebound:Schlurp","Slimebound:PressTheAttack"],"picked":"Slimebound:SplitMire","floor":12},{"not_picked":["Slimebound:BestDefense+1","Slimebound:SlimeSpikes"],"picked":"Slimebound:SplitBruiser","floor":14},{"not_picked":["Slimebound:PressTheAttack","Slimebound:FinishingTackle"],"picked":"Slimebound:SplitLeeching","floor":15},{"not_picked":["Slimebound:SelfFormingGoo+1","Slimebound:DuplicatedForm+1"],"picked":"Slimebound:MassFeed","floor":16},{"not_picked":["Slimebound:HauntingLick","Slimebound:Dissolve"],"picked":"Slimebound:SamplingLick","floor":19},{"not_picked":["Slimebound:Nibble","Slimebound:SlimeSpikes+1"],"picked":"Slimebound:RollThrough","floor":20},{"not_picked":["Slimebound:SlimeSpikes","Slimebound:ComboTackle"],"picked":"Slimebound:HauntingLick+1","floor":21},{"not_picked":["Slimebound:SlimeTap+1","Slimebound:Teamwork"],"picked":"Slimebound:SplitBruiser","floor":22},{"not_picked":["Slimebound:ForwardTackle","Slimebound:SplitAcid"],"picked":"Slimebound:LeadByExample+1","floor":27},{"not_picked":["Slimebound:GoopSpray","Slimebound:RainOfGoop+1"],"picked":"Slimebound:Repurpose","floor":28},{"not_picked":["Slimebound:RainOfGoop","Slimebound:SplitAcid"],"picked":"Slimebound:Schlurp","floor":30},{"not_picked":["Slimebound:BestDefense+1","Slimebound:GrowthPunch"],"picked":"Slimebound:Repurpose","floor":31},{"not_picked":["Slimebound:Equalize","Slimebound:RollThrough"],"picked":"Slimebound:LivingWall","floor":32},{"not_picked":["Slimebound:MassFeed","Slimebound:DuplicatedForm+1"],"picked":"Slimebound:OozeBath","floor":33},{"not_picked":["Slimebound:GoopTackle","Slimebound:Chomp+1"],"picked":"Slimebound:SplitAcid","floor":37},{"not_picked":["Slimebound:Prepare+1","Slimebound:ComboTackle+1"],"picked":"Slimebound:LivingWall","floor":38},{"not_picked":["expansioncontent:Chronoboost+1","expansioncontent:YouAreMine"],"picked":"expansioncontent:GuardianWhirl","floor":39},{"not_picked":["Slimebound:FinishingTackle","Slimebound:ViciousTackle+1"],"picked":"Slimebound:RejuvenatingLick","floor":43},{"not_picked":["Slimebound:Replication+1","Slimebound:SamplingLick+1"],"picked":"Slimebound:Schlurp+1","floor":45},{"not_picked":["Slimebound:GoopSpray+1","Slimebound:FinishingTackle+1"],"picked":"Slimebound:SelfFormingGoo+1","floor":48},{"not_picked":["Slimebound:SlimeBrawl","Slimebound:PressTheAttack+1"],"picked":"Slimebound:GrowthPunch+1","floor":49}],"player_experience":259801,"relics_obtained":[{"floor":5,"key":"Lantern"},{"floor":7,"key":"Frozen Egg 2"},{"floor":14,"key":"Orichalcum"},{"floor":22,"key":"Ginger"},{"floor":22,"key":"StrikeDummy"},{"floor":24,"key":"Torii"},{"floor":27,"key":"Oddly Smooth Stone"},{"floor":30,"key":"CaptainsWheel"},{"floor":44,"key":"theForsaken:HumbleEgg"},{"floor":45,"key":"Strawberry"}],"event_choices":[{"cards_removed":["Slimebound:Repurpose"],"damage_healed":0,"gold_gain":0,"player_choice":"Removed Skill","damage_taken":0,"max_hp_gain":0,"max_hp_loss":0,"event_name":"Falling","floor":36,"gold_loss":0},{"cards_removed":["Slimebound:SplitMire"],"damage_healed":5,"gold_gain":0,"player_choice":"Offered Common","damage_taken":0,"max_hp_gain":0,"max_hp_loss":0,"event_name":"Bonfire Elementals","floor":46,"gold_loss":0},{"cards_removed":["Slimebound:SplitMire"],"damage_healed":5,"gold_gain":0,"player_choice":"Offered Special","damage_taken":0,"max_hp_gain":0,"max_hp_loss":0,"event_name":"Bonfire Elementals","floor":46,"gold_loss":0}],"is_beta":false,"boss_relics":[{"not_picked":["Runic Pyramid","theForsaken:PaleLantern"],"picked":"construct:ClawGrip"},{"not_picked":["SacredBark","Slimebound:TarBlob"],"picked":"Philosopher\u0027s Stone"}],"items_purged_floors":[],"is_endless":false,"potions_floor_spawned":[2,3,8,15,16,22,27,31,33,38],"killed_by":"IC_BLOCK_ARCHETYPE","ascension_level":0}}