{"host":"7f01flv6y0vhl3vt","time":1611171760,"event":{"mods":["Act Like it!","BaseMod","Downfall","Minty Spire (QoL Compilation)","StSLib"],"gold_per_floor":[99,99,99,99,99,99,153,153,53,70,70,80,96,106,122,122,122,122],"floor_reached":16,"language":"ENG","playtime":1083,"items_purged":[],"score":115,"play_id":"30389da6-f141-44ea-af23-a6fa3897721e","local_time":"20210120144240","is_ascension_mode":false,"campfire_choices":[{"floor":1,"key":"RECALL"},{"data":"champ:SwordSigil","floor":9,"key":"SMITH"}],"circlet_count":0,"master_deck":["champ:Strike","champ:Strike","champ:Defend","champ:Defend","champ:Defend","champ:Defend","champ:Execute","champ:Taunt","champ:SwordSigil+1","champ:DefensiveShout","champ:PreciseThrust","champ:SwordSigil","champ:SkillfulDodge","champ:BladeFlurry","champ:Backstep","champ:SwordThrow","champ:FancyFootwork"],"relics":["champ:ChampionCrown","downfall:HeartsMalice","Potion Belt","downfall:HeartBlessingBlue"],"acts_visited":["Exordium"],"potions_floor_usage":[13,15,16,16],"damage_taken":[{"damage":0,"enemies":"2 Louse","floor":2,"turns":1},{"damage":0,"enemies":"Jaw Worm","floor":4,"turns":1},{"damage":0,"enemies":"Small Slimes","floor":6,"turns":1},{"damage":10,"enemies":"Red Slaver","floor":10,"turns":3},{"damage":17,"enemies":"3 Louse","floor":12,"turns":4},{"damage":63,"enemies":"Gremlin Gang","floor":13,"turns":4},{"damage":23,"enemies":"3 Louse","floor":14,"turns":3},{"damage":6,"enemies":"Exordium Wildlife","floor":15,"turns":2},{"damage":120,"enemies":"SI_SHIV_ARCHETYPE","floor":16,"turns":10}],"seed_played":"-1324098400759752782","potions_obtained":[{"floor":10,"key":"champ:CounterPotion"},{"floor":13,"key":"Block Potion"},{"floor":14,"key":"DuplicationPotion"},{"floor":15,"key":"Fruit Juice"}],"is_trial":false,"path_per_floor":["R","M","?","M","T","M","T","?","R","M","?","M","M","M","M","B"],"character_chosen":"THE_CHAMP","items_purchased":[],"campfire_rested":0,"item_purchase_floors":[],"current_hp_per_floor":[90,90,90,90,90,90,90,90,100,100,100,98,90,77,76,0,0,0],"gold":122,"neow_bonus":"THREE_ENEMY_KILL","is_daily":false,"chose_seed":false,"campfire_upgraded":1,"win_rate":0.0,"timestamp":1611171760,"path_taken":["R","M","?","M","?","M","T","?","R","?","?","M","M","?","M","BOSS"],"items_purchased_type":[],"build_version":"2020-12-22","purchased_purges":0,"victory":false,"max_hp_per_floor":[90,90,90,90,90,90,90,90,100,100,100,100,100,100,105,105,105,105],"card_choices":[{"not_picked":["champ:TornadoPunch","champ:CrownThrow"],"picked":"champ:SwordSigil","floor":2},{"not_picked":["champ:FanOfKnives","champ:Shatter"],"picked":"champ:DefensiveShout","floor":4},{"not_picked":["champ:FanOfKnives","champ:FlashCut"],"picked":"champ:PreciseThrust","floor":6},{"not_picked":["champ:CrownThrow","champ:DefensiveShout"],"picked":"champ:SkillfulDodge","floor":10},{"not_picked":["champ:BerserkersShout","champ:PerfectedStrike"],"picked":"champ:BladeFlurry","floor":12},{"not_picked":["champ:BladeFlurry","champ:CrownThrow"],"picked":"champ:Backstep","floor":13},{"not_picked":["champ:CalledShot","champ:EnGarde"],"picked":"champ:SwordThrow","floor":14},{"not_picked":["champ:ArenaPreparation","champ:EnGarde"],"picked":"champ:FancyFootwork","floor":15}],"player_experience":1325705,"relics_obtained":[{"floor":7,"key":"Potion Belt"}],"event_choices":[],"is_beta":false,"boss_relics":[],"items_purged_floors":[],"is_endless":false,"potions_floor_spawned":[10,13,14,15],"killed_by":"SI_SHIV_ARCHETYPE","ascension_level":0}}