{"host":"yo9wwslrag05lh37","time":1611166055,"event":{"mods":["AchievementEnabler","BaseMod","Block Reminder","Colored Map","Colored Powertips","Downfall","GifTheSpireLib","HexUI Lib","Highlight Path","Minty Spire (QoL Compilation)","Rare Cards Sparkle","Relic Stats","StSLib","everything is the same but u backflip on backflip"],"gold_per_floor":[99,111,122,142,162,187,187,215,215,230,246,261,261,61,76,173,173,173,186,196,208,308,308,308,308,258,0,35,35,35,35,46,145,145,145,163,176,187,287,287,287,287,305,322,352,264,264,264,277,277],"floor_reached":51,"language":"ENG","playtime":5018,"items_purged":["Slimebound:Strike_Slimebound","Slimebound:RollThrough","Slimebound:RollThrough"],"score":886,"play_id":"7bd2a506-d1a6-442d-9186-7e13c72f6bc7","local_time":"20210120190735","is_ascension_mode":false,"campfire_choices":[{"data":"Slimebound:Split","floor":1,"key":"SMITH"},{"floor":13,"key":"REST"},{"data":"Slimebound:DouseInSlime","floor":18,"key":"SMITH"},{"data":"Slimebound:SplitLeeching","floor":23,"key":"SMITH"},{"data":"Slimebound:GoopTackle","floor":25,"key":"SMITH"},{"data":"Slimebound:MassRepurpose","floor":30,"key":"SMITH"},{"data":"Slimebound:DuplicatedForm","floor":35,"key":"SMITH"},{"data":"Slimebound:LeadByExample","floor":40,"key":"SMITH"},{"floor":42,"key":"RECALL"},{"data":"Slimebound:TagTeam","floor":47,"key":"SMITH"}],"circlet_count":0,"master_deck":["Slimebound:Strike_Slimebound+1","Slimebound:Tackle+1","Slimebound:Defend_Slimebound","Slimebound:Defend_Slimebound","Slimebound:Defend_Slimebound","Slimebound:Defend_Slimebound+1","Slimebound:Split+1","Slimebound:CorrosiveSpit","Slimebound:LeechingTouch","Slimebound:OozeBath","Slimebound:SplitSpecialist+1","Slimebound:FlameTackle","Slimebound:ViciousTackle","Slimebound:Repurpose","Slimebound:LivingWall","Slimebound:Chomp","Slimebound:Prepare","Slimebound:ComboTackle","expansioncontent:AwakenDeath","Slimebound:DouseInSlime+1","Slimebound:GoopTackle+1","Slimebound:SplitLeeching+1","Slimebound:MassRepurpose+1","Writhe","Necronomicurse","Slimebound:DuplicatedForm+1","Slimebound:LeadByExample+1","Slimebound:LeechEnergy+1","Regret","Injury","Regret","Parasite","Slimebound:RallyTheTroops","Slimebound:SamplingLick+1","Slimebound:TagTeam+1"],"relics":["Slimebound:AbsorbEndCombat","War Paint","Pen Nib","Singing Bowl","bronze:MakeshiftBattery","WingedGreaves","Meat on the Bone","Slimebound:SelfDamagePreventRelic","Anchor","Regal Pillow","Necronomicon","SlaversCollar","Blue Candle","Juzu Bracelet","Centennial Puzzle","Lee\u0027s Waffle"],"acts_visited":["Exordium","TheCity","TheBeyond"],"potions_floor_usage":[11,16,16,27,43,45],"damage_taken":[{"damage":1,"enemies":"Cultist","floor":2,"turns":3},{"damage":3,"enemies":"Jaw Worm","floor":3,"turns":4},{"damage":5,"enemies":"Small Slimes","floor":4,"turns":3},{"damage":3,"enemies":"3 Louse","floor":5,"turns":5},{"damage":41,"enemies":"Gremlin Nob","floor":6,"turns":4},{"damage":5,"enemies":"Lagavulin","floor":8,"turns":4},{"damage":3,"enemies":"Large Slime","floor":10,"turns":4},{"damage":5,"enemies":"Lots of Slimes","floor":11,"turns":3},{"damage":8,"enemies":"Red Slaver","floor":12,"turns":5},{"damage":5,"enemies":"downfall:FleeingMerchant","floor":14,"turns":4},{"damage":41,"enemies":"Exordium Wildlife","floor":15,"turns":6},{"damage":20,"enemies":"DF_ARCHETYPE_STREAMLINE","floor":16,"turns":8},{"damage":10,"enemies":"Shell Parasite","floor":19,"turns":3},{"damage":5,"enemies":"3 Byrds","floor":20,"turns":4},{"damage":16,"enemies":"Centurion and Healer","floor":21,"turns":5},{"damage":34,"enemies":"Colosseum Nobs","floor":22,"turns":4},{"damage":3,"enemies":"downfall:FleeingMerchant","floor":27,"turns":4},{"damage":14,"enemies":"Book of Stabbing","floor":28,"turns":4},{"damage":2,"enemies":"3 Cultists","floor":32,"turns":4},{"damage":11,"enemies":"IC_MUSHROOM_ARCHETYPE","floor":33,"turns":5},{"damage":22,"enemies":"3 Shapes","floor":36,"turns":5},{"damage":23,"enemies":"Orb Walker","floor":37,"turns":4},{"damage":11,"enemies":"Spire Growth","floor":38,"turns":3},{"damage":10,"enemies":"Sphere and 2 Shapes","floor":43,"turns":4},{"damage":12,"enemies":"Maw","floor":44,"turns":6},{"damage":63,"enemies":"Giant Head","floor":45,"turns":7},{"damage":5,"enemies":"downfall:FleeingMerchant","floor":46,"turns":3},{"damage":32,"enemies":"Jaw Worm Horde","floor":49,"turns":2},{"damage":23,"enemies":"WA_ARCHETYPE_DIVINITY","floor":50,"turns":7}],"seed_played":"7757211031004006281","potions_obtained":[{"floor":4,"key":"LiquidBronze"},{"floor":6,"key":"ColorlessPotion"},{"floor":10,"key":"hexamod:SoulburnPotion"},{"floor":11,"key":"Swift Potion"},{"floor":15,"key":"DistilledChaos"},{"floor":16,"key":"DuplicationPotion"},{"floor":19,"key":"DuplicationPotion"},{"floor":32,"key":"bronze:BurnAndBuffPotion"},{"floor":33,"key":"hexamod:SoulburnPotion"},{"floor":43,"key":"DistilledChaos"},{"floor":44,"key":"ColorlessPotion"},{"floor":48,"key":"Slimebound:SlimyTonguePotion"},{"floor":48,"key":"Dexterity Potion"},{"floor":48,"key":"GamblersBrew"}],"is_trial":false,"path_per_floor":["R","M","M","M","M","E","T","E","?","M","M","M","R","$","M","B",null,"R","M","M","M","?","R","T","R","?","$","E","?","R","?","M","B",null,"R","M","M","M","?","R","T","R","M","M","E","$","R","?","M","B",null],"character_chosen":"SLIMEBOUND","items_purchased":["expansioncontent:AwakenDeath","Slimebound:RollThrough","Slimebound:SelfDamagePreventRelic","Slimebound:TagTeam","Lee\u0027s Waffle"],"campfire_rested":1,"item_purchase_floors":[14,14,27,46,46],"current_hp_per_floor":[65,65,65,62,61,26,26,27,27,26,21,15,34,33,24,12,67,67,63,64,58,32,32,32,32,60,67,57,57,57,41,45,42,75,75,68,64,57,62,62,62,62,54,52,47,95,95,95,67,67],"gold":277,"neow_bonus":"RANDOM_COMMON_RELIC","is_daily":false,"chose_seed":false,"campfire_upgraded":8,"win_rate":0.0,"timestamp":1611166055,"path_taken":["R","M","M","?","M","E","T","E","?","M","?","M","R","$","M","BOSS","R","M","M","M","?","R","T","R","?","$","E","?","R","?","M","BOSS","R","M","M","M","?","R","T","R","M","M","E","$","R","?","M","BOSS"],"items_purchased_type":["Card","Card","Relic","Card","Relic"],"build_version":"2020-12-22","purchased_purges":3,"victory":true,"max_hp_per_floor":[65,65,65,65,65,65,65,65,65,65,65,65,65,65,67,67,67,67,69,69,71,71,71,71,71,71,73,73,73,73,73,75,75,75,75,75,75,77,82,82,82,82,84,86,86,95,95,95,97,97],"relic_stats":{"Regal Pillow":0,"Centennial Puzzle":[9],"Lee\u0027s Waffle":47,"Singing Bowl":20,"counters":[29,125],"Blue Candle":[13],"Pen Nib":[19],"Necronomicon":[24],"Juzu Bracelet":0,"War Paint":["Slimebound:SplitSpecialist","Slimebound:Defend_Slimebound"],"obtain_stats":[{"Regal Pillow":29,"Lee\u0027s Waffle":46,"Slimebound:SelfDamagePreventRelic":27,"Singing Bowl":8,"Blue Candle":39,"Pen Nib":7,"Juzu Bracelet":41,"Whetstone":0,"War Paint":6,"SlaversCollar":34,"Anchor":28,"Centennial Puzzle":45,"WingedGreaves":22,"Slimebound:AbsorbEndCombat":0,"Necronomicon":31,"bronze:MakeshiftBattery":17,"Meat on the Bone":22},{"Regal Pillow":18,"Lee\u0027s Waffle":27,"Slimebound:SelfDamagePreventRelic":17,"Singing Bowl":6,"Blue Candle":23,"Pen Nib":5,"Juzu Bracelet":23,"Whetstone":0,"War Paint":5,"SlaversCollar":20,"Anchor":18,"Centennial Puzzle":26,"WingedGreaves":16,"Slimebound:AbsorbEndCombat":0,"Necronomicon":18,"bronze:MakeshiftBattery":12,"Meat on the Bone":16},{"Regal Pillow":75,"Lee\u0027s Waffle":116,"Slimebound:SelfDamagePreventRelic":71,"Singing Bowl":21,"Blue Candle":96,"Pen Nib":17,"Juzu Bracelet":96,"Whetstone":0,"War Paint":17,"SlaversCollar":84,"Anchor":75,"Centennial Puzzle":113,"WingedGreaves":67,"Slimebound:AbsorbEndCombat":0,"Necronomicon":75,"bronze:MakeshiftBattery":51,"Meat on the Bone":67}],"Meat on the Bone":12},"card_choices":[{"not_picked":["Slimebound:FinishingTackle","Slimebound:SlimeSpikes"],"picked":"Slimebound:RollThrough","floor":2},{"not_picked":["Slimebound:Replication","Slimebound:ProtectTheBoss"],"picked":"Slimebound:LeechingTouch","floor":3},{"not_picked":["Slimebound:DisruptingSlam","Slimebound:Replication"],"picked":"Slimebound:OozeBath","floor":4},{"not_picked":["Slimebound:FinishingTackle","Slimebound:SlimeBrawl"],"picked":"Slimebound:SplitSpecialist","floor":5},{"not_picked":["Slimebound:DivideAndConquer","Slimebound:SlimeBrawl"],"picked":"Slimebound:FlameTackle","floor":6},{"not_picked":["Slimebound:RollThrough","Slimebound:WasteNot"],"picked":"Slimebound:ViciousTackle","floor":8},{"not_picked":["Slimebound:FinishingTackle","Slimebound:SplitBruiser"],"picked":"Slimebound:LivingWall","floor":10},{"not_picked":["Slimebound:GoopSpray","Slimebound:SplitBruiser"],"picked":"Slimebound:Chomp","floor":11},{"not_picked":["Slimebound:RollThrough","Slimebound:Gluttony"],"picked":"Slimebound:Prepare","floor":12},{"not_picked":["Slimebound:RollThrough","Slimebound:SplitBruiser"],"picked":"Slimebound:ComboTackle","floor":14},{"not_picked":["Slimebound:Nibble","Slimebound:PressTheAttack","Slimebound:ViciousTackle"],"picked":"Singing Bowl","floor":15},{"not_picked":["Slimebound:MinionMaster","Slimebound:RallyTheTroops"],"picked":"Slimebound:DouseInSlime","floor":16},{"not_picked":["Slimebound:Schlurp","Slimebound:LeechEnergy","Slimebound:GrowthPunch"],"picked":"Singing Bowl","floor":19},{"not_picked":["Slimebound:SpikyOuterGoop","Slimebound:RainOfGoop"],"picked":"Slimebound:GoopTackle","floor":20},{"not_picked":["Slimebound:ViciousTackle","Slimebound:ServeAndProtect","Slimebound:ItLooksTasty"],"picked":"Singing Bowl","floor":21},{"not_picked":["Slimebound:SlimeSpikes","Slimebound:Repurpose+1"],"picked":"Slimebound:SplitLeeching","floor":22},{"not_picked":["Slimebound:ViciousTackle+1","Slimebound:Equalize","Slimebound:DivideAndConquer"],"picked":"Singing Bowl","floor":27},{"not_picked":["Slimebound:RollThrough","Slimebound:SelfFormingGoo"],"picked":"Slimebound:MassRepurpose","floor":28},{"not_picked":["Slimebound:SplitSpecialist","Slimebound:PressTheAttack+1","Slimebound:LeechingTouch"],"picked":"Singing Bowl","floor":32},{"not_picked":["Slimebound:MassFeed","Slimebound:Overexert"],"picked":"Slimebound:DuplicatedForm","floor":33},{"not_picked":["Slimebound:DisruptingSlam","Slimebound:MegaLick"],"picked":"Slimebound:LeadByExample","floor":36},{"not_picked":["Slimebound:HauntingLick","Slimebound:GrowthPunch+1"],"picked":"Slimebound:LeechEnergy+1","floor":37},{"not_picked":["Slimebound:LevelUp","Slimebound:RejuvenatingLick+1","Slimebound:SlimeSpikes+1"],"picked":"Singing Bowl","floor":38},{"not_picked":["Slimebound:SplitLeeching","Slimebound:SlimeSpikes","Slimebound:LivingWall+1"],"picked":"Singing Bowl","floor":43},{"not_picked":["Slimebound:LeechingTouch","Slimebound:Repurpose","Slimebound:SlimeBarrage+1"],"picked":"Singing Bowl","floor":44},{"not_picked":["Slimebound:LeadByExample+1","Slimebound:PressTheAttack+1"],"picked":"Slimebound:SamplingLick+1","floor":45},{"not_picked":["Slimebound:ItLooksTasty","Slimebound:FinishingTackle","Slimebound:GoopTackle"],"picked":"Singing Bowl","floor":46},{"not_picked":["Slimebound:RejuvenatingLick","Slimebound:SplitBruiser+1","Slimebound:SplitAcid"],"picked":"Singing Bowl","floor":49}],"player_experience":1546390,"relics_obtained":[{"floor":6,"key":"War Paint"},{"floor":7,"key":"Pen Nib"},{"floor":8,"key":"Singing Bowl"},{"floor":22,"key":"WingedGreaves"},{"floor":22,"key":"Meat on the Bone"},{"floor":28,"key":"Anchor"},{"floor":31,"key":"Necronomicon"},{"floor":41,"key":"Juzu Bracelet"},{"floor":45,"key":"Centennial Puzzle"}],"event_choices":[],"is_beta":false,"boss_relics":[{"not_picked":["Runic Dome","Empty Cage"],"picked":"bronze:MakeshiftBattery"},{"not_picked":["Black Star","Velvet Choker"],"picked":"SlaversCollar"}],"items_purged_floors":[14,27,46],"is_endless":false,"potions_floor_spawned":[4,6,10,11,15,16,19,32,33,38,43,44,49],"ascension_level":0}}