{"host":"o6rpelx2jpc8yies","time":1611111348,"event":{"mods":["BaseMod","Downfall","Minty Spire (QoL Compilation)","StSLib"],"gold_per_floor":[99,117,131,151,167,167,190,220,231,258,276,76,87,113,129,129,129,129],"floor_reached":16,"language":"ENG","playtime":1228,"items_purged":[],"score":204,"play_id":"8a7f3420-439f-4993-98ab-a625338ccf86","local_time":"20210119195548","is_ascension_mode":true,"campfire_choices":[{"floor":1,"key":"RECALL"},{"data":"Guardian:Suspension","floor":12,"key":"SMITH"}],"circlet_count":0,"master_deck":["Guardian:Strike_Guardian","Guardian:Strike_Guardian","Guardian:Strike_Guardian","Guardian:Defend_Guardian","Guardian:Defend_Guardian","Guardian:Defend_Guardian","Guardian:Defend_Guardian","Guardian:CurlUp","Guardian:TwinSlam+1","Guardian:Planning","Guardian:PrimingBeam","Guardian:Repulse","Guardian:ArmoredProtocol","Guardian:PiercingHide","Guardian:Suspension+1","Guardian:Clone","Guardian:Gem_Purple","Guardian:Gem_Cyan"],"relics":["Guardian:ModeShifter","Happy Flower","Torii","downfall:HeartBlessingRed","downfall:HeartBlessingBlue","Guardian:DefensiveModeMoreBlock"],"acts_visited":["Exordium"],"potions_floor_usage":[10,11,16,16,16],"damage_taken":[{"damage":5,"enemies":"Cultist","floor":2,"turns":5},{"damage":3,"enemies":"Jaw Worm","floor":3,"turns":4},{"damage":0,"enemies":"Small Slimes","floor":4,"turns":3},{"damage":4,"enemies":"3 Louse","floor":5,"turns":6},{"damage":0,"enemies":"Lagavulin","floor":8,"turns":10},{"damage":14,"enemies":"Lots of Slimes","floor":9,"turns":5},{"damage":5,"enemies":"3 Sentries","floor":10,"turns":8},{"damage":12,"enemies":"Exordium Wildlife","floor":11,"turns":6},{"damage":1,"enemies":"2 Fungi Beasts","floor":13,"turns":3},{"damage":8,"enemies":"Lagavulin","floor":14,"turns":6},{"damage":12,"enemies":"Lots of Slimes","floor":15,"turns":4},{"damage":21,"enemies":"SI_SHIV_ARCHETYPE","floor":16,"turns":7}],"seed_played":"3663968126072907188","potions_obtained":[{"floor":3,"key":"CultistPotion"},{"floor":5,"key":"DuplicationPotion"},{"floor":8,"key":"hexamod:SoulburnPotion"},{"floor":10,"key":"SpeedPotion"},{"floor":13,"key":"Block Potion"}],"is_trial":false,"path_per_floor":["R","M","M","M","M","?","T","E","M","E","M","R","M","E","M","B"],"character_chosen":"GUARDIAN","items_purchased":[],"campfire_rested":0,"item_purchase_floors":[],"current_hp_per_floor":[72,67,64,64,60,60,60,60,46,41,29,39,38,30,18,0,0,0],"gold":129,"neow_bonus":"UPGRADE_CARD","is_daily":false,"chose_seed":false,"campfire_upgraded":1,"win_rate":0.0,"timestamp":1611111348,"path_taken":["R","M","?","M","M","?","T","E","?","E","M","R","M","E","M","BOSS"],"items_purchased_type":[],"build_version":"2020-12-22","purchased_purges":0,"victory":false,"max_hp_per_floor":[80,80,80,80,80,80,80,80,80,80,80,90,90,90,90,90,90,90],"card_choices":[{"not_picked":["Guardian:WalkerClaw","Guardian:PrismaticBeam"],"picked":"Guardian:Planning","floor":2},{"not_picked":["Guardian:DonusPower","Guardian:Harden"],"picked":"Guardian:PrimingBeam","floor":3},{"not_picked":["Guardian:Planning","Guardian:Recover"],"picked":"Guardian:Repulse","floor":4},{"not_picked":["Guardian:WalkerClaw","Guardian:Reroute"],"picked":"Guardian:ArmoredProtocol","floor":5},{"not_picked":["Guardian:Gem_Blue","Guardian:TimeBomb"],"picked":"Guardian:PiercingHide","floor":8},{"not_picked":["Guardian:Recover","Guardian:PrimingBeam"],"picked":"Guardian:Gem_Fragmented","floor":9},{"not_picked":["Guardian:CrystalBeam","Guardian:SentryBeam","Guardian:Emergency"],"picked":"SKIP","floor":10},{"not_picked":["Guardian:TimeCapacitor","Guardian:TemporalShield"],"picked":"Guardian:Suspension","floor":11},{"not_picked":["Guardian:WalkerClaw","Guardian:CrystalBeam"],"picked":"Guardian:Clone","floor":13},{"not_picked":["Guardian:CrystalBeam","Guardian:Harden"],"picked":"Guardian:Gem_Purple","floor":14},{"not_picked":["Guardian:SpikerProtocol","Guardian:MultiBeam"],"picked":"Guardian:Gem_Cyan","floor":15}],"player_experience":1790524,"relics_obtained":[{"floor":8,"key":"Happy Flower"},{"floor":10,"key":"Torii"},{"floor":14,"key":"Guardian:DefensiveModeMoreBlock"}],"event_choices":[{"cards_removed":["Guardian:Strike_Guardian"],"damage_healed":0,"gold_gain":0,"player_choice":"Card Removal","damage_taken":0,"max_hp_gain":0,"max_hp_loss":0,"event_name":"Wheel of Change","floor":6,"gold_loss":0}],"is_beta":false,"boss_relics":[],"items_purged_floors":[],"is_endless":false,"potions_floor_spawned":[3,5,8,10,13],"killed_by":"SI_SHIV_ARCHETYPE","ascension_level":7}}