{"host":"yo9wwslrag05lh37","time":1611176297,"event":{"mods":["AchievementEnabler","BaseMod","Block Reminder","Colored Map","Colored Powertips","GifTheSpireLib","HexUI Lib","Highlight Path","Minty Spire (QoL Compilation)","Rare Cards Sparkle","Relic Stats","Replay The Spire","StSLib","everything is the same but u backflip on backflip"],"gold_per_floor":[116,116,135,151,168,168,194,194,194],"floor_reached":8,"language":"ENG","playtime":243,"items_purged":[],"score":96,"play_id":"69e72cff-0551-4503-baee-4d3e8f480b1c","local_time":"20210120215817","is_ascension_mode":true,"campfire_choices":[{"data":"Static Discharge","floor":6,"key":"SMITH"}],"circlet_count":0,"master_deck":["AscendersBane","Strike_B","Strike_B","Strike_B","Strike_B","Defend_B","Defend_B","Defend_B","Defend_B","Zap","Dualcast","Static Discharge+1","Panic Button","ReplaySolidLightProjector","Ball Lightning"],"relics":["Cracked Core","Replay:Baseball","Lantern"],"acts_visited":["Exordium"],"potions_floor_usage":[8],"damage_taken":[{"damage":0,"enemies":"2 Louse","floor":1,"turns":3},{"damage":7,"enemies":"Jaw Worm","floor":3,"turns":3},{"damage":2,"enemies":"Cultist","floor":4,"turns":4},{"damage":7,"enemies":"Looter","floor":5,"turns":3},{"damage":54,"enemies":"Lagavulin","floor":8,"turns":6}],"seed_played":"7544153093716275995","potions_obtained":[{"floor":4,"key":"PotionOfCapacity"},{"floor":5,"key":"Elixir"}],"is_trial":false,"path_per_floor":["M","?","M","M","M","R","T","E"],"character_chosen":"DEFECT","items_purchased":[],"campfire_rested":0,"item_purchase_floors":[],"current_hp_per_floor":[64,64,57,55,48,48,48,0,0],"gold":194,"neow_bonus":"RANDOM_COMMON_RELIC","is_daily":false,"chose_seed":false,"campfire_upgraded":1,"win_rate":0.0,"timestamp":1611176297,"path_taken":["M","?","M","M","M","R","?","E"],"items_purchased_type":[],"build_version":"2020-12-22","purchased_purges":0,"victory":false,"max_hp_per_floor":[71,71,71,71,71,71,71,71,71],"relic_stats":{"counters":[5,19],"obtain_stats":[{"Replay:Baseball":0,"Lantern":7,"Cracked Core":0},{"Replay:Baseball":0,"Lantern":4,"Cracked Core":0},{"Replay:Baseball":0,"Lantern":13,"Cracked Core":0}]},"card_choices":[{"not_picked":["Stack","Tempest"],"picked":"Static Discharge","floor":1},{"not_picked":["Chaos","Beam Cell"],"picked":"Panic Button","floor":3},{"not_picked":["Panic Button","Beam Cell"],"picked":"ReplaySolidLightProjector","floor":4},{"not_picked":["Gash","Sweeping Beam"],"picked":"Ball Lightning","floor":5}],"player_experience":1520425,"relics_obtained":[{"floor":7,"key":"Lantern"}],"event_choices":[{"damage_healed":0,"gold_gain":0,"player_choice":"Ignored","damage_taken":0,"max_hp_gain":0,"max_hp_loss":0,"event_name":"Liars Game","floor":2,"gold_loss":0}],"is_beta":false,"boss_relics":[],"items_purged_floors":[],"is_endless":false,"potions_floor_spawned":[4,5],"killed_by":"Lagavulin","ascension_level":20}}