{"host":"r4aerl4ckfvw1dw3","time":1611183371,"event":{"mods":["BaseMod","BetterRewards","Minty Spire (QoL Compilation)","Quick Restart","StSLib"],"gold_per_floor":[218,218,230,242,261,261,273,273,300,320,320,338,338,413,413,534,534,547,570,184,209,234,234,277,277,323,323,343,357,373,408,408,539,602,621,0,0,0,0,44,44,58,58,58,76,95,95,118,118,118,118,118,22,58,58,58],"floor_reached":55,"language":"ENG","playtime":3397,"items_purged":[],"score":804,"play_id":"b0641340-2a70-411d-bdd3-47d1ce9f7043","local_time":"20210120145611","is_ascension_mode":true,"campfire_choices":[{"data":"Flex","floor":6.0,"key":"SMITH"},{"floor":11.0,"key":"RECALL"},{"floor":13.0,"key":"REST"},{"data":"Armaments","floor":15.0,"key":"SMITH"},{"data":"Heavy Blade","floor":23.0,"key":"SMITH"},{"floor":25.0,"key":"REST"},{"floor":27.0,"key":"REST"},{"floor":32.0,"key":"REST"},{"floor":41,"key":"REST"},{"data":"Rage","floor":44,"key":"SMITH"},{"floor":47,"key":"REST"},{"data":"Iron Wave","floor":49,"key":"SMITH"},{"data":"Demon Form","floor":52,"key":"SMITH"}],"circlet_count":0,"master_deck":["Strike_R","Strike_R","Strike_R","Strike_R","Strike_R","Defend_R","Defend_R","Defend_R","Defend_R","Bash","Shockwave+1","Iron Wave+1","Flex+1","Armaments+1","Bludgeon","Infernal Blade+1","Thunderclap","Bandage Up","Heavy Blade+1","Metallicize+1","Clash","Rage+1","Power Through+1","Demon Form+1","Reaper","Body Slam+1","Shrug It Off+1","Heavy Blade","Entrench+1","Shrug It Off","Body Slam"],"relics":["Burning Blood","Golden Idol","Orichalcum","Philosopher\u0027s Stone","Happy Flower","Nunchaku","Red Skull","Oddly Smooth Stone","Bronze Scales","Tiny House","Red Mask","Regal Pillow","Bag of Marbles"],"acts_visited":["Exordium","TheCity","TheBeyond","TheEnding"],"potions_floor_usage":[42,46,46,50,50,54],"damage_taken":[{"damage":2.0,"enemies":"Small Slimes","floor":1.0,"turns":5.0},{"damage":0.0,"enemies":"2 Louse","floor":3.0,"turns":4.0},{"damage":4.0,"enemies":"Jaw Worm","floor":4.0,"turns":4.0},{"damage":9.0,"enemies":"3 Louse","floor":5.0,"turns":3.0},{"damage":19.0,"enemies":"Exordium Thugs","floor":7.0,"turns":4.0},{"damage":4.0,"enemies":"2 Fungi Beasts","floor":10.0,"turns":3.0},{"damage":4.0,"enemies":"Blue Slaver","floor":12.0,"turns":3.0},{"damage":15.0,"enemies":"The Guardian","floor":16.0,"turns":18.0},{"damage":12.0,"enemies":"Shell Parasite","floor":18.0,"turns":4.0},{"damage":4.0,"enemies":"3 Byrds","floor":19.0,"turns":5.0},{"damage":0.0,"enemies":"3 Cultists","floor":21.0,"turns":3.0},{"damage":13.0,"enemies":"Centurion and Healer","floor":22.0,"turns":4.0},{"damage":52.0,"enemies":"Slavers","floor":24.0,"turns":7.0},{"damage":2.0,"enemies":"Snecko","floor":28.0,"turns":4.0},{"damage":23.0,"enemies":"3 Cultists","floor":29.0,"turns":5.0},{"damage":12.0,"enemies":"Sentry and Sphere","floor":30.0,"turns":4.0},{"damage":25.0,"enemies":"Book of Stabbing","floor":31.0,"turns":5.0},{"damage":71.0,"enemies":"Champ","floor":33.0,"turns":12.0},{"damage":18.0,"enemies":"Orb Walker","floor":35.0,"turns":4.0},{"damage":105,"enemies":"Reptomancer","floor":40,"turns":11},{"damage":15,"enemies":"3 Shapes","floor":42,"turns":5},{"damage":15,"enemies":"Maw","floor":45,"turns":8},{"damage":82,"enemies":"Transient","floor":46,"turns":5},{"damage":7,"enemies":"Sphere and 2 Shapes","floor":48,"turns":6},{"damage":85,"enemies":"Awakened One","floor":50,"turns":11},{"damage":59,"enemies":"Shield and Spear","floor":54,"turns":8},{"damage":45,"enemies":"The Heart","floor":55,"turns":2}],"seed_played":"-5930867282565559550","potions_obtained":[{"floor":4.0,"key":"SkillPotion"},{"floor":5.0,"key":"SpeedPotion"},{"floor":7.0,"key":"Swift Potion"},{"floor":21.0,"key":"AttackPotion"},{"floor":22.0,"key":"ElixirPotion"},{"floor":28.0,"key":"DuplicationPotion"},{"floor":30.0,"key":"FairyPotion"},{"floor":34.0,"key":"ElixirPotion"},{"floor":42,"key":"Energy Potion"},{"floor":45,"key":"PowerPotion"},{"floor":48,"key":"Fire Potion"}],"is_trial":false,"path_per_floor":["M","?","M","M","M","R","M","?","T","M","R","M","R","?","R","B",null,"M","M","$","M","M","R","E","R","T","R","M","M","M","E","R","B",null,"M","?","?","?","$","E","R","M","T","R","M","M","R","M","R","B",null,"R","$","E","B"],"character_chosen":"IRONCLAD","items_purchased":["Happy Flower","Nunchaku","Bandage Up","PowerPotion","Shrug It Off"],"campfire_rested":6,"item_purchase_floors":[20,20,20,53,53],"current_hp_per_floor":[80,80,80,80,77,77,64,44,44,46,46,48,72,61,61,52,80,74,76,76,80,77,77,35,59,59,80,80,63,61,46,70,11,85,73,73,73,73,73,31,71,83,83,83,78,13,53,72,72,10,85,85,85,41,0,0],"gold":58,"neow_bonus":"HUNDRED_GOLD","is_daily":false,"chose_seed":false,"campfire_upgraded":6,"win_rate":0.0,"timestamp":1611183371,"path_taken":["M","?","M","M","M","R","M","?","T","M","R","M","R","?","R","BOSS","M","M","$","M","M","R","E","R","T","R","M","M","M","E","R","BOSS","M","?","?","?","?","E","R","M","T","R","M","M","R","M","R","BOSS","R","$","E","BOSS"],"items_purchased_type":["Relic","Relic","Card","Potion","Card"],"build_version":"2020-12-22","purchased_purges":0,"victory":false,"max_hp_per_floor":[80,80,80,80,80,80,80,80,80,80,80,80,80,80,80,80,80,80,80,80,80,80,80,80,80,80,80,80,80,80,80,80,80,85,85,85,85,85,85,85,85,85,85,85,85,85,85,85,85,85,85,85,85,85,85,85],"card_choices":[{"not_picked":["Havoc","Headbutt"],"picked":"Shockwave","floor":1.0},{"not_picked":["Reckless Charge","Fire Breathing","Clash"],"picked":"SKIP","floor":3.0},{"not_picked":["Ghostly Armor","Sword Boomerang"],"picked":"Iron Wave","floor":4.0},{"not_picked":["Iron Wave","Sword Boomerang"],"picked":"Flex","floor":5.0},{"not_picked":["Fiend Fire","Cleave","Clash"],"picked":"SKIP","floor":7.0},{"not_picked":["Cleave","Warcry"],"picked":"Armaments","floor":10.0},{"not_picked":["Perfected Strike","Blood for Blood"],"picked":"Iron Wave","floor":12.0},{"not_picked":["Barricade","Immolate"],"picked":"Bludgeon","floor":16.0},{"not_picked":["Uppercut","Perfected Strike"],"picked":"Infernal Blade+1","floor":18.0},{"not_picked":["Twin Strike","Bludgeon"],"picked":"Thunderclap","floor":19.0},{"not_picked":["True Grit","Perfected Strike","Twin Strike"],"picked":"SKIP","floor":21.0},{"not_picked":["Iron Wave","Spot Weakness"],"picked":"Heavy Blade","floor":22.0},{"not_picked":["Sentinel","Bludgeon"],"picked":"Metallicize+1","floor":24.0},{"not_picked":["Thunderclap","Searing Blow"],"picked":"Clash","floor":28.0},{"not_picked":["True Grit","Disarm"],"picked":"Rage","floor":29.0},{"not_picked":["Dark Embrace","Intimidate"],"picked":"Power Through","floor":30.0},{"not_picked":["Armaments+1","Dark Embrace"],"picked":"Demon Form","floor":31.0},{"not_picked":["Corruption","Bludgeon"],"picked":"Reaper","floor":33.0},{"not_picked":["Shockwave+1","Cleave"],"picked":"Body Slam+1","floor":34.0},{"not_picked":["Power Through+1","Evolve"],"picked":"Shrug It Off+1","floor":35.0},{"not_picked":["Anger","Blood for Blood+1","Combust+1"],"picked":"SKIP","floor":40},{"not_picked":["Sword Boomerang","Pommel Strike","Cleave"],"picked":"SKIP","floor":42},{"not_picked":["Sword Boomerang+1","Power Through"],"picked":"Heavy Blade","floor":45},{"not_picked":["Evolve","Shrug It Off"],"picked":"Entrench+1","floor":46},{"not_picked":["Clash","Perfected Strike","Body Slam"],"picked":"SKIP","floor":48},{"not_picked":["True Grit","Brutality"],"picked":"Body Slam","floor":54}],"player_experience":387462,"relics_obtained":[{"floor":9.0,"key":"Orichalcum"},{"floor":24.0,"key":"Red Skull"},{"floor":26.0,"key":"Oddly Smooth Stone"},{"floor":31.0,"key":"Bronze Scales"},{"floor":40,"key":"Regal Pillow"},{"floor":54,"key":"Bag of Marbles"}],"event_choices":[{"damage_healed":0.0,"max_hp_gain":0.0,"max_hp_loss":0.0,"gold_gain":0.0,"event_name":"Living Wall","player_choice":"Grow","floor":2.0,"gold_loss":0.0,"damage_taken":0.0,"cards_upgraded":["Shockwave"]},{"damage_healed":0.0,"max_hp_gain":0.0,"max_hp_loss":0.0,"gold_gain":0.0,"event_name":"Golden Idol","player_choice":"Take Damage","floor":8.0,"gold_loss":0.0,"damage_taken":20.0,"relics_obtained":["Golden Idol"]},{"damage_healed":0.0,"max_hp_gain":0.0,"max_hp_loss":0.0,"gold_gain":75.0,"event_name":"World of Goop","player_choice":"Gather Gold","floor":14.0,"gold_loss":0.0,"damage_taken":11.0},{"damage_healed":0.0,"max_hp_gain":0.0,"max_hp_loss":0.0,"gold_gain":0.0,"event_name":"Tomb of Lord Red Mask","player_choice":"Paid","floor":36.0,"gold_loss":621.0,"damage_taken":0.0,"relics_obtained":["Red Mask"]},{"damage_healed":0.0,"max_hp_gain":0.0,"max_hp_loss":0.0,"gold_gain":0.0,"event_name":"SensoryStone","player_choice":"Memory 1","floor":37.0,"gold_loss":0.0,"damage_taken":0.0},{"cards_removed":["Iron Wave"],"damage_healed":0.0,"max_hp_gain":0.0,"max_hp_loss":0.0,"gold_gain":0.0,"event_name":"Falling","player_choice":"Removed Attack","floor":38.0,"gold_loss":0.0,"damage_taken":0.0}],"is_beta":false,"boss_relics":[{"not_picked":["Empty Cage","Pandora\u0027s Box"],"picked":"Philosopher\u0027s Stone"},{"not_picked":["Velvet Choker","Runic Dome"],"picked":"Tiny House"}],"items_purged_floors":[],"is_endless":false,"potions_floor_spawned":[4,5,7,12,16,21,22,28,30,42,45,48],"killed_by":"The Heart","ascension_level":2}}