{"host":"9czo1ewqehy3yunx","time":1611157656,"event":{"mods":["Act Like it!","BaseMod","CapriCore","DeckTracker","GifTheSpireLib","Hermit","Keyboard Shortcuts","Minty Spire (QoL Compilation)","Permanent Neow","Quick Restart","StSLib","SuperFastMode"],"gold_per_floor":[116,173,187,199,52,52,64,82,136,136,150,150,150,173,173,173,173],"floor_reached":16,"language":"KOR","playtime":534,"items_purged":[],"score":94,"play_id":"f273e2e8-cb6f-43b9-9860-0d2812a5a95d","local_time":"20210121004736","is_ascension_mode":false,"campfire_choices":[{"data":"hermit:HighCaliber","floor":6,"key":"SMITH"},{"data":"hermit:Strike_Hermit","floor":10,"key":"SMITH"},{"data":"hermit:BodyArmor","floor":12,"key":"SMITH"},{"floor":15,"key":"REST"}],"circlet_count":0,"master_deck":["hermit:Strike_Hermit+1","hermit:Strike_Hermit+1","hermit:Strike_Hermit+1","hermit:Strike_Hermit+1","hermit:Defend_Hermit","hermit:Defend_Hermit","hermit:Defend_Hermit","hermit:Defend_Hermit","hermit:Snapshot","hermit:Covet","hermit:HighCaliber+1","hermit:BodyArmor+1","hermit:BodyArmor","hermit:LuckOfTheDraw"],"relics":["hermit:Momento","Whetstone","Anchor","Golden Idol"],"acts_visited":["Exordium"],"potions_floor_usage":[11,16,16],"damage_taken":[{"damage":8,"enemies":"Jaw Worm","floor":1,"turns":3},{"damage":5,"enemies":"2 Louse","floor":3,"turns":2},{"damage":2,"enemies":"Small Slimes","floor":4,"turns":2},{"damage":12,"enemies":"Blue Slaver","floor":7,"turns":2},{"damage":0,"enemies":"2 Fungi Beasts","floor":8,"turns":3},{"damage":5,"enemies":"Exordium Wildlife","floor":11,"turns":4},{"damage":0,"enemies":"Blue Slaver","floor":14,"turns":3},{"damage":55,"enemies":"The Guardian","floor":16,"turns":15}],"seed_played":"-5290025531877722524","potions_obtained":[{"floor":3,"key":"hermit:BlackBile"},{"floor":8,"key":"DistilledChaos"},{"floor":11,"key":"Fruit Juice"}],"is_trial":false,"path_per_floor":["M","?","M","M","$","R","M","M","T","R","M","R","?","M","R","B"],"character_chosen":"HERMIT","items_purchased":["Whetstone"],"campfire_rested":1,"item_purchase_floors":[5],"current_hp_per_floor":[67,67,62,60,60,60,48,48,48,48,48,48,28,28,52,0,0],"gold":173,"neow_bonus":"UPGRADE_CARD","is_daily":false,"chose_seed":false,"campfire_upgraded":3,"win_rate":0.0,"timestamp":1611157656,"path_taken":["M","?","M","M","$","R","M","M","T","R","M","R","?","M","R","BOSS"],"items_purchased_type":["Relic"],"build_version":"2020-12-22","purchased_purges":0,"victory":false,"max_hp_per_floor":[75,75,75,75,75,75,75,75,75,75,80,80,80,80,80,80,80],"card_choices":[{"not_picked":["hermit:Quickdraw","hermit:Vantage","hermit:TakeAim"],"picked":"SKIP","floor":1},{"not_picked":["hermit:Quickdraw","hermit:Vantage"],"picked":"hermit:HighCaliber","floor":3},{"not_picked":["hermit:Coalescence","hermit:Gestalt"],"picked":"hermit:BodyArmor","floor":4},{"not_picked":["hermit:TrackingShot","hermit:Spite"],"picked":"hermit:BodyArmor","floor":7},{"not_picked":["hermit:Adapt","hermit:Dive","hermit:LowProfile"],"picked":"SKIP","floor":8},{"not_picked":["hermit:Headshot","hermit:Gestalt","hermit:ItchyTrigger"],"picked":"SKIP","floor":11},{"not_picked":["hermit:Snipe","hermit:Quickdraw"],"picked":"hermit:LuckOfTheDraw","floor":14}],"player_experience":201889,"relics_obtained":[{"floor":9,"key":"Anchor"}],"event_choices":[{"damage_healed":0,"gold_gain":57,"player_choice":"Gained Gold","damage_taken":0,"max_hp_gain":0,"max_hp_loss":0,"event_name":"Golden Wing","floor":2,"gold_loss":0},{"damage_healed":0,"gold_gain":0,"player_choice":"Take Damage","damage_taken":20,"relics_obtained":["Golden Idol"],"max_hp_gain":0,"max_hp_loss":0,"event_name":"Golden Idol","floor":13,"gold_loss":0}],"is_beta":false,"boss_relics":[],"items_purged_floors":[],"is_endless":false,"potions_floor_spawned":[3,8,11],"killed_by":"The Guardian","ascension_level":0}}