{"host":"da4a6z8aof69aasy","time":1611174355,"event":{"mods":["AchievementEnabler","BaseMod","Block Reminder","Colored Powertips","DeckTracker","Highlight Path","Minty Spire (QoL Compilation)","Permanent Neow","Relic Stats","StSLib"],"gold_per_floor":[111,127,127,139,154,154,186,199,247,247,265,282,50,77,77,77,77],"floor_reached":16,"language":"ENG","playtime":1375,"items_purged":[],"score":200,"play_id":"59894b27-fb5f-4f88-bc6b-158a1eea6dc6","local_time":"20210120222555","is_ascension_mode":true,"campfire_choices":[{"data":"Bash","floor":6,"key":"SMITH"},{"data":"Pommel Strike","floor":10,"key":"SMITH"},{"data":"Inflame","floor":15,"key":"SMITH"}],"circlet_count":0,"master_deck":["AscendersBane","Strike_R","Strike_R","Strike_R","Strike_R","Defend_R","Defend_R","Defend_R","Bash+1","Thunderclap","Impervious","Pommel Strike+1","Dropkick","Inflame+1","Battle Trance"],"relics":["Empty Cage","Eternal Feather","Ornamental Fan","Ancient Tea Set","Bronze Scales","PreservedInsect"],"acts_visited":["Exordium"],"potions_floor_usage":[7,14,16],"damage_taken":[{"damage":4,"enemies":"Small Slimes","floor":1,"turns":3},{"damage":5,"enemies":"Cultist","floor":2,"turns":5},{"damage":11,"enemies":"Jaw Worm","floor":4,"turns":4},{"damage":0,"enemies":"2 Fungi Beasts","floor":5,"turns":3},{"damage":20,"enemies":"Lagavulin","floor":7,"turns":7},{"damage":13,"enemies":"Looter","floor":8,"turns":3},{"damage":0,"enemies":"Exordium Wildlife","floor":11,"turns":3},{"damage":9,"enemies":"3 Louse","floor":12,"turns":4},{"damage":30,"enemies":"3 Sentries","floor":14,"turns":7},{"damage":12,"enemies":"Hexaghost","floor":16,"turns":7}],"seed_played":"-3919339211675040859","potions_obtained":[{"floor":4,"key":"Fire Potion"},{"floor":8,"key":"Strength Potion"},{"floor":12,"key":"Regen Potion"},{"floor":14,"key":"Weak Potion"}],"is_trial":false,"path_per_floor":["M","M","?","M","M","R","E","M","T","R","M","M","$","E","R","B"],"character_chosen":"IRONCLAD","items_purchased":["Inflame","Bronze Scales"],"campfire_rested":0,"item_purchase_floors":[13,13],"current_hp_per_floor":[64,59,59,48,48,54,34,21,21,27,27,18,18,3,12,0,0],"gold":77,"neow_bonus":"BOSS_RELIC","is_daily":false,"chose_seed":false,"campfire_upgraded":3,"win_rate":0.0,"timestamp":1611174355,"path_taken":["M","M","?","M","M","R","E","M","T","R","M","?","$","E","R","BOSS"],"items_purchased_type":["Card","Relic"],"build_version":"2020-12-22","purchased_purges":0,"victory":false,"max_hp_per_floor":[75,75,75,75,75,75,75,75,75,75,75,75,75,75,75,75,75],"relic_stats":{"counters":[10,46],"Ornamental Fan":[40],"Bronze Scales":[51],"Eternal Feather":21,"PreservedInsect":0,"obtain_stats":[{"Ornamental Fan":7,"Bronze Scales":13,"Eternal Feather":3,"PreservedInsect":14,"Empty Cage":0,"Ancient Tea Set":9,"Burning Blood":0},{"Ornamental Fan":5,"Bronze Scales":8,"Eternal Feather":2,"PreservedInsect":9,"Empty Cage":0,"Ancient Tea Set":6,"Burning Blood":0},{"Ornamental Fan":22,"Bronze Scales":32,"Eternal Feather":8,"PreservedInsect":39,"Empty Cage":0,"Ancient Tea Set":25,"Burning Blood":0}]},"card_choices":[{"not_picked":["Searing Blow","Sword Boomerang"],"picked":"Thunderclap","floor":1},{"not_picked":["Shrug It Off","Clothesline"],"picked":"Disarm","floor":2},{"not_picked":["Twin Strike","Pommel Strike"],"picked":"Impervious","floor":4},{"not_picked":["Iron Wave","Headbutt"],"picked":"Pommel Strike","floor":5},{"not_picked":["Cleave","True Grit"],"picked":"Dropkick","floor":7},{"not_picked":["Clothesline","Infernal Blade","Metallicize"],"picked":"SKIP","floor":8},{"not_picked":["Sever Soul","Headbutt","Ghostly Armor"],"picked":"SKIP","floor":11},{"not_picked":["Limit Break","Havoc","Twin Strike"],"picked":"SKIP","floor":12},{"not_picked":["Dark Embrace","Rage"],"picked":"Battle Trance","floor":14}],"player_experience":2083276,"relics_obtained":[{"floor":7,"key":"Ornamental Fan"},{"floor":9,"key":"Ancient Tea Set"},{"floor":14,"key":"PreservedInsect"}],"event_choices":[{"cards_removed":["Disarm"],"damage_healed":0,"gold_gain":0,"player_choice":"Gave Card","damage_taken":0,"relics_obtained":["Eternal Feather"],"max_hp_gain":0,"max_hp_loss":0,"event_name":"WeMeetAgain","floor":3,"gold_loss":0}],"is_beta":false,"boss_relics":[],"items_purged_floors":[],"is_endless":false,"potions_floor_spawned":[4,8,12,14],"killed_by":"Hexaghost","ascension_level":15}}