{"host":"v4tuy5ykrbdcm9o9","time":1611179657,"event":{"mods":["BaseMod","Duelist Mod","Minty Spire (QoL Compilation)","Replay The Spire","StSLib"],"gold_per_floor":[113,131,150,167,181,181,211,211,258,14,47,47,47,58,58,155,155,165,182,200,211,226,258,258,292,317,317,417,447,464,492,492,588,588,603,622,635,833,887,918,918,918,918,943,943,976,976,988,988,988],"floor_reached":51,"language":"ENG","playtime":7897,"items_purged":[],"score":1315,"play_id":"ff6c1b39-06f9-460c-ab82-6a68fd6f0f07","local_time":"20210120165417","is_ascension_mode":true,"campfire_choices":[{"data":"Meditate","floor":6,"key":"SMITH"},{"data":"Judgement","floor":12,"key":"SMITH"},{"floor":15,"key":"REST"},{"floor":24,"key":"REST"},{"floor":32,"key":"REST"},{"floor":42,"key":"REST"},{"data":"1","floor":45,"key":"LIFT"},{"data":"2","floor":47,"key":"LIFT"},{"data":"3","floor":49,"key":"LIFT"}],"circlet_count":0,"master_deck":["Strike_P+1","Strike_P+1","Strike_P+1","Strike_P+1","Defend_P+1","Defend_P+1","Defend_P+1","Defend_P+1","Eruption","Vigilance","Prostrate","JustLucky","Sanctity","Meditate+1","SandsOfTime","Prostrate","SashWhip+1","Replay:Hum+1","Judgement+1","SignatureMove","Judgement","TalkToTheHand","FollowUp","Swivel+1","Wireheading","Wallop","LessonLearned","ThirdEye+1","Halt","EmptyMind+1","LikeWater+1","DevaForm+1","ThirdEye+1","Perseverance+1","WaveOfTheHand+1","InnerPeace+1","ClearTheMind+1","Collect+1","Weave+1","Pot Of Greed","Pot Of Greed","Pot Of Greed","Pot Of Greed","BattleHymn","FollowUp+1"],"relics":["PureWater","Bronze Scales","ReplayTheSpireMod:TigerMarble","Blue Doll","Mirror","Replay:Grab Bag","ChewingGum","Painkiller Herb","Black Star","Potion Belt","Chameleon Ring","Singing Bowl","Counterbalance","Happy Flower","Replay:Multitool","Pantograph","Pocketwatch","ReplayTheSpireMod:Shallot","Calipers","Omamori","Honey Jar","Torii","Girya","Molten Egg 2","Bottled Lightning","Ginger","Damaru","Regal Pillow","Grinning Jar"],"acts_visited":["Exordium","TheCity","TheBeyond"],"potions_floor_usage":[11,16,18,21,22,25,28,33,33,37,39,40,48,50,50],"damage_taken":[{"damage":1,"enemies":"2 Louse","floor":1,"turns":2},{"damage":2,"enemies":"Jaw Worm","floor":2,"turns":3},{"damage":6,"enemies":"Small Slimes","floor":3,"turns":3},{"damage":0,"enemies":"3 Louse","floor":4,"turns":4},{"damage":4,"enemies":"Red Slaver","floor":5,"turns":3},{"damage":9,"enemies":"Lagavulin","floor":7,"turns":6},{"damage":0,"enemies":"Gremlin Nob","floor":11,"turns":2},{"damage":0,"enemies":"Blue Slaver","floor":14,"turns":1},{"damage":0,"enemies":"Slime Boss","floor":16,"turns":3},{"damage":2,"enemies":"Chosen","floor":18,"turns":2},{"damage":0,"enemies":"Spheric Guardian","floor":19,"turns":2},{"damage":9,"enemies":"Centurion and Healer","floor":20,"turns":3},{"damage":3,"enemies":"3 Cultists","floor":21,"turns":4},{"damage":4,"enemies":"Snake Plant","floor":22,"turns":2},{"damage":8,"enemies":"Gremlin Leader","floor":23,"turns":5},{"damage":18,"enemies":"Book of Stabbing","floor":25,"turns":7},{"damage":2,"enemies":"Colosseum Slavers","floor":28,"turns":2},{"damage":0,"enemies":"Colosseum Nobs","floor":28,"turns":2},{"damage":0,"enemies":"theDuelist:KaibaA2","floor":29,"turns":3},{"damage":0,"enemies":"Centurion and Healer","floor":30,"turns":5},{"damage":0,"enemies":"Book of Stabbing","floor":31,"turns":5},{"damage":24,"enemies":"Champ","floor":33,"turns":10},{"damage":0,"enemies":"Orb Walker","floor":35,"turns":2},{"damage":0,"enemies":"3 Shapes","floor":36,"turns":2},{"damage":5,"enemies":"Jaw Worm Horde","floor":37,"turns":4},{"damage":1,"enemies":"2 Orb Walkers","floor":39,"turns":6},{"damage":0,"enemies":"R_Hoarder","floor":40,"turns":9},{"damage":1,"enemies":"Nemesis","floor":44,"turns":7},{"damage":0,"enemies":"R_Hoarder","floor":46,"turns":8},{"damage":0,"enemies":"Maw","floor":48,"turns":5},{"damage":30,"enemies":"Awakened One","floor":50,"turns":9}],"seed_played":"2289968156761017495","potions_obtained":[{"floor":2,"key":"LiquidMemories"},{"floor":11,"key":"PowerPotion"},{"floor":16,"key":"DistilledChaos"},{"floor":18,"key":"FearPotion"},{"floor":21,"key":"GamblersBrew"},{"floor":22,"key":"Ancient Potion"},{"floor":23,"key":"BlessingOfTheForge"},{"floor":25,"key":"Cursed Concoction"},{"floor":29,"key":"Death Potion"},{"floor":30,"key":"Adrenaline Potion"},{"floor":33,"key":"BlessingOfTheForge"},{"floor":36,"key":"AttackPotion"},{"floor":37,"key":"SneckoOil"},{"floor":39,"key":"Ambrosia"},{"floor":46,"key":"Adrenaline Potion"}],"is_trial":false,"path_per_floor":["M","M","M","M","M","R","E","?","T","$","E","R","?","M","R","B",null,"?","?","?","?","?","E","T","E","T","?","?","E","?","E","T","B",null,"?","?","?","?","?","E","?","T","T","E","T","E","T","?","T","B",null],"character_chosen":"WATCHER","items_purchased":["SashWhip+1","Replay:Hum","EntropicBrew","PowerPotion"],"campfire_rested":4,"item_purchase_floors":[10,10,10,10],"current_hp_per_floor":[71,69,63,63,59,59,50,50,50,50,50,50,36,36,57,57,68,66,66,57,54,50,42,63,45,45,45,43,43,43,43,64,48,66,68,68,63,45,44,44,44,66,66,65,65,65,65,65,65,44],"gold":988,"neow_bonus":"RANDOM_COMMON_RELIC","is_daily":false,"chose_seed":false,"campfire_upgraded":2,"win_rate":0.0,"timestamp":1611179657,"path_taken":["M","M","M","M","M","R","E","?","T","$","E","R","?","M","R","BOSS","?","?","?","?","?","E","T","E","T","?","?","E","?","E","T","BOSS","?","?","?","?","?","E","?","T","T","E","T","E","T","?","T","BOSS"],"items_purchased_type":["Card","Card","Potion","Potion"],"build_version":"2020-12-22","purchased_purges":0,"victory":true,"max_hp_per_floor":[72,72,72,72,72,72,72,72,72,72,72,72,72,72,72,72,72,72,72,72,72,72,72,72,72,72,72,72,72,72,72,72,72,72,74,74,74,74,74,74,74,74,74,74,74,74,74,74,74,74],"card_choices":[{"not_picked":["Protect","Fasting2"],"picked":"Prostrate","floor":1},{"not_picked":["FlurryOfBlows","EmptyBody"],"picked":"JustLucky","floor":2},{"not_picked":["Replay:Anticipation","CrushJoints"],"picked":"Sanctity","floor":3},{"not_picked":["Replay:Anticipation","BowlingBash"],"picked":"Meditate","floor":4},{"not_picked":["EmptyBody","Consecrate"],"picked":"SandsOfTime","floor":5},{"not_picked":["ConjureBlade","Protect"],"picked":"Prostrate","floor":7},{"not_picked":["EmptyBody","ClearTheMind"],"picked":"Judgement","floor":11},{"not_picked":["ClearTheMind","Protect"],"picked":"SignatureMove","floor":14},{"not_picked":["Scrawl","SpiritShield"],"picked":"Judgement","floor":16},{"not_picked":["Prostrate+1","ThirdEye"],"picked":"TalkToTheHand","floor":18},{"not_picked":["Sanctity","MentalFortress+1"],"picked":"FollowUp","floor":19},{"not_picked":["Replay:Vibes","SashWhip","Replay:AtTheReady"],"picked":"SKIP","floor":20},{"not_picked":["CarveReality","Tantrum"],"picked":"Swivel+1","floor":21},{"not_picked":["Nirvana","Replay:AtTheReady"],"picked":"Wireheading","floor":22},{"not_picked":["BowlingBash","SignatureMove"],"picked":"Wallop","floor":23},{"not_picked":["ThirdEye+1","Sanctity"],"picked":"LessonLearned","floor":25},{"not_picked":["ClearTheMind","EmptyFist"],"picked":"ThirdEye+1","floor":28},{"not_picked":["DeceiveReality","FlyingSleeves+1"],"picked":"Halt","floor":29},{"not_picked":["FearNoEvil+1","PathToVictory"],"picked":"EmptyMind+1","floor":30},{"not_picked":["Replay:Vibes","CrushJoints"],"picked":"LikeWater+1","floor":31},{"not_picked":["LessonLearned","Replay:LoomingThreat"],"picked":"DevaForm","floor":33},{"not_picked":["JustLucky+1","MentalFortress+1","ThirdEye+1","PathToVictory"],"picked":"Singing Bowl","floor":35},{"not_picked":["SignatureMove","JustLucky","Protect+1"],"picked":"Perseverance+1","floor":36},{"not_picked":["FearNoEvil","Consecrate","JustLucky"],"picked":"WaveOfTheHand+1","floor":37},{"not_picked":["EmptyBody","Tantrum+1","Replay:Anticipation+1"],"picked":"InnerPeace+1","floor":38},{"not_picked":["BowlingBash+1","FollowUp","LikeWater"],"picked":"ClearTheMind+1","floor":39},{"not_picked":["Replay:Anticipation+1","Indignation","Fasting2+1"],"picked":"Collect+1","floor":40},{"not_picked":["Collect","Replay:LoomingThreat","EmptyBody"],"picked":"Weave+1","floor":44},{"not_picked":["CrushJoints+1","Nirvana","Crescendo"],"picked":"BattleHymn","floor":46},{"not_picked":["Replay:Battleflow+1","FlyingSleeves+1","ThirdEye"],"picked":"FollowUp+1","floor":48}],"player_experience":605533,"relics_obtained":[{"floor":7,"key":"ReplayTheSpireMod:TigerMarble"},{"floor":9,"key":"Blue Doll"},{"floor":11,"key":"Mirror"},{"floor":23,"key":"Potion Belt"},{"floor":23,"key":"Chameleon Ring"},{"floor":25,"key":"Singing Bowl"},{"floor":25,"key":"Counterbalance"},{"floor":26,"key":"Happy Flower"},{"floor":28,"key":"Replay:Multitool"},{"floor":28,"key":"Pantograph"},{"floor":29,"key":"Pocketwatch"},{"floor":29,"key":"ReplayTheSpireMod:Shallot"},{"floor":31,"key":"Calipers"},{"floor":31,"key":"Omamori"},{"floor":39,"key":"Torii"},{"floor":40,"key":"Girya"},{"floor":40,"key":"Molten Egg 2"},{"floor":43,"key":"Bottled Lightning"},{"floor":44,"key":"Ginger"},{"floor":44,"key":"Damaru"},{"floor":46,"key":"Regal Pillow"},{"floor":46,"key":"Grinning Jar"}],"event_choices":[{"damage_healed":0,"gold_gain":0,"player_choice":"Entered Light","damage_taken":14,"max_hp_gain":0,"max_hp_loss":0,"event_name":"Shining Light","floor":13,"gold_loss":0,"cards_upgraded":["Defend_P","Replay:Hum"]},{"damage_healed":0,"gold_gain":0,"player_choice":"Simplicity","damage_taken":0,"max_hp_gain":0,"max_hp_loss":0,"event_name":"Back to Basics","floor":27,"gold_loss":0,"cards_upgraded":["Strike_P","Strike_P","Strike_P","Defend_P","Defend_P","Defend_P"]},{"damage_healed":0,"gold_gain":0,"player_choice":"Fight","damage_taken":0,"max_hp_gain":0,"max_hp_loss":0,"event_name":"Colosseum","floor":28,"gold_loss":0},{"damage_healed":0,"gold_gain":0,"player_choice":"Fought Nobs","damage_taken":0,"max_hp_gain":0,"max_hp_loss":0,"event_name":"Colosseum","floor":28,"gold_loss":0},{"damage_healed":0,"gold_gain":0,"player_choice":"Fight","damage_taken":0,"max_hp_gain":0,"max_hp_loss":0,"event_name":"Mysterious Sphere","floor":39,"gold_loss":0},{"damage_healed":0,"gold_gain":0,"player_choice":"Upgraded","damage_taken":0,"max_hp_gain":0,"max_hp_loss":0,"event_name":"Upgrade Shrine","floor":41,"gold_loss":0,"cards_upgraded":["DevaForm"]}],"is_beta":false,"boss_relics":[{"not_picked":["Runic Pyramid","Coffee Dripper"],"picked":"Replay:Grab Bag"},{"not_picked":["ReplayTheSpireMod:DimensionalGlitch","Fusion Hammer"],"picked":"ChewingGum"},{"not_picked":["Ectoplasm","Runic Dome"],"picked":"Painkiller Herb"},{"not_picked":["HolyWater","Ring of Chaos"],"picked":"Black Star"},{"not_picked":["Astrolabe","Tiny House"],"picked":"Honey Jar"}],"items_purged_floors":[],"is_endless":false,"potions_floor_spawned":[2,11,14,16,18,21,22,23,25,29,30,33,36,37,39,46],"ascension_level":5}}