{"host":"foq4mrde4mssg7vt","time":1611143516,"event":{"mods":["AchievementEnabler","BaseMod","Colored Map","Colored Powertips","Highlight Path","Minty Spire (QoL Compilation)","Relic Stats","everything is the same but u backflip on backflip"],"gold_per_floor":[119,30,43,55,65,65,75,75,75,101,101,14,31,51,51,51,51],"floor_reached":16,"language":"ENG","playtime":363,"items_purged":[],"score":203,"play_id":"2d0ed021-40cc-4de4-8c49-b47bdd37f9a2","local_time":"20210120195156","is_ascension_mode":true,"campfire_choices":[{"data":"Doom and Gloom","floor":6.0,"key":"SMITH"},{"floor":8.0,"key":"REST"},{"floor":15.0,"key":"REST"}],"circlet_count":0,"master_deck":["AscendersBane","Strike_B","Strike_B","Strike_B","Defend_B","Defend_B","Zap","Dualcast","Streamline","Auto Shields","Ball Lightning","Doom and Gloom+1","Conserve Battery","Cold Snap","Redo","Self Repair","Loop","Compile Driver"],"relics":["Empty Cage","White Beast Statue","Vajra"],"acts_visited":["Exordium"],"potions_floor_usage":[],"damage_taken":[{"damage":7.0,"enemies":"Jaw Worm","floor":1.0,"turns":3.0},{"damage":1.0,"enemies":"Cultist","floor":3.0,"turns":3.0},{"damage":10.0,"enemies":"Small Slimes","floor":4.0,"turns":3.0},{"damage":5.0,"enemies":"Blue Slaver","floor":5.0,"turns":3.0},{"damage":21.0,"enemies":"Large Slime","floor":7.0,"turns":5.0},{"damage":26.0,"enemies":"3 Sentries","floor":10.0,"turns":6.0},{"damage":7.0,"enemies":"Gremlin Gang","floor":13.0,"turns":2.0},{"damage":12.0,"enemies":"Exordium Wildlife","floor":14.0,"turns":2.0},{"damage":27,"enemies":"Hexaghost","floor":16,"turns":7}],"seed_played":"-8144101249809141422","potions_obtained":[{"floor":1.0,"key":"GamblersBrew"},{"floor":7.0,"key":"DuplicationPotion"},{"floor":13.0,"key":"AttackPotion"},{"floor":14.0,"key":"Explosive Potion"}],"is_trial":false,"path_per_floor":["M","$","M","M","M","R","M","R","T","E","?","$","M","M","R","B"],"character_chosen":"DEFECT","items_purchased":["Streamline","Auto Shields","Self Repair"],"campfire_rested":2,"item_purchase_floors":[2,2,12],"current_hp_per_floor":[57,57,56,46,41,41,20,41,41,15,15,15,15,3,24,0,0],"gold":51,"neow_bonus":"BOSS_RELIC","is_daily":false,"chose_seed":false,"campfire_upgraded":1,"win_rate":0.0,"timestamp":1611143516,"path_taken":["M","$","M","M","M","R","M","R","T","E","?","$","M","M","R","BOSS"],"items_purchased_type":["Card","Card","Card"],"build_version":"2020-12-22","purchased_purges":0,"victory":false,"max_hp_per_floor":[71,71,71,71,71,71,71,71,71,71,71,71,71,71,71,71,71],"relic_stats":{"counters":[9,34],"obtain_stats":[{"Vajra":10,"Cracked Core":0,"Empty Cage":0,"White Beast Statue":9},{"Vajra":6,"Cracked Core":0,"Empty Cage":0,"White Beast Statue":5},{"Vajra":23,"Cracked Core":0,"Empty Cage":0,"White Beast Statue":17}]},"card_choices":[{"not_picked":["Scrape","Fusion","Aggregate"],"picked":"SKIP","floor":1.0},{"not_picked":["Redo","Go for the Eyes"],"picked":"Ball Lightning","floor":3.0},{"not_picked":["Steam","Sunder"],"picked":"Doom and Gloom","floor":4.0},{"not_picked":["Rip and Tear","Steam"],"picked":"Conserve Battery","floor":5.0},{"not_picked":["Sweeping Beam","Stack"],"picked":"Cold Snap","floor":7.0},{"not_picked":["Amplify","Fusion"],"picked":"Redo","floor":10.0},{"not_picked":["Leap","Redo"],"picked":"Loop","floor":13.0},{"not_picked":["FTL","Auto Shields"],"picked":"Compile Driver","floor":14.0}],"player_experience":509279,"relics_obtained":[{"floor":9.0,"key":"White Beast Statue"},{"floor":10.0,"key":"Vajra"}],"event_choices":[{"cards_removed":["Strike_B"],"damage_healed":0.0,"max_hp_gain":0.0,"max_hp_loss":0.0,"gold_gain":0.0,"event_name":"Bonfire Elementals","player_choice":"Offered Basic","floor":11.0,"gold_loss":0.0,"damage_taken":0.0}],"is_beta":false,"boss_relics":[],"items_purged_floors":[],"is_endless":false,"potions_floor_spawned":[1,7,10,13,14],"killed_by":"Hexaghost","ascension_level":19}}