{"host":"b5ofb9azpmwqws3x","time":1611128913,"event":{"mods":["BaseMod","Minty Spire (QoL Compilation)"],"gold_per_floor":[110,110,121,133,133,162,87,87,113,138,138,148,176,192,192,288,288,299,314,328,328,328],"floor_reached":21,"language":"ENG","playtime":883,"items_purged":["Flechettes"],"score":261,"play_id":"f8164e36-5a86-4b1f-abc6-8e1f70f85d3f","local_time":"20210120104833","is_ascension_mode":true,"campfire_choices":[{"floor":8,"key":"REST"},{"floor":15,"key":"REST"}],"circlet_count":0,"master_deck":["Survivor","Neutralize","Dodge and Roll","Cloak And Dagger+1","Acrobatics","Dash+1","Tools of the Trade","Footwork","Glass Knife","Acrobatics","Quick Slash","Dagger Spray","Caltrops+1","Corpse Explosion+1","Infinite Blades","Dagger Spray","Malaise","Terror"],"relics":["Pandora\u0027s Box","Dream Catcher","Happy Flower","PreservedInsect","War Paint","SlaversCollar"],"acts_visited":["Exordium","TheCity"],"potions_floor_usage":[10,13,13,16,18],"damage_taken":[{"damage":0,"enemies":"Jaw Worm","floor":1,"turns":4},{"damage":0,"enemies":"Cultist","floor":3,"turns":3},{"damage":0,"enemies":"2 Louse","floor":4,"turns":2},{"damage":24,"enemies":"3 Sentries","floor":6,"turns":6},{"damage":5,"enemies":"Lagavulin","floor":10,"turns":5},{"damage":7,"enemies":"Gremlin Gang","floor":12,"turns":2},{"damage":1,"enemies":"3 Sentries","floor":13,"turns":4},{"damage":0,"enemies":"Looter","floor":14,"turns":3},{"damage":31,"enemies":"Slime Boss","floor":16,"turns":9},{"damage":18,"enemies":"2 Thieves","floor":18,"turns":2},{"damage":21,"enemies":"Chosen","floor":19,"turns":5},{"damage":13,"enemies":"Centurion and Healer","floor":20,"turns":5},{"damage":10,"enemies":"Snake Plant","floor":21,"turns":1}],"seed_played":"2127140471168767075","potions_obtained":[{"floor":6,"key":"Strength Potion"},{"floor":10,"key":"BlessingOfTheForge"},{"floor":11,"key":"Strength Potion"},{"floor":11,"key":"EssenceOfSteel"},{"floor":14,"key":"Block Potion"},{"floor":16,"key":"SneckoOil"},{"floor":19,"key":"Fire Potion"}],"is_trial":false,"path_per_floor":["M","?","M","M","?","E","$","R","T","E","?","M","E","M","R","B",null,"M","M","M","M"],"character_chosen":"THE_SILENT","items_purchased":[],"campfire_rested":2,"item_purchase_floors":[],"current_hp_per_floor":[63,63,63,63,49,25,25,46,46,41,41,34,33,33,54,23,58,40,19,6,0,0],"gold":328,"neow_bonus":"BOSS_RELIC","is_daily":false,"chose_seed":false,"campfire_upgraded":0,"win_rate":0.0,"timestamp":1611128913,"path_taken":["M","?","?","?","?","E","$","R","T","E","?","M","E","M","R","BOSS","M","?","M","M"],"items_purchased_type":[],"build_version":"2020-12-22","purchased_purges":1,"victory":false,"max_hp_per_floor":[70,70,70,70,70,70,70,70,70,70,70,70,70,70,70,70,70,70,70,70,70,70],"card_choices":[{"not_picked":["Acrobatics","Setup"],"picked":"Quick Slash","floor":1},{"not_picked":["Prepared","Bane"],"picked":"Dagger Spray","floor":3},{"not_picked":["Quick Slash","Prepared"],"picked":"Caltrops","floor":4},{"not_picked":["Dodge and Roll","Backflip","Skewer"],"picked":"SKIP","floor":6},{"not_picked":["Prepared","Setup"],"picked":"Corpse Explosion","floor":10},{"not_picked":["Eviscerate","Outmaneuver"],"picked":"Infinite Blades","floor":12},{"not_picked":["Concentrate","Quick Slash","Acrobatics"],"picked":"SKIP","floor":13},{"not_picked":["Acrobatics","Dodge and Roll"],"picked":"Dagger Spray","floor":14},{"not_picked":["Phantasmal Killer","Die Die Die"],"picked":"Malaise","floor":16},{"not_picked":["Dodge and Roll+1","Deflect"],"picked":"Terror","floor":18},{"not_picked":["Masterful Stab","Cloak And Dagger","Blade Dance+1"],"picked":"SKIP","floor":19},{"not_picked":["Acrobatics","Choke+1","Dagger Throw"],"picked":"SKIP","floor":20}],"player_experience":258471,"relics_obtained":[{"floor":6,"key":"Dream Catcher"},{"floor":9,"key":"Happy Flower"},{"floor":10,"key":"PreservedInsect"},{"floor":13,"key":"War Paint"}],"event_choices":[{"cards_removed":["Concentrate"],"damage_healed":0,"gold_gain":0,"player_choice":"Purged","damage_taken":0,"max_hp_gain":0,"max_hp_loss":0,"event_name":"Purifier","floor":2,"gold_loss":0},{"damage_healed":0,"gold_gain":0,"player_choice":"Entered Light","damage_taken":14,"max_hp_gain":0,"max_hp_loss":0,"event_name":"Shining Light","floor":5,"gold_loss":0,"cards_upgraded":["Dash","Caltrops"]},{"damage_healed":0,"gold_gain":0,"player_choice":"Got Potions","damage_taken":0,"max_hp_gain":0,"max_hp_loss":0,"event_name":"Lab","floor":11,"gold_loss":0}],"is_beta":false,"boss_relics":[{"not_picked":["Philosopher\u0027s Stone","HoveringKite"],"picked":"SlaversCollar"}],"items_purged_floors":[7],"is_endless":false,"potions_floor_spawned":[6,10,14,16,19],"killed_by":"Snake Plant","ascension_level":6}}