{"host":"njb27ds59h4j3ikk","time":1611122528,"event":{"mods":["AchievementEnabler","BaseMod","Better Altar","Better Match","Better Note","Better Sensory Stone","Better Skull","Better Third Choice","BetterRewards","Downfall","Hermit","Hubris","Minty Spire (QoL Compilation)","Permanent Neow","Quarter Circle Forward PUNCH!","Quick Restart","Rare Cards Sparkle","Shop Mod","StSLib","Trackpad","Transform Curses"],"gold_per_floor":[99,119,119,130,140,290,317,335,351,451,451,451,451,451,473,582,582,582,605,614,638,656,691,715,734,779,779,779,779],"floor_reached":27,"language":"ENG","playtime":978,"items_purged":[],"score":259,"play_id":"bc87d66a-625e-453a-abca-944e9dfc7fec","local_time":"20210120010208","is_ascension_mode":true,"campfire_choices":[{"data":"champ:Taunt","floor":1.0,"key":"SMITH"},{"data":"champ:ShieldWall","floor":13.0,"key":"SMITH"},{"data":"champ:HeavySlash","floor":18.0,"key":"SMITH"}],"circlet_count":0,"master_deck":["champ:Defend","champ:Defend","champ:Defend","champ:Defend","champ:Execute","champ:Taunt+1","champ:Shatter+1","champ:PreciseThrust","champ:FlashCut+1","downfall:Icky","champ:Encircle+1","champ:ShieldWall+1","downfall:Malfunctioning","champ:ShieldSigil","champ:HeavySlash+1","champ:FlashCut+1","Darkness+1","champ:GutPunch","Chrysalis","Good Instincts","champ:UltimateStance","champ:BringItOn","Bite","Bite","Bite","Bite","Bite"],"relics":["champ:ChampionCrownUpgraded","Juzu Bracelet","Vajra","CeramicFish","hubris:Icosahedron","Blood Vial","trackpad:AdjectivePendant"],"acts_visited":["Exordium","TheCity"],"potions_floor_usage":[23],"damage_taken":[{"damage":14.0,"enemies":"Cultist","floor":2.0,"turns":4.0},{"damage":0.0,"enemies":"2 Louse","floor":4.0,"turns":2.0},{"damage":2.0,"enemies":"Small Slimes","floor":5.0,"turns":3.0},{"damage":14.0,"enemies":"2 Fungi Beasts","floor":8.0,"turns":3.0},{"damage":12.0,"enemies":"3 Louse","floor":9.0,"turns":2.0},{"damage":31.0,"enemies":"Gremlin Gang","floor":15.0,"turns":5.0},{"damage":61.0,"enemies":"DF_ARCHETYPE_STREAMLINE","floor":16.0,"turns":9.0},{"damage":26.0,"enemies":"Shell Parasite","floor":19.0,"turns":4.0},{"damage":18.0,"enemies":"Chosen","floor":21.0,"turns":4.0},{"damage":36,"enemies":"Book of Stabbing","floor":23,"turns":4},{"damage":41,"enemies":"Centurion and Healer","floor":25,"turns":5},{"damage":49,"enemies":"Shelled Parasite and Fungi","floor":27,"turns":3}],"seed_played":"9001049324150907586","potions_obtained":[{"floor":3.0,"key":"Ancient Potion"},{"floor":3.0,"key":"Guardian:BlockOnCardUsePotion"},{"floor":3.0,"key":"LiquidBronze"},{"floor":4.0,"key":"SteroidPotion"},{"floor":16.0,"key":"Ancient Potion"},{"floor":23,"key":"champ:CounterPotion"}],"is_trial":false,"path_per_floor":["R","M","?","M","M","?","T","M","M","?","?","?","R","?","M","B",null,"R","M","?","M","?","E","T","M","?","M"],"character_chosen":"THE_CHAMP","items_purchased":[],"campfire_rested":0,"item_purchase_floors":[],"current_hp_per_floor":[90,86,86,86,84,84,84,80,68,68,68,68,68,68,69,23,90,90,64,64,61,61,40,40,22,22,0,0,0],"gold":779,"neow_bonus":"RANDOM_COMMON_RELIC","is_daily":false,"chose_seed":false,"campfire_upgraded":3,"win_rate":0.0,"timestamp":1611122528,"path_taken":["R","M","?","M","M","?","T","M","M","?","?","?","R","?","M","BOSS","R","M","?","M","?","E","T","M","?","M"],"items_purchased_type":[],"build_version":"2020-12-22","purchased_purges":0,"victory":false,"max_hp_per_floor":[90,90,90,90,90,90,90,90,90,90,90,90,90,90,90,90,90,90,90,90,90,90,90,90,90,62,62,62,62],"card_choices":[{"not_picked":["champ:AdrenalArmor","champ:Lariat"],"picked":"champ:Shatter","floor":2.0},{"not_picked":["champ:AdrenalArmor","champ:EnGarde"],"picked":"champ:PreciseThrust","floor":4.0},{"not_picked":["champ:IronFortress","champ:Parry"],"picked":"champ:FlashCut","floor":5.0},{"not_picked":["champ:BringItOn","champ:Backstep"],"picked":"champ:Encircle","floor":8.0},{"not_picked":["champ:EndlessRage","champ:ArenaPreparation"],"picked":"champ:ShieldWall","floor":9.0},{"not_picked":["champ:AdrenalArmor","champ:FanOfKnives"],"picked":"champ:ShieldSigil","floor":15.0},{"not_picked":["champ:UltimateStance","champ:DancingMaster"],"picked":"champ:HeavySlash","floor":16.0},{"not_picked":["champ:SwordSigil","champ:ShieldSigil"],"picked":"champ:FlashCut+1","floor":19.0},{"not_picked":["champ:DefensiveShout","champ:EndlessRage"],"picked":"champ:GutPunch","floor":21.0},{"not_picked":["Panache","Purity"],"picked":"Chrysalis","floor":22.0},{"not_picked":["PanicButton","Finesse"],"picked":"Good Instincts","floor":22.0},{"not_picked":["champ:Haymaker","champ:CalledShot"],"picked":"champ:UltimateStance","floor":23},{"not_picked":["champ:GutPunch","champ:Shatter"],"picked":"champ:BringItOn","floor":25}],"player_experience":1259901,"relics_obtained":[{"floor":7.0,"key":"Vajra"},{"floor":23,"key":"Blood Vial"},{"floor":24,"key":"trackpad:AdjectivePendant"}],"event_choices":[{"damage_healed":0.0,"max_hp_gain":0.0,"max_hp_loss":0.0,"gold_gain":0.0,"event_name":"Lab","player_choice":"Got Potions","floor":3.0,"gold_loss":0.0,"damage_taken":0.0},{"cards_removed":["downfall:Malfunctioning"],"damage_healed":0.0,"max_hp_gain":0.0,"max_hp_loss":0.0,"gold_gain":0.0,"event_name":"betterNote:BetterNote","player_choice":"Take \u0026 Give","floor":20.0,"gold_loss":0.0,"damage_taken":0.0,"cards_obtained":["Darkness"]},{"damage_healed":0.0,"max_hp_gain":0.0,"max_hp_loss":0.0,"gold_gain":2.0,"event_name":"betterStone:BetterStone","player_choice":"1","floor":22.0,"gold_loss":0.0,"damage_taken":0.0},{"damage_healed":0,"gold_gain":0,"player_choice":"Became a vampire","damage_taken":0,"max_hp_gain":0,"max_hp_loss":28,"event_name":"Vampires","floor":26,"gold_loss":0,"cards_obtained":["Bite","Bite","Bite","Bite","Bite"]}],"is_beta":false,"boss_relics":[{"not_picked":["hubris:RunicObelisk","qcfpunch:Killian_Engine_Alpha"],"picked":"champ:ChampionCrownUpgraded"}],"items_purged_floors":[],"is_endless":false,"potions_floor_spawned":[4,8,15,16,19,23],"killed_by":"Shelled Parasite and Fungi","ascension_level":1}}