{"host":"ftwnpa9ceeptmrn1","time":1611172353,"event":{"mods":["Aspiration","BaseMod","Colored Map","Colored Powertips","Conspire","Downfall","Hubris","Infinite Spire","Minty Spire (QoL Compilation)","Relic Stats","StSLib","Waifu the Spire","vexMod"],"gold_per_floor":[117,117,136,148,22,57,77,77,77,77,77,77],"floor_reached":11,"language":"ENG","playtime":1053,"items_purged":["Regret"],"score":77,"play_id":"e21bb40c-a2fc-423c-b42d-c76510d7d6a4","local_time":"20210120135233","is_ascension_mode":true,"campfire_choices":[{"floor":10,"key":"REST"}],"circlet_count":0,"master_deck":["Strike_G","Strike_G","Strike_G","Strike_G","Defend_G","Defend_G","Defend_G","Defend_G","Defend_G","Survivor","Neutralize","Bouncing Flask","Terror","hubris:SlightOfHand","Prepared","Backflip","Catalyst"],"relics":["Ring of the Snake","conspire:Dentures","Boot","White Beast Statue"],"acts_visited":["Exordium"],"potions_floor_usage":[11],"damage_taken":[{"damage":0,"enemies":"Jaw Worm","floor":1,"turns":7},{"damage":3,"enemies":"Small Slimes","floor":3,"turns":5},{"damage":5,"enemies":"Cultist","floor":4,"turns":3},{"damage":27,"enemies":"Lagavulin","floor":6,"turns":7},{"damage":4,"enemies":"2 Fungi Beasts","floor":7,"turns":4},{"damage":46,"enemies":"3 Sentries","floor":11,"turns":12}],"seed_played":"-3719364223763286164","potions_obtained":[{"floor":7,"key":"LiquidMemories"}],"is_trial":false,"path_per_floor":["M","?","M","M","$","E","M","?","T","R","E"],"character_chosen":"THE_SILENT","items_purchased":["Prepared"],"campfire_rested":1,"item_purchase_floors":[5],"current_hp_per_floor":[77,77,74,69,69,42,38,31,31,54,8,8],"gold":77,"neow_bonus":"TEN_PERCENT_HP_BONUS","is_daily":false,"chose_seed":false,"campfire_upgraded":0,"win_rate":0.0,"timestamp":1611172353,"path_taken":["M","?","M","M","$","E","M","?","T","R","E"],"items_purchased_type":["Card"],"build_version":"2020-12-22","purchased_purges":1,"victory":false,"max_hp_per_floor":[77,77,77,77,77,77,77,77,77,77,77,77],"relic_stats":{"counters":[6,38],"Boot":[6],"obtain_stats":[{"conspire:Dentures":2,"Boot":6,"White Beast Statue":9,"Ring of the Snake":0},{"conspire:Dentures":1,"Boot":4,"White Beast Statue":5,"Ring of the Snake":0},{"conspire:Dentures":7,"Boot":22,"White Beast Statue":26,"Ring of the Snake":0}],"Ring of the Snake":[12]},"card_choices":[{"not_picked":["Cloak And Dagger","Well Laid Plans"],"picked":"Bouncing Flask","floor":1},{"not_picked":["Backflip","Finisher"],"picked":"Terror","floor":3},{"not_picked":["Expertise","Dash"],"picked":"hubris:SlightOfHand","floor":4},{"not_picked":["Sucker Punch","Dagger Throw"],"picked":"Backflip","floor":6},{"not_picked":["Escape Plan","Quick Slash"],"picked":"Catalyst","floor":7}],"player_experience":242847,"relics_obtained":[{"floor":6,"key":"Boot"},{"floor":9,"key":"White Beast Statue"}],"event_choices":[{"damage_healed":0,"gold_gain":0,"player_choice":"Box","damage_taken":0,"relics_obtained":["conspire:Dentures"],"max_hp_gain":0,"max_hp_loss":0,"event_name":"Big Fish","floor":2,"gold_loss":0,"cards_obtained":["Regret"]},{"cards_removed":["Strike_G"],"damage_healed":0,"gold_gain":0,"player_choice":"Card Removal","damage_taken":7,"max_hp_gain":0,"max_hp_loss":0,"event_name":"Golden Wing","floor":8,"gold_loss":0}],"is_beta":false,"boss_relics":[],"items_purged_floors":[5],"is_endless":false,"potions_floor_spawned":[7],"killed_by":"3 Sentries","ascension_level":1}}