{"host":"vumwfieg2b2mnrfl","time":1611163657,"event":{"mods":["AchievementEnabler","BaseMod","Minty Spire (QoL Compilation)","Rare Cards Sparkle","Relic Stats"],"gold_per_floor":[112,112,62,62,74,105,115,130,130,43,43,78,92,109,109,109,109],"floor_reached":16,"language":"ENG","playtime":600,"items_purged":["Regret"],"score":218,"play_id":"94362e6b-c295-47a7-bc9a-fc4c7970f03a","local_time":"20210120112737","is_ascension_mode":true,"campfire_choices":[{"floor":11.0,"key":"REST"},{"floor":15,"key":"REST"}],"circlet_count":0,"master_deck":["AscendersBane","Strike_G","Strike_G","Strike_G","Strike_G","Strike_G","Defend_G","Defend_G","Defend_G","Defend_G","Defend_G","Survivor","Neutralize","Catalyst","Acrobatics","Dagger Throw","Noxious Fumes","Noxious Fumes","Bane","All Out Attack","Sucker Punch"],"relics":["Velvet Choker","Smiling Mask","Matryoshka","Paper Crane","Gremlin Horn","Pear"],"acts_visited":["Exordium"],"potions_floor_usage":[12,16,16],"damage_taken":[{"damage":1.0,"enemies":"Cultist","floor":1.0,"turns":5.0},{"damage":2.0,"enemies":"Jaw Worm","floor":5.0,"turns":5.0},{"damage":52.0,"enemies":"3 Sentries","floor":6.0,"turns":15.0},{"damage":1.0,"enemies":"2 Louse","floor":7.0,"turns":4.0},{"damage":0.0,"enemies":"Blue Slaver","floor":8.0,"turns":5.0},{"damage":17,"enemies":"Gremlin Nob","floor":12,"turns":4},{"damage":0,"enemies":"Large Slime","floor":13,"turns":6},{"damage":11,"enemies":"3 Louse","floor":14,"turns":2},{"damage":35,"enemies":"Slime Boss","floor":16,"turns":7}],"seed_played":"6660808458777082079","potions_obtained":[{"floor":1.0,"key":"CultistPotion"},{"floor":5.0,"key":"Strength Potion"},{"floor":7.0,"key":"Swift Potion"},{"floor":13,"key":"Energy Potion"},{"floor":14,"key":"PowerPotion"}],"is_trial":false,"path_per_floor":["M","?","$","?","M","E","M","M","T","$","R","E","M","M","R","B"],"character_chosen":"THE_SILENT","items_purchased":["Noxious Fumes"],"campfire_rested":2,"item_purchase_floors":[10],"current_hp_per_floor":[58,58,58,58,56,4,3,3,3,3,22,15,15,4,26,0,0],"gold":109,"neow_bonus":"BOSS_RELIC","is_daily":false,"chose_seed":false,"campfire_upgraded":0,"win_rate":0.0,"timestamp":1611163657,"path_taken":["M","?","$","?","M","E","M","M","T","$","R","E","M","M","R","BOSS"],"items_purchased_type":["Card"],"build_version":"2020-12-22","purchased_purges":1,"victory":false,"max_hp_per_floor":[66,66,66,66,66,66,66,66,66,66,66,76,76,76,76,76,76],"relic_stats":{"Gremlin Horn":[3,3],"counters":[9,53],"Smiling Mask":25,"obtain_stats":[{"Matryoshka":6,"Pear":12,"Gremlin Horn":9,"Velvet Choker":0,"Paper Crane":9,"Smiling Mask":2,"Ring of the Snake":0},{"Matryoshka":3,"Pear":6,"Gremlin Horn":5,"Velvet Choker":0,"Paper Crane":5,"Smiling Mask":1,"Ring of the Snake":0},{"Matryoshka":25,"Pear":38,"Gremlin Horn":34,"Velvet Choker":0,"Paper Crane":34,"Smiling Mask":5,"Ring of the Snake":0}]},"card_choices":[{"not_picked":["Bane","Quick Slash"],"picked":"Catalyst","floor":1.0},{"not_picked":["Endless Agony","Reflex"],"picked":"Acrobatics","floor":5.0},{"not_picked":["Dodge and Roll","Sucker Punch","Reflex"],"picked":"SKIP","floor":6.0},{"not_picked":["Backstab","Eviscerate"],"picked":"Dagger Throw","floor":7.0},{"not_picked":["Flying Knee","PiercingWail"],"picked":"Noxious Fumes","floor":8.0},{"not_picked":["Deflect","Outmaneuver"],"picked":"Bane","floor":12},{"not_picked":["PiercingWail","Doppelganger"],"picked":"All Out Attack","floor":13},{"not_picked":["Outmaneuver","Slice"],"picked":"Sucker Punch","floor":14}],"player_experience":443463,"relics_obtained":[{"floor":6.0,"key":"Matryoshka"},{"floor":9.0,"key":"Paper Crane"},{"floor":9.0,"key":"Gremlin Horn"},{"floor":12,"key":"Pear"}],"event_choices":[{"damage_healed":0.0,"max_hp_gain":0.0,"max_hp_loss":0.0,"gold_gain":0.0,"event_name":"Big Fish","player_choice":"Box","floor":2.0,"gold_loss":0.0,"damage_taken":0.0,"relics_obtained":["Smiling Mask"],"cards_obtained":["Regret"]},{"damage_healed":0.0,"max_hp_gain":0.0,"max_hp_loss":0.0,"gold_gain":0.0,"event_name":"Shining Light","player_choice":"Ignored","floor":4.0,"gold_loss":0.0,"damage_taken":0.0}],"is_beta":false,"boss_relics":[],"items_purged_floors":[3],"is_endless":false,"potions_floor_spawned":[1,5,7,13,14],"killed_by":"Slime Boss","ascension_level":19}}