{"host":"2brg86hfzr3u5cix","time":1611112222,"event":{"mods":["AchievementEnabler","Ascension Unlocker","BaseMod","CapriCore","DeckTracker","Highlight Path","Keyboard Shortcuts","Minty Spire (QoL Compilation)","Permanent Neow","Relic Stats","StSLib","Twitch Utils","Uncapped","UnlockEverythingMod"],"gold_per_floor":[117,97,110,35,45,45,78,90,90,90,106,106,106,124,124,197,197,217,217,6,6,6,6,6,6,6,24,35,35,50,64,64,64,64],"floor_reached":33,"language":"KOR","playtime":921,"items_purged":["Strike_R"],"score":494,"play_id":"5818b255-59a7-464b-bd63-f4f779acd289","local_time":"20210120121022","is_ascension_mode":true,"campfire_choices":[{"data":"Uppercut","floor":6.0,"key":"SMITH"},{"floor":10.0,"key":"REST"},{"data":"Pommel Strike","floor":13.0,"key":"SMITH"},{"floor":15.0,"key":"REST"},{"data":"Twin Strike","floor":23,"key":"SMITH"},{"data":"Perfected Strike","floor":25,"key":"SMITH"},{"floor":29,"key":"REST"},{"floor":32,"key":"REST"}],"circlet_count":0,"master_deck":["AscendersBane","Strike_R","Strike_R","Strike_R","Strike_R","Defend_R","Defend_R","Defend_R","Defend_R","Bash","Pommel Strike+1","Uppercut+1","Burning Pact","Perfected Strike+1","Offering","Bloodletting","Twin Strike+1","Double Tap","Fire Breathing+1","Chrysalis","Doubt","Sword Boomerang","Metallicize+1"],"relics":["Burning Blood","NeowsBlessing","Frozen Egg 2","Omamori","Cursed Key","Toy Ornithopter","Necronomicon","MealTicket"],"acts_visited":["Exordium","TheCity"],"potions_floor_usage":[16,30,33],"damage_taken":[{"damage":0.0,"enemies":"Jaw Worm","floor":1.0,"turns":1.0},{"damage":0.0,"enemies":"Cultist","floor":3.0,"turns":1.0},{"damage":0.0,"enemies":"2 Louse","floor":5.0,"turns":1.0},{"damage":55.0,"enemies":"3 Sentries","floor":7.0,"turns":13.0},{"damage":12.0,"enemies":"Looter","floor":8.0,"turns":3.0},{"damage":12.0,"enemies":"3 Louse","floor":11.0,"turns":3.0},{"damage":6.0,"enemies":"2 Fungi Beasts","floor":14.0,"turns":2.0},{"damage":24,"enemies":"Slime Boss","floor":16,"turns":7},{"damage":15,"enemies":"Spheric Guardian","floor":18,"turns":3},{"damage":13,"enemies":"3 Byrds","floor":27,"turns":4},{"damage":6,"enemies":"Snake Plant","floor":28,"turns":1},{"damage":42,"enemies":"Shelled Parasite and Fungi","floor":30,"turns":3},{"damage":16,"enemies":"Centurion and Healer","floor":31,"turns":6},{"damage":56,"enemies":"Automaton","floor":33,"turns":6}],"seed_played":"6713921784976557692","potions_obtained":[{"floor":2.0,"key":"DistilledChaos"},{"floor":5.0,"key":"Dexterity Potion"},{"floor":7.0,"key":"PowerPotion"},{"floor":8.0,"key":"SteroidPotion"},{"floor":18,"key":"AttackPotion"},{"floor":28,"key":"LiquidMemories"}],"is_trial":false,"path_per_floor":["M","?","M","$","M","R","E","M","T","R","M","?","R","M","R","B",null,"M","?","$","?","$","R","?","R","T","M","M","R","M","M","R","B"],"character_chosen":"IRONCLAD","items_purchased":["Chrysalis"],"campfire_rested":4,"item_purchase_floors":[20],"current_hp_per_floor":[74,74,75,75,75,75,26,20,20,42,36,36,36,36,58,40,66,57,57,57,36,36,36,36,36,36,29,29,51,20,10,32,0,0],"gold":64,"neow_bonus":"THREE_ENEMY_KILL","is_daily":false,"chose_seed":false,"campfire_upgraded":4,"win_rate":0.0,"timestamp":1611112222,"path_taken":["M","?","M","$","M","R","E","?","T","R","M","?","R","M","R","BOSS","M","?","$","?","$","R","?","R","T","M","M","R","M","M","R","BOSS"],"items_purchased_type":["Card"],"build_version":"2020-12-22","purchased_purges":1,"victory":false,"max_hp_per_floor":[75,75,75,75,75,75,75,75,75,75,75,75,75,75,75,75,75,75,75,75,75,75,75,75,75,75,75,75,75,75,75,75,75,75],"relic_stats":{"counters":[14,54],"MealTicket":0,"Necronomicon":[14],"Cursed Key":1,"obtain_stats":[{"NeowsBlessing":0,"MealTicket":26,"Omamori":12,"Necronomicon":21,"Frozen Egg 2":7,"Cursed Key":17,"Burning Blood":0,"Toy Ornithopter":19},{"NeowsBlessing":0,"MealTicket":9,"Omamori":6,"Necronomicon":9,"Frozen Egg 2":4,"Cursed Key":8,"Burning Blood":0,"Toy Ornithopter":9},{"NeowsBlessing":0,"MealTicket":34,"Omamori":22,"Necronomicon":34,"Frozen Egg 2":16,"Cursed Key":31,"Burning Blood":0,"Toy Ornithopter":34}],"Burning Blood":67,"Toy Ornithopter":10},"card_choices":[{"not_picked":["Perfected Strike","Anger"],"picked":"Pommel Strike","floor":1.0},{"not_picked":["Body Slam","Iron Wave"],"picked":"Uppercut","floor":3.0},{"not_picked":["Pommel Strike","Blood for Blood"],"picked":"Burning Pact","floor":5.0},{"not_picked":["Twin Strike","Infernal Blade"],"picked":"Perfected Strike","floor":7.0},{"not_picked":["Burning Pact","Perfected Strike"],"picked":"Offering","floor":8.0},{"not_picked":["Twin Strike","Searing Blow"],"picked":"Bloodletting","floor":11.0},{"not_picked":["Thunderclap","Intimidate"],"picked":"Twin Strike","floor":14.0},{"not_picked":["Bludgeon","Fiend Fire"],"picked":"Double Tap","floor":16},{"not_picked":["True Grit","Ghostly Armor"],"picked":"Fire Breathing+1","floor":18},{"not_picked":["Twin Strike","Iron Wave"],"picked":"Sword Boomerang","floor":27},{"not_picked":["Sword Boomerang","True Grit","Flex"],"picked":"SKIP","floor":28},{"not_picked":["Dark Embrace+1","Clash","True Grit"],"picked":"SKIP","floor":30},{"not_picked":["Clash","Headbutt"],"picked":"Metallicize+1","floor":31}],"player_experience":327302,"relics_obtained":[{"floor":7.0,"key":"Frozen Egg 2"},{"floor":21,"key":"Necronomicon"},{"floor":26,"key":"MealTicket"}],"event_choices":[{"damage_healed":0.0,"max_hp_gain":0.0,"max_hp_loss":0.0,"gold_gain":0.0,"event_name":"The Woman in Blue","player_choice":"Bought 1 Potion","floor":2.0,"gold_loss":0.0,"damage_taken":0.0},{"damage_healed":0.0,"max_hp_gain":0.0,"max_hp_loss":0.0,"gold_gain":0.0,"event_name":"Dead Adventurer","player_choice":"Searched \u00271\u0027 times","floor":12.0,"gold_loss":0.0,"damage_taken":0.0,"relics_obtained":["Omamori"]},{"damage_healed":0,"gold_gain":0,"player_choice":"Opened","damage_taken":0,"relics_obtained":["Toy Ornithopter"],"max_hp_gain":0,"max_hp_loss":0,"event_name":"The Mausoleum","floor":19,"gold_loss":0,"cards_obtained":["Writhe"]},{"damage_healed":0,"gold_gain":0,"player_choice":"Obtained Book","damage_taken":21,"max_hp_gain":0,"max_hp_loss":0,"event_name":"Cursed Tome","floor":21,"gold_loss":0}],"is_beta":false,"boss_relics":[{"not_picked":["Empty Cage","SacredBark"],"picked":"Cursed Key"}],"items_purged_floors":[4],"is_endless":false,"potions_floor_spawned":[5,7,8,18,28],"killed_by":"Automaton","ascension_level":20}}