{"host":"ik8ww1p4uabx5gam","time":1611143641,"event":{"mods":["Always Whale","Aspiration","BaseMod","Beaked The Cultist","Better Third Choice","BetterRewards","Colored Map","Colored Powertips","Conspire","Energized Spire","FetchMod","GifTheSpireLib","Hubris","Infinite Spire","Ironclad Rager","Jedi Mod","Minty Spire (QoL Compilation)","Random Character Button","Replay The Spire","Shop Mod","Spicy Shops","Spikes Relics","StSLib","Stuff the Spire","The Blue Laboratory","The Gatherer","Wandering Minibosses","??????REMEMod"],"gold_per_floor":[117,117,130,130,177,204,222,222,222,297,314,347,365,399,399,494,494,514,429,429,444,460,494,494,494,518,529,469,497,516,545,545,646,646,666,204,220,220,273,273,306,325,325,340,374,388,388,388,388,388],"floor_reached":51,"language":"ENG","playtime":2198,"items_purged":["Strike_G"],"score":793,"play_id":"6b3a1c63-db82-4a22-b10e-8313609caff6","local_time":"20210120055401","is_ascension_mode":true,"campfire_choices":[{"data":"ReplayTheSpireMod:Private Reserves","floor":8,"key":"SMITH"},{"data":"jedi:brewingpoison","floor":15,"key":"SMITH"},{"data":"StuffTheSpire:Injection","floor":25,"key":"SMITH"},{"data":"Blade Dance","floor":32,"key":"SMITH"},{"data":"Choke","floor":40,"key":"SMITH"},{"data":"jedi:studypoison","floor":47,"key":"SMITH"},{"data":"REME_LeechingPoison","floor":49,"key":"SMITH"}],"circlet_count":0,"master_deck":["Strike_G","Strike_G","Strike_G","Defend_G","Defend_G","Defend_G","Defend_G+1","Defend_G","Survivor","Neutralize","ReplayTheSpireMod:Private Reserves+1","Choke+1","Dagger Spray","StuffTheSpire:ReptileScales","Predator","Backflip","Acrobatics+1","StuffTheSpire:Injection+1","StuffTheSpire:Shiver","Blade Dance+1","jedi:brewingpoison+1","Corpse Explosion","ReplayTheSpireMod:Private Reserves+1","Accuracy+1","Necronomicurse","REME_LeechingPoison+1","Leg Sweep+1","Blur","jedi:studypoison+1","Finesse","StuffTheSpire:ReptileScales+1","jedi:unstablefumes+1","Hallucinations"],"relics":["Ring of the Snake","REME_ComplimentaryCards","aspiration:Nostalgia","Sizzling Blood","REME_PuzzleBoxRelic","Prayer Wheel","Replay:Accelerometer","conspire:Flyswatter","Vajra","aspiration:Lifesprig","infinitespire:Golems Mask","conspire:RoyalGoblet","Snack Pack","infinitespire:Beetle Shell","Necronomicon","ReplayTheSpireMod:TigerMarble","aspiration:SeaSaltIceCream","War Paint","StuffTheSpire:SapphireSignet","StuffTheSpire:RunicHypercube","Membership Card","jedi:crownofsimplicity","ClockworkSouvenir","CherryCoatedStake","wanderingMiniBosses:CarrionFlame","Centennial Puzzle","Replay:Bottled Steam","Gremlin Horn","Ring of Panic","ReplayTheSpireMod:Ring of Exchange"],"acts_visited":["Exordium","TheCity","TheBeyond"],"potions_floor_usage":[6,14,16,16,29,31,39,41,46,50,50,50],"damage_taken":[{"damage":2,"enemies":"Small Slimes","floor":1,"turns":4},{"damage":0,"enemies":"Cultist","floor":3,"turns":3},{"damage":5,"enemies":"Lagavulin","floor":6,"turns":6},{"damage":0,"enemies":"2 Louse","floor":7,"turns":1},{"damage":0,"enemies":"Large Slime","floor":11,"turns":2},{"damage":0,"enemies":"Gremlin Nob","floor":12,"turns":2},{"damage":0,"enemies":"2 Fungi Beasts","floor":13,"turns":3},{"damage":9,"enemies":"Lagavulin","floor":14,"turns":4},{"damage":13,"enemies":"Fading Forest","floor":16,"turns":12},{"damage":23,"enemies":"Chosen","floor":18,"turns":6},{"damage":0,"enemies":"Spheric Guardian","floor":21,"turns":2},{"damage":4,"enemies":"Centurion and Healer","floor":22,"turns":4},{"damage":23,"enemies":"Gremlin Leader","floor":23,"turns":6},{"damage":0,"enemies":"Chosen and Byrds","floor":27,"turns":3},{"damage":30,"enemies":"Slavers","floor":29,"turns":2},{"damage":4,"enemies":"3 Cultists","floor":30,"turns":3},{"damage":38,"enemies":"Gremlin Leader","floor":31,"turns":3},{"damage":21,"enemies":"conspire:MysteriousRune","floor":33,"turns":7},{"damage":0,"enemies":"Orb Walker","floor":35,"turns":1},{"damage":0,"enemies":"3 Darklings","floor":37,"turns":3},{"damage":29,"enemies":"2 Orb Walkers","floor":39,"turns":4},{"damage":0,"enemies":"Reptomancer","floor":41,"turns":1},{"damage":0,"enemies":"Sphere and 2 Shapes","floor":42,"turns":2},{"damage":13,"enemies":"Jaw Worm Horde","floor":44,"turns":2},{"damage":12,"enemies":"Nemesis","floor":45,"turns":3},{"damage":0,"enemies":"3 Darklings","floor":46,"turns":2},{"damage":5,"enemies":"Replay:Hell Engine","floor":50,"turns":5}],"seed_played":"-8432340469602799657","potions_obtained":[{"floor":1,"key":"Energy Potion"},{"floor":5,"key":"GamblersBrew"},{"floor":11,"key":"Elixir"},{"floor":12,"key":"SkillPotion"},{"floor":22,"key":"blueLaboratory:CorrosionFlask"},{"floor":23,"key":"Swift Potion"},{"floor":30,"key":"DistilledChaos"},{"floor":31,"key":"GamblersBrew"},{"floor":33,"key":"Strength Potion"},{"floor":35,"key":"infinitespire:BlackPotion"},{"floor":37,"key":"jedi:StrikingPotion"},{"floor":42,"key":"REME_GoldPotion"},{"floor":45,"key":"Poison Potion"},{"floor":46,"key":"blueLaboratory:Moonshine"}],"is_trial":false,"path_per_floor":["M","?","M","?","?","E","M","R","T","?","M","E","M","E","R","B",null,"M","?","?","M","M","E","?","R","T","M","?","E","M","E","R","B",null,"M","$","M","?","?","R","E","M","T","M","E","M","R","?","R","B",null],"character_chosen":"THE_SILENT","items_purchased":["Membership Card","jedi:crownofsimplicity","jedi:studypoison","ClockworkSouvenir","Finesse"],"campfire_rested":0,"item_purchase_floors":[36,36,36,36,36],"current_hp_per_floor":[74,74,74,74,74,73,74,74,74,67,71,74,74,69,69,70,74,55,55,55,65,71,58,42,42,42,46,46,22,28,30,30,36,74,74,74,74,74,51,51,57,67,67,62,66,74,74,74,74,74],"gold":388,"neow_bonus":"NOSTALGIA","is_daily":false,"chose_seed":false,"campfire_upgraded":7,"win_rate":0.0,"timestamp":1611143641,"path_taken":["M","?","?","?","?","E","M","R","T","?","M","E","M","E","R","BOSS","M","?","?","?","M","E","?","R","T","M","?","E","M","E","R","BOSS","M","$","M","?","?","R","E","M","T","M","E","M","R","?","R","BOSS"],"items_purchased_type":["Relic","Relic","Card","Relic","Card"],"build_version":"2020-12-22","purchased_purges":1,"victory":true,"max_hp_per_floor":[74,74,74,74,74,74,74,74,74,74,74,74,74,74,74,74,74,74,74,74,74,74,74,74,74,74,74,74,74,74,74,74,74,74,74,74,74,74,74,74,74,74,74,74,74,74,74,74,74,74],"card_choices":[{"not_picked":["hubris:SlightOfHand","Hidden Blade"],"picked":"Choke","floor":1},{"not_picked":["StuffTheSpire:MirrorStance","Sneak Up"],"picked":"Dagger Spray","floor":3},{"not_picked":["Sucker Punch","Dagger Spray"],"picked":"StuffTheSpire:ReptileScales","floor":3},{"not_picked":["Dodge and Roll","hubris:SlightOfHand"],"picked":"Predator","floor":5},{"not_picked":["Finisher","ShadowRift","StuffTheSpire:Fury"],"picked":"SKIP","floor":6},{"not_picked":["StuffTheSpire:Repulse","ReplayTheSpireMod:Shiv Toss"],"picked":"Backflip","floor":7},{"not_picked":["Blade Dance","Prepared","Bouncing Flask"],"picked":"SKIP","floor":7},{"not_picked":["Blade Dance","Prepared","Bouncing Flask"],"picked":"SKIP","floor":7},{"not_picked":["Poisoned Stab","Bane"],"picked":"Acrobatics","floor":11},{"not_picked":["Infinite Blades","Slice"],"picked":"StuffTheSpire:Injection","floor":11},{"not_picked":["Underhanded Strike","REME_SpectralBlade"],"picked":"StuffTheSpire:Shiver","floor":12},{"not_picked":["Acrobatics","jedi:pocketpoison"],"picked":"Blade Dance","floor":13},{"not_picked":["Dagger Spray","Deflect","Quick Slash"],"picked":"SKIP","floor":13},{"not_picked":["Sucker Punch","Acrobatics"],"picked":"jedi:brewingpoison","floor":14},{"not_picked":["Poison Darts","REME_ShadowForm"],"picked":"Corpse Explosion","floor":16},{"not_picked":["StuffTheSpire:Fury","hubris:TrickCloak","StuffTheSpire:BrimstoneBlast+1"],"picked":"SKIP","floor":18},{"not_picked":["Finisher","ReplayTheSpireMod:Exploit Weakness","StuffTheSpire:BumpUp"],"picked":"SKIP","floor":18},{"not_picked":["jedi:unstablefumes","Outmaneuver"],"picked":"Accuracy+1","floor":21},{"not_picked":["Backflip+1","Quick Slash","Outmaneuver"],"picked":"SKIP","floor":21},{"not_picked":["Dagger Throw","Skewer","Backstab"],"picked":"SKIP","floor":22},{"not_picked":["ShadowRift","jedi:collectorvenom","Backflip"],"picked":"SKIP","floor":22},{"not_picked":["StuffTheSpire:Python","Dash","StuffTheSpire:BrimstoneBlast"],"picked":"SKIP","floor":23},{"not_picked":["Backflip","hubris:SlightOfHand+1","Riddle With Holes+1"],"picked":"SKIP","floor":27},{"not_picked":["conspire:PoisonWeapons","jedi:poisonivy","ReplayTheSpireMod:Shiv Toss+1"],"picked":"SKIP","floor":27},{"not_picked":["Slice","Outmaneuver+1"],"picked":"REME_LeechingPoison","floor":29},{"not_picked":["StuffTheSpire:BrimstoneBlast","StuffTheSpire:Python","Blade Dance"],"picked":"SKIP","floor":30},{"not_picked":["Deflect+1","StuffTheSpire:ClusterCrunch+1","PiercingWail+1"],"picked":"SKIP","floor":30},{"not_picked":["Deflect","Bane","Dodge and Roll+1"],"picked":"SKIP","floor":31},{"not_picked":["StuffTheSpire:BumpUp","Pace+1"],"picked":"Leg Sweep+1","floor":35},{"not_picked":["Cloak And Dagger","Quick Slash+1"],"picked":"Blur","floor":35},{"not_picked":["Eviscerate+1","Backflip"],"picked":"StuffTheSpire:ReptileScales+1","floor":37},{"not_picked":["Dagger Spray","Bullet Time"],"picked":"jedi:unstablefumes+1","floor":37},{"not_picked":["StuffTheSpire:Injection","StuffTheSpire:BumpUp","StuffTheSpire:BrimstoneBlast"],"picked":"SKIP","floor":41},{"not_picked":["Deadly Poison+1","jedi:pocketpoison","Acrobatics"],"picked":"SKIP","floor":42},{"not_picked":["StuffTheSpire:ReptileScales+1","Blade Dance+1","Pace+1"],"picked":"SKIP","floor":42},{"not_picked":["StuffTheSpire:Python","Poisoned Stab","PiercingWail+1"],"picked":"SKIP","floor":44},{"not_picked":["ReplayTheSpireMod:Speed Training","Distraction","Cloak And Dagger+1"],"picked":"SKIP","floor":44},{"not_picked":["Infinite Blades","jedi:pocketpoison","Night Terror"],"picked":"SKIP","floor":45},{"not_picked":["StuffTheSpire:BrimstoneBlast","Blade Dance","Draining Mist"],"picked":"SKIP","floor":46},{"not_picked":["Pace","Acrobatics+1","Endless Agony"],"picked":"SKIP","floor":46}],"player_experience":1022570,"relics_obtained":[{"floor":2,"key":"REME_PuzzleBoxRelic"},{"floor":5,"key":"Replay:Accelerometer"},{"floor":6,"key":"conspire:Flyswatter"},{"floor":9,"key":"Vajra"},{"floor":12,"key":"aspiration:Lifesprig"},{"floor":14,"key":"infinitespire:Golems Mask"},{"floor":23,"key":"infinitespire:Beetle Shell"},{"floor":24,"key":"Necronomicon"},{"floor":26,"key":"ReplayTheSpireMod:TigerMarble"},{"floor":29,"key":"aspiration:SeaSaltIceCream"},{"floor":31,"key":"StuffTheSpire:SapphireSignet"},{"floor":39,"key":"CherryCoatedStake"},{"floor":39,"key":"wanderingMiniBosses:CarrionFlame"},{"floor":41,"key":"Centennial Puzzle"},{"floor":43,"key":"Replay:Bottled Steam"},{"floor":45,"key":"Gremlin Horn"},{"floor":48,"key":"Ring of Panic"},{"floor":48,"key":"ReplayTheSpireMod:Ring of Exchange"}],"event_choices":[{"damage_healed":0,"gold_gain":0,"player_choice":"Relic","damage_taken":0,"max_hp_gain":0,"max_hp_loss":0,"event_name":"Wheel of Change","floor":2,"gold_loss":0},{"damage_healed":0,"gold_gain":75,"player_choice":"Touch","damage_taken":7,"max_hp_gain":0,"max_hp_loss":0,"event_name":"FaceTrader","floor":10,"gold_loss":0},{"damage_healed":0,"gold_gain":0,"player_choice":"Obtained Relic","damage_taken":0,"relics_obtained":["Snack Pack"],"max_hp_gain":0,"max_hp_loss":0,"event_name":"Addict","floor":19,"gold_loss":85},{"damage_healed":0,"gold_gain":0,"player_choice":"Copied","damage_taken":0,"max_hp_gain":0,"max_hp_loss":0,"event_name":"Duplicator","floor":20,"gold_loss":0,"cards_obtained":["ReplayTheSpireMod:Private Reserves"]},{"damage_healed":0,"gold_gain":0,"player_choice":"Obtained Book","damage_taken":16,"max_hp_gain":0,"max_hp_loss":0,"event_name":"Cursed Tome","floor":24,"gold_loss":0},{"cards_removed":["Strike_G"],"damage_healed":0,"gold_gain":0,"player_choice":"Removed Attack","damage_taken":0,"max_hp_gain":0,"max_hp_loss":0,"event_name":"Falling","floor":38,"gold_loss":0},{"damage_healed":0,"gold_gain":0,"player_choice":"Fight","damage_taken":0,"max_hp_gain":0,"max_hp_loss":0,"event_name":"Mysterious Sphere","floor":39,"gold_loss":0}],"is_beta":false,"boss_relics":[{"not_picked":["hubris:Stopwatch","Ectoplasm"],"picked":"conspire:RoyalGoblet"},{"not_picked":["Fusion Hammer","aspiration:PoetsPen_weak"],"picked":"StuffTheSpire:RunicHypercube"}],"items_purged_floors":[36],"is_endless":false,"potions_floor_spawned":[1,11,12,13,22,23,30,31,33,35,37,42,45,46],"ascension_level":1}}