{"host":"li7nr9q4d53iu1rb","time":1611180523,"event":{"mods":["AchievementEnabler","BaseMod","Colored Map","Colored Powertips","Downfall","Highlight Path","Minty Spire (QoL Compilation)","Permanent Neow","Quick Restart","Random Character Button","StSLib"],"gold_per_floor":[11,28,303,314,325,325,224,224,224,252,312,328,355,355,355,355,355],"floor_reached":16,"language":"ENG","playtime":968,"items_purged":["Regret"],"score":132,"play_id":"e728d9c5-3ec2-4eb4-ae50-8df3c75dae4d","local_time":"20210120180843","is_ascension_mode":true,"campfire_choices":[{"floor":6,"key":"RECALL"},{"floor":8,"key":"REST"},{"floor":15,"key":"REST"}],"circlet_count":0,"master_deck":["Strike_R","Strike_R","Strike_R","Strike_R","Strike_R","Defend_R","Defend_R","Defend_R","Defend_R","Bash","Berserk","Whirlwind","Warcry","Bludgeon","Pummel","Wild Strike","Battle Trance","True Grit","Dropkick","Iron Wave"],"relics":["Burning Blood","Tiny Chest","Shuriken","Juzu Bracelet","Bag of Marbles"],"acts_visited":["Exordium"],"potions_floor_usage":[10,11,13],"damage_taken":[{"damage":10,"enemies":"Small Slimes","floor":1,"turns":3},{"damage":5,"enemies":"Cultist","floor":2,"turns":4},{"damage":19,"enemies":"Jaw Worm","floor":4,"turns":3},{"damage":16,"enemies":"Blue Slaver","floor":5,"turns":3},{"damage":27,"enemies":"Gremlin Nob","floor":10,"turns":4},{"damage":40,"enemies":"3 Sentries","floor":11,"turns":7},{"damage":1,"enemies":"2 Fungi Beasts","floor":12,"turns":4},{"damage":28,"enemies":"Lagavulin","floor":13,"turns":4},{"damage":45,"enemies":"Hexaghost","floor":16,"turns":7}],"seed_played":"-7873072468915578665","potions_obtained":[{"floor":2,"key":"PowerPotion"},{"floor":10,"key":"Fruit Juice"},{"floor":11,"key":"Fruit Juice"}],"is_trial":false,"path_per_floor":["M","M","?","M","M","R","$","R","T","E","?","M","E","$","R","B"],"character_chosen":"IRONCLAD","items_purchased":["Wild Strike"],"campfire_rested":2,"item_purchase_floors":[7],"current_hp_per_floor":[76,77,77,64,54,54,54,78,78,62,33,38,16,16,43,0,0],"gold":355,"neow_bonus":"THREE_RARE_CARDS","is_daily":false,"chose_seed":false,"campfire_upgraded":0,"win_rate":0.0,"timestamp":1611180523,"path_taken":["M","M","?","M","?","R","$","R","T","E","?","M","E","$","R","BOSS"],"items_purchased_type":["Card"],"build_version":"2020-12-22","purchased_purges":1,"victory":false,"max_hp_per_floor":[80,80,80,80,80,80,80,80,80,85,90,90,90,90,90,90,90],"card_choices":[{"not_picked":["Corruption","Reaper"],"picked":"Berserk","floor":0},{"not_picked":["Havoc","Pommel Strike"],"picked":"Whirlwind","floor":1},{"not_picked":["Havoc","Twin Strike"],"picked":"Warcry","floor":2},{"not_picked":["Heavy Blade","Blood for Blood"],"picked":"Bludgeon","floor":4},{"not_picked":["Warcry","Clothesline"],"picked":"Pummel","floor":5},{"not_picked":["Hemokinesis","Cleave"],"picked":"Battle Trance","floor":10},{"not_picked":["Sword Boomerang","Armaments"],"picked":"True Grit","floor":11},{"not_picked":["Wild Strike","Pummel"],"picked":"Dropkick","floor":12},{"not_picked":["Feed","Cleave"],"picked":"Iron Wave","floor":13}],"player_experience":245588,"relics_obtained":[{"floor":9,"key":"Tiny Chest"},{"floor":10,"key":"Shuriken"},{"floor":11,"key":"Juzu Bracelet"},{"floor":13,"key":"Bag of Marbles"}],"event_choices":[{"damage_healed":0,"gold_gain":275,"player_choice":"Desecrate","damage_taken":0,"max_hp_gain":0,"max_hp_loss":0,"event_name":"Golden Shrine","floor":3,"gold_loss":0,"cards_obtained":["Regret"]},{"damage_healed":0,"gold_gain":0,"player_choice":"Searched \u00271\u0027 times","damage_taken":0,"max_hp_gain":0,"max_hp_loss":0,"event_name":"Dead Adventurer","floor":11,"gold_loss":0}],"is_beta":false,"boss_relics":[],"items_purged_floors":[7],"is_endless":false,"potions_floor_spawned":[2,10,11],"killed_by":"Hexaghost","ascension_level":4}}