{"host":"9ltncrns7b9wt2tr","time":1611122864,"event":{"mods":["AchievementEnabler","BaseMod","BetterRewards","Colored Map","Colored Powertips","Minty Spire (QoL Compilation)","Quick Restart","Replay The Spire","StSLib","SuperFastMode"],"gold_per_floor":[117,133,133,133,133,308,352,375,393,420,441,485,509,29,42,42,42,42],"floor_reached":17,"language":"ZHS","playtime":750,"items_purged":["Doubt"],"score":166,"play_id":"999be620-5c95-4b1e-af0d-390fd2d6194c","local_time":"20210120140744","is_ascension_mode":true,"campfire_choices":[{"floor":16,"key":"REST"}],"circlet_count":0,"master_deck":["Strike_G","Strike_G","Strike_G","Strike_G","Strike_G","Defend_G","Defend_G","Defend_G","Defend_G","Defend_G","Neutralize","Prepared","Dash+1","Hidden Blade","Calculated Gamble","Calculated Gamble","Unload","Adrenaline"],"relics":["Ring of the Snake","NeowsBlessing","Golden Idol","Blood Vial","ReplayFunnel","Art of War","Snack Pack"],"acts_visited":["Exordium"],"potions_floor_usage":[17,17],"damage_taken":[{"damage":0,"enemies":"2 Louse","floor":1,"turns":1},{"damage":0,"enemies":"Jaw Worm","floor":2,"turns":1},{"damage":0,"enemies":"3 Sentries","floor":7,"turns":1},{"damage":1,"enemies":"Looter","floor":8,"turns":4},{"damage":0,"enemies":"Large Slime","floor":9,"turns":6},{"damage":11,"enemies":"Exordium Thugs","floor":11,"turns":4},{"damage":40,"enemies":"Gremlin Nob","floor":12,"turns":7},{"damage":0,"enemies":"3 Louse","floor":13,"turns":3},{"damage":11,"enemies":"2 Fungi Beasts","floor":15,"turns":3},{"damage":45,"enemies":"Fading Forest","floor":17,"turns":9}],"seed_played":"1961473696084657813","potions_obtained":[{"floor":11,"key":"FearPotion"},{"floor":13,"key":"Poison Potion"},{"floor":15,"key":"SpeedPotion"}],"is_trial":false,"path_per_floor":["M","M","M","?","?","?","E","M","M","T","M","E","M","$","M","R","B"],"character_chosen":"THE_SILENT","items_purchased":["Snack Pack","Unload"],"campfire_rested":1,"item_purchase_floors":[14,14],"current_hp_per_floor":[70,70,70,70,53,53,53,54,56,56,47,9,11,11,4,25,0,0],"gold":42,"neow_bonus":"THREE_ENEMY_KILL","is_daily":false,"chose_seed":false,"campfire_upgraded":0,"win_rate":0.0,"timestamp":1611122864,"path_taken":["M","M","M","?","?","?","E","M","M","T","M","E","M","$","M","R","BOSS"],"items_purchased_type":["Relic","Card"],"build_version":"2020-12-22","purchased_purges":1,"victory":false,"max_hp_per_floor":[70,70,70,70,70,70,70,70,70,70,70,70,70,70,70,70,70,70],"card_choices":[{"not_picked":["Slice","Dagger Throw","Dagger Spray"],"picked":"SKIP","floor":1},{"not_picked":["Dagger Throw","PiercingWail"],"picked":"Prepared","floor":2},{"not_picked":["Footwork","Deadly Poison","Leg Sweep"],"picked":"SKIP","floor":7},{"not_picked":["Bane","Sucker Punch"],"picked":"Hidden Blade","floor":8},{"not_picked":["Quick Slash","Flechettes","Dash"],"picked":"SKIP","floor":9},{"not_picked":["Sucker Punch","Masterful Stab","Hidden Blade"],"picked":"SKIP","floor":11},{"not_picked":["Hidden Blade","Flying Knee"],"picked":"Calculated Gamble","floor":12},{"not_picked":["Dash","Outmaneuver"],"picked":"Calculated Gamble","floor":13},{"not_picked":["Underhanded Strike","PiercingWail"],"picked":"Adrenaline","floor":15}],"player_experience":86865,"relics_obtained":[{"floor":7,"key":"Blood Vial"},{"floor":10,"key":"ReplayFunnel"},{"floor":12,"key":"Art of War"}],"event_choices":[{"damage_healed":0,"gold_gain":0,"player_choice":"Take Damage","damage_taken":17,"relics_obtained":["Golden Idol"],"max_hp_gain":0,"max_hp_loss":0,"event_name":"Golden Idol","floor":5,"gold_loss":0},{"damage_healed":0,"gold_gain":175,"player_choice":"AGREE","damage_taken":0,"max_hp_gain":0,"max_hp_loss":0,"event_name":"Liars Game","floor":6,"gold_loss":0,"cards_obtained":["Doubt"]}],"is_beta":false,"boss_relics":[],"items_purged_floors":[14],"is_endless":false,"potions_floor_spawned":[11,13,15],"killed_by":"Fading Forest","ascension_level":3}}