{"host":"ibckqdmmf9y74ymf","time":1611163338,"event":{"mods":["2.2 Compatiblity","Ascension Unlocker","BaseMod","Colored Map","Curses Come First","Highlight Path","Minty Spire (QoL Compilation)","Quick Restart","Rare Cards Sparkle","Relic Stats","StSLib"],"gold_per_floor":[114,114,130,130,205,232,29,29,29,57,57,91,106,138,138,215,215,230,280,1,20,35,35,35,35],"floor_reached":24,"language":"ENG","playtime":983,"items_purged":[],"score":544,"play_id":"00fcccf5-ab67-448e-a927-dfd2d84a762d","local_time":"20210120182218","is_ascension_mode":true,"campfire_choices":[{"data":"Defragment","floor":11.0,"key":"SMITH"},{"data":"Ball Lightning","floor":15.0,"key":"SMITH"},{"data":"Creative AI","floor":23.0,"key":"SMITH"}],"circlet_count":0,"master_deck":["AscendersBane","Strike_B","Strike_B","Strike_B","Defend_B","Defend_B","Defend_B","Zap","Dualcast","Cold Snap","Defragment+1","Ball Lightning+1","Undo+1","Leap+1","Reinforced Body+1","Coolheaded+1","Chaos+1","Biased Cognition","Capacitor","Glacier+1","Genetic Algorithm+1","Coolheaded+1","Amplify+1","Creative AI+1"],"relics":["Cracked Core","NeowsBlessing","Toxic Egg 2","PreservedInsect","Art of War","Akabeko","Orichalcum","Oddly Smooth Stone","Sozu","Orrery"],"acts_visited":["Exordium","TheCity"],"potions_floor_usage":[],"damage_taken":[{"damage":0.0,"enemies":"Small Slimes","floor":1.0,"turns":1.0},{"damage":0.0,"enemies":"Cultist","floor":3.0,"turns":1.0},{"damage":0.0,"enemies":"3 Sentries","floor":6.0,"turns":1.0},{"damage":6.0,"enemies":"Lagavulin","floor":10.0,"turns":6.0},{"damage":10.0,"enemies":"3 Sentries","floor":12.0,"turns":4.0},{"damage":0.0,"enemies":"Jaw Worm","floor":13.0,"turns":3.0},{"damage":0.0,"enemies":"Gremlin Nob","floor":14.0,"turns":4.0},{"damage":6.0,"enemies":"Hexaghost","floor":16.0,"turns":6.0},{"damage":0.0,"enemies":"3 Byrds","floor":18.0,"turns":4.0},{"damage":7.0,"enemies":"Chosen","floor":21.0,"turns":6.0},{"damage":0.0,"enemies":"Sentry and Sphere","floor":22.0,"turns":6.0},{"damage":62,"enemies":"Gremlin Leader","floor":24,"turns":8}],"seed_played":"-1935476865358958957","potions_obtained":[{"floor":6.0,"key":"PowerPotion"},{"floor":14.0,"key":"Ancient Potion"}],"is_trial":false,"path_per_floor":["M","?","M","?","?","E","$","?","T","E","R","E","M","E","R","B",null,"M","?","$","M","M","R","E"],"character_chosen":"DEFECT","items_purchased":["PreservedInsect","Undo+1","Capacitor","Glacier+1","Orrery"],"campfire_rested":0,"item_purchase_floors":[7,7,20,20,20],"current_hp_per_floor":[64,64,64,64,53,53,53,46,46,40,40,30,30,30,30,24,59,59,59,59,52,52,52,0,0],"gold":35,"neow_bonus":"THREE_ENEMY_KILL","is_daily":false,"chose_seed":false,"campfire_upgraded":3,"win_rate":0.0,"timestamp":1611163338,"path_taken":["M","?","?","?","?","E","$","?","T","E","R","E","M","E","R","BOSS","M","?","?","M","M","R","E"],"items_purchased_type":["Relic","Card","Card","Card","Relic"],"build_version":"2020-12-22","purchased_purges":0,"victory":false,"max_hp_per_floor":[71,71,71,71,71,71,71,71,71,71,71,71,71,71,71,71,71,71,71,71,71,71,71,71,71],"relic_stats":{"Sozu":2,"counters":[12,50],"PreservedInsect":132,"Art of War":[15],"Orichalcum":[54],"obtain_stats":[{"Sozu":17,"NeowsBlessing":0,"Oddly Smooth Stone":14,"Orrery":20,"PreservedInsect":7,"Art of War":9,"Toxic Egg 2":6,"Orichalcum":12,"Cracked Core":0,"Akabeko":10},{"Sozu":8,"NeowsBlessing":0,"Oddly Smooth Stone":7,"Orrery":9,"PreservedInsect":3,"Art of War":3,"Toxic Egg 2":3,"Orichalcum":5,"Cracked Core":0,"Akabeko":4},{"Sozu":26,"NeowsBlessing":0,"Oddly Smooth Stone":20,"Orrery":30,"PreservedInsect":3,"Art of War":3,"Toxic Egg 2":3,"Orichalcum":13,"Cracked Core":0,"Akabeko":9}]},"card_choices":[{"not_picked":["Reinforced Body","Beam Cell"],"picked":"Cold Snap","floor":1.0},{"not_picked":["Leap","Redo"],"picked":"Defragment","floor":3.0},{"not_picked":["Beam Cell","Force Field+1"],"picked":"Ball Lightning","floor":6.0},{"not_picked":["Hello World","Doom and Gloom"],"picked":"Leap+1","floor":10.0},{"not_picked":["Undo+1","Steam Power+1"],"picked":"Reinforced Body+1","floor":12.0},{"not_picked":["Stack+1","Ball Lightning"],"picked":"Coolheaded+1","floor":13.0},{"not_picked":["Double Energy+1","Turbo+1"],"picked":"Chaos+1","floor":14.0},{"not_picked":["Reboot+1","Machine Learning"],"picked":"Biased Cognition","floor":16.0},{"not_picked":["Go for the Eyes","Steam+1","Consume+1"],"picked":"SKIP","floor":18.0},{"not_picked":["Stack+1","Beam Cell"],"picked":"Genetic Algorithm+1","floor":20.0},{"not_picked":["Redo+1","Consume+1"],"picked":"Coolheaded+1","floor":20.0},{"not_picked":["Skim+1","Streamline"],"picked":"Amplify+1","floor":20.0},{"not_picked":["Leap+1","Streamline"],"picked":"Creative AI","floor":21.0},{"not_picked":["Compile Driver","Cold Snap+1","Stack+1"],"picked":"SKIP","floor":22.0}],"player_experience":641845,"relics_obtained":[{"floor":6.0,"key":"Toxic Egg 2"},{"floor":9.0,"key":"Art of War"},{"floor":10.0,"key":"Akabeko"},{"floor":12.0,"key":"Orichalcum"},{"floor":14.0,"key":"Oddly Smooth Stone"}],"event_choices":[{"cards_removed":["Strike_B"],"damage_healed":0.0,"max_hp_gain":0.0,"max_hp_loss":0.0,"gold_gain":0.0,"event_name":"Bonfire Elementals","player_choice":"Offered Basic","floor":2.0,"gold_loss":0.0,"damage_taken":0.0},{"damage_healed":0.0,"max_hp_gain":0.0,"max_hp_loss":0.0,"gold_gain":0.0,"event_name":"Liars Game","player_choice":"Ignored","floor":4.0,"gold_loss":0.0,"damage_taken":0.0},{"damage_healed":0.0,"max_hp_gain":0.0,"max_hp_loss":0.0,"gold_gain":75.0,"event_name":"World of Goop","player_choice":"Gather Gold","floor":5.0,"gold_loss":0.0,"damage_taken":11.0},{"cards_removed":["Defend_B"],"damage_healed":0.0,"max_hp_gain":0.0,"max_hp_loss":0.0,"gold_gain":0.0,"event_name":"Golden Wing","player_choice":"Card Removal","floor":8.0,"gold_loss":0.0,"damage_taken":7.0},{"damage_healed":0.0,"max_hp_gain":0.0,"max_hp_loss":0.0,"gold_gain":50.0,"event_name":"Nest","player_choice":"Stole From Cult","floor":19.0,"gold_loss":0.0,"damage_taken":0.0}],"is_beta":false,"boss_relics":[{"not_picked":["Black Star","Ectoplasm"],"picked":"Sozu"}],"items_purged_floors":[],"is_endless":false,"potions_floor_spawned":[6,14,21,22],"killed_by":"Gremlin Leader","ascension_level":20}}