{"host":"sy26bfguqtls01um","time":1611151565,"event":{"mods":["BaseMod","DeckTracker","Hermit","Minty Spire (QoL Compilation)","Random Character Button","StSLib","SuperFastMode","The Hierophant","The Necromancer","The Servant 0.9.4","The Wild Card"],"gold_per_floor":[116,166,12,62,75,75,101,118,118,78,78,78,78,78,78,78,78],"floor_reached":16,"language":"KOR","playtime":211,"items_purged":[],"score":242,"play_id":"ab750a90-ea9d-42c7-9cf1-24ca291123f0","local_time":"20210120230605","is_ascension_mode":true,"campfire_choices":[{"data":"Potential","floor":6,"key":"SMITH"},{"data":"Potential","floor":11,"key":"SMITH"},{"data":"DualDimension","floor":13,"key":"SMITH"},{"data":"Exchange","floor":15,"key":"SMITH"}],"circlet_count":0,"master_deck":["AscendersBane","Strike_S","Strike_S","Strike_S","Strike_S","Defend_S","Defend_S","Defend_S","Defend_S","KidneyShot","Exchange+1","Potential+1","GearUp","SpecialFormula","Potential+1","DualDimension+1"],"relics":["Uniform","NeowsBlessing","Pantograph","Gremlin Horn","Letter Opener"],"acts_visited":["Exordium"],"potions_floor_usage":[],"damage_taken":[{"damage":0,"enemies":"2 Louse","floor":1,"turns":1},{"damage":0,"enemies":"Cultist","floor":5,"turns":1},{"damage":0,"enemies":"3 Sentries","floor":7,"turns":2},{"damage":2,"enemies":"Jaw Worm","floor":8,"turns":4},{"damage":1,"enemies":"Looter","floor":10,"turns":4},{"damage":70,"enemies":"Hexaghost","floor":16,"turns":10}],"seed_played":"4229075091126428679","potions_obtained":[{"floor":5,"key":"Fire Potion"},{"floor":8,"key":"CultistPotion"}],"is_trial":false,"path_per_floor":["M","?","$","?","M","R","E","M","T","M","R","T","R","?","R","B"],"character_chosen":"THE_SERVANT","items_purchased":["GearUp","SpecialFormula"],"campfire_rested":0,"item_purchase_floors":[3,3],"current_hp_per_floor":[54,54,54,48,48,48,48,51,51,55,55,55,55,60,60,0,0],"gold":78,"neow_bonus":"THREE_ENEMY_KILL","is_daily":false,"chose_seed":false,"campfire_upgraded":4,"win_rate":0.0,"timestamp":1611151565,"path_taken":["M","?","$","?","M","R","E","?","T","M","R","?","R","?","R","BOSS"],"items_purchased_type":["Card","Card"],"build_version":"2020-12-22","purchased_purges":0,"victory":false,"max_hp_per_floor":[60,60,60,60,60,60,60,60,60,60,60,60,60,65,65,65,65],"card_choices":[{"not_picked":["DoubleEdge","Spin"],"picked":"Potential","floor":1},{"not_picked":["Deadline","Sabotage"],"picked":"Potential","floor":5},{"not_picked":["Collapse","Spin","Ricochet"],"picked":"SKIP","floor":7},{"not_picked":["FastForward","Rearm"],"picked":"DualDimension","floor":8},{"not_picked":["WasteNot","Alleviate","Rearm"],"picked":"SKIP","floor":10}],"player_experience":1867445,"relics_obtained":[{"floor":7,"key":"Pantograph"},{"floor":9,"key":"Gremlin Horn"},{"floor":12,"key":"Letter Opener"}],"event_choices":[{"damage_healed":0,"gold_gain":50,"player_choice":"Pray","damage_taken":0,"max_hp_gain":0,"max_hp_loss":0,"event_name":"Golden Shrine","floor":2,"gold_loss":0},{"damage_healed":0,"gold_gain":50,"player_choice":"Touch","damage_taken":6,"max_hp_gain":0,"max_hp_loss":0,"event_name":"FaceTrader","floor":4,"gold_loss":0},{"damage_healed":0,"gold_gain":0,"player_choice":"Donut","damage_taken":0,"max_hp_gain":5,"max_hp_loss":0,"event_name":"Big Fish","floor":14,"gold_loss":0}],"is_beta":false,"boss_relics":[],"items_purged_floors":[],"is_endless":false,"potions_floor_spawned":[5,8],"killed_by":"Hexaghost","ascension_level":20}}