{"host":"fkig9nrckec4xsh0","time":1611176795,"event":{"mods":["BaseMod","Colored Map","Minty Spire (QoL Compilation)","Quick Restart","Replay The Spire","StSLib"],"gold_per_floor":[154,190,5,180,180,205,261,261,307,362,362,389,389,449,449,552,552,566,263,263,295,331,376,376,425,451,167,167,167,266,303,303,448,448,466,189,222,271,291,311,342,342,365,365,385,385,399,42,42,42],"floor_reached":51,"language":"ENG","playtime":3553,"items_purged":["Overencumbered","Doubt","Cloak And Dagger","Sucker Punch","ReplayTheSpireMod:Tripwire"],"score":1818,"play_id":"5e728846-49e1-4d9f-8404-37d61dc07ebc","local_time":"20210120160635","is_ascension_mode":true,"campfire_choices":[{"floor":8,"key":"REST"},{"floor":13,"key":"REST"},{"data":"Noxious Fumes","floor":15,"key":"SMITH"},{"data":"After Image","floor":24,"key":"SMITH"},{"data":"ReplayTheSpireMod:The Works","floor":28,"key":"SMITH"},{"data":"Pot Of Greed","floor":32,"key":"SMITH"},{"data":"Calculated Gamble","floor":42,"key":"SMITH"},{"data":"Pot Of Greed","floor":46,"key":"SMITH"}],"circlet_count":0,"master_deck":["Survivor","Neutralize","HandOfGreed","Backflip","Noxious Fumes+1","ReplayTheSpireMod:Scrap Shanks","Calculated Gamble+1","Escape Plan","Malaise","Die Die Die","After Image+1","ReplayTheSpireMod:The Works+1","Adrenaline","Underhanded Strike","Wraith Form v2","Dagger Throw","Eviscerate","Flying Knee+1","Pot Of Greed+1","Pot Of Greed+1","Escape Plan","Escape Plan","Pot Of Greed","Secret Technique","Survey Options","Hidden Blade","Flying Knee","Prepared+1","Hidden Blade+1","A Thousand Cuts","Reflex","Secret Technique","Escape Plan+1","ReplayTheSpireMod:The Works+1","Pot Of Greed","Acrobatics","Escape Plan+1","ReplayTheSpireMod:Scrap Shanks","Accuracy+1","Reflex","Reflex","Accuracy","Hidden Blade","Slice"],"relics":["Ring of the Snake","Membership Card","Anchor","ReplayTheSpireMod:Lightbulb","Nunchaku","Kunai","Pandora\u0027s Box","Grinning Jar","Replay:PocketPolymizer","Pantograph","Replay:Rubber Ducky","HornCleat","Lee\u0027s Waffle","HoveringKite","Pet Ghost","Unceasing Top","ReplayFunnel","Vajra","Mango"],"acts_visited":["Exordium","TheCity","TheBeyond"],"potions_floor_usage":[10,16,16,20,22,23,33,33,50],"damage_taken":[{"damage":7,"enemies":"2 Louse","floor":1,"turns":6},{"damage":0,"enemies":"Cultist","floor":2,"turns":3},{"damage":43,"enemies":"Gremlin Nob","floor":6,"turns":5},{"damage":4,"enemies":"Small Slimes","floor":7,"turns":5},{"damage":18,"enemies":"Gremlin Gang","floor":10,"turns":6},{"damage":27,"enemies":"Replay:BlueRogue","floor":12,"turns":7},{"damage":15,"enemies":"2 Fungi Beasts","floor":14,"turns":4},{"damage":11,"enemies":"Hexaghost","floor":16,"turns":10},{"damage":11,"enemies":"Spheric Guardian","floor":18,"turns":4},{"damage":0,"enemies":"Shell Parasite","floor":21,"turns":3},{"damage":14,"enemies":"Chosen and Byrds","floor":22,"turns":6},{"damage":0,"enemies":"Slavers","floor":23,"turns":4},{"damage":3,"enemies":"Book of Stabbing","floor":25,"turns":6},{"damage":0,"enemies":"Centurion and Healer","floor":31,"turns":6},{"damage":0,"enemies":"Pondfish","floor":33,"turns":6},{"damage":0,"enemies":"3 Darklings","floor":35,"turns":4},{"damage":0,"enemies":"Orb Walker","floor":37,"turns":1},{"damage":0,"enemies":"2 Orb Walkers","floor":38,"turns":2},{"damage":0,"enemies":"Spire Growth","floor":39,"turns":1},{"damage":0,"enemies":"3 Darklings","floor":40,"turns":2},{"damage":0,"enemies":"Reptomancer","floor":41,"turns":1},{"damage":0,"enemies":"Maw","floor":45,"turns":2},{"damage":0,"enemies":"Transient","floor":47,"turns":3},{"damage":0,"enemies":"Awakened One","floor":50,"turns":2}],"seed_played":"2933783164474368271","potions_obtained":[{"floor":1,"key":"SmokeBomb"},{"floor":6,"key":"Elixir"},{"floor":7,"key":"SneckoOil"},{"floor":14,"key":"BlessingOfTheForge"},{"floor":18,"key":"GamblersBrew"},{"floor":20,"key":"Fruit Juice"},{"floor":20,"key":"Death Potion"},{"floor":20,"key":"Doom Potion"},{"floor":22,"key":"PowerPotion"},{"floor":25,"key":"FairyPotion"},{"floor":31,"key":"Explosive Potion"},{"floor":38,"key":"Regen Potion"},{"floor":40,"key":"Adrenaline Potion"},{"floor":47,"key":"Languid Potion"}],"is_trial":false,"path_per_floor":["M","M","$","?","?","E","M","R","T","M","?","E","R","M","R","B",null,"M","$","?","M","M","E","R","E","T","$","R","?","?","M","R","B",null,"M","$","M","?","M","M","E","R","T","?","M","R","M","$","R_BF","B",null],"character_chosen":"THE_SILENT","items_purchased":["Membership Card","Grinning Jar","Escape Plan","Secret Technique","Survey Options","Hidden Blade+1","HornCleat","Lee\u0027s Waffle","Reflex","Secret Technique","Prepared","Pet Ghost","Mango","Reflex","Accuracy","Hidden Blade","Slice"],"campfire_rested":2,"item_purchase_floors":[3,19,19,19,19,27,27,27,36,36,36,36,48,48,48,48,48],"current_hp_per_floor":[56,56,56,56,56,13,9,30,30,12,35,8,29,14,14,3,53,42,42,47,47,33,33,33,30,30,82,82,82,82,82,82,82,82,82,82,82,82,82,82,82,82,82,82,82,82,82,96,91,91],"gold":42,"neow_bonus":"RANDOM_COLORLESS_2","is_daily":false,"chose_seed":false,"campfire_upgraded":6,"win_rate":0.0,"timestamp":1611176795,"path_taken":["M","M","$","?","?","E","?","R","T","?","?","E","R","M","R","BOSS","M","$","?","?","M","E","R","E","T","$","R","?","?","M","R","BOSS","M","$","M","?","M","M","E","R","T","?","M","R","M","$","R_BF","BOSS"],"items_purchased_type":["Relic","Relic","Card","Card","Card","Card","Relic","Relic","Card","Card","Card","Relic","Relic","Card","Card","Card","Card"],"build_version":"2020-12-22","purchased_purges":5,"victory":true,"max_hp_per_floor":[70,70,70,70,70,70,70,70,70,70,70,70,70,70,70,70,70,70,70,75,75,75,75,75,75,75,82,82,82,82,82,82,82,82,82,82,82,82,82,82,82,82,82,82,82,82,82,96,91,91],"card_choices":[{"not_picked":["The Bomb","Secret Weapon"],"picked":"HandOfGreed","floor":0},{"not_picked":["Deadly Poison","Quick Slash"],"picked":"Backflip","floor":1},{"not_picked":["Slice","Deadly Poison"],"picked":"Noxious Fumes","floor":2},{"not_picked":["A Thousand Cuts","Choke"],"picked":"ReplayTheSpireMod:Scrap Shanks","floor":6},{"not_picked":["Cloak And Dagger","Bouncing Flask"],"picked":"ReplayTheSpireMod:Tripwire","floor":7},{"not_picked":["Skewer","Cloak And Dagger"],"picked":"Calculated Gamble","floor":10},{"not_picked":["Eviscerate","Deadly Poison"],"picked":"Escape Plan","floor":12},{"not_picked":["Masterful Stab","Well Laid Plans"],"picked":"Sucker Punch","floor":14},{"not_picked":["Atom Bomb","Unload"],"picked":"Malaise","floor":16},{"not_picked":["Dodge and Roll","Deflect"],"picked":"Flying Knee+1","floor":18},{"not_picked":["Underhanded Strike","Catalyst","Fluid Movement"],"picked":"SKIP","floor":21},{"not_picked":["ReplayTheSpireMod:Speed Training","Endless Agony"],"picked":"Hidden Blade","floor":22},{"not_picked":["ReplayTheSpireMod:Speed Training","Fluid Movement","Backstab"],"picked":"SKIP","floor":23},{"not_picked":["Flying Knee","ReplayTheSpireMod:Speed Training+1"],"picked":"Prepared+1","floor":25},{"not_picked":["Cloak And Dagger","Poison Darts","Dodge and Roll"],"picked":"SKIP","floor":31},{"not_picked":["Envenom","Storm of Steel"],"picked":"A Thousand Cuts","floor":33},{"not_picked":["Flechettes","Dagger Spray","PiercingWail"],"picked":"SKIP","floor":35},{"not_picked":["Dagger Throw","Bane+1"],"picked":"Escape Plan+1","floor":37},{"not_picked":["Dagger Spray","ReplayTheSpireMod:Scrap Shanks+1"],"picked":"ReplayTheSpireMod:The Works+1","floor":38},{"not_picked":["Backflip","Prepared"],"picked":"Acrobatics","floor":39},{"not_picked":["Caltrops+1","ReplayTheSpireMod:Scrap Shanks+1"],"picked":"Escape Plan+1","floor":40},{"not_picked":["Sneak Up","Skewer","Outmaneuver"],"picked":"SKIP","floor":41},{"not_picked":["Backstab","Replay:Poison Smokescreen+1"],"picked":"ReplayTheSpireMod:Scrap Shanks","floor":45},{"not_picked":["Dagger Throw","Masterful Stab+1"],"picked":"Accuracy+1","floor":47}],"player_experience":367508,"relics_obtained":[{"floor":6,"key":"ReplayTheSpireMod:Lightbulb"},{"floor":9,"key":"Nunchaku"},{"floor":12,"key":"Kunai"},{"floor":23,"key":"Replay:PocketPolymizer"},{"floor":25,"key":"Pantograph"},{"floor":26,"key":"Replay:Rubber Ducky"},{"floor":38,"key":"Unceasing Top"},{"floor":41,"key":"ReplayFunnel"},{"floor":43,"key":"Vajra"}],"event_choices":[{"damage_healed":0,"gold_gain":175,"player_choice":"AGREE","damage_taken":0,"max_hp_gain":0,"max_hp_loss":0,"event_name":"Liars Game","floor":4,"gold_loss":0,"cards_obtained":["Doubt"]},{"damage_healed":0,"gold_gain":0,"player_choice":"Gave Potion","damage_taken":0,"relics_obtained":["Anchor"],"max_hp_gain":0,"max_hp_loss":0,"event_name":"WeMeetAgain","floor":5,"gold_loss":0},{"damage_healed":23,"gold_gain":0,"player_choice":"Banana","damage_taken":0,"max_hp_gain":0,"max_hp_loss":0,"event_name":"Big Fish","floor":11,"gold_loss":0},{"damage_healed":0,"gold_gain":0,"player_choice":"Got Potions","damage_taken":0,"max_hp_gain":0,"max_hp_loss":0,"event_name":"Lab","floor":20,"gold_loss":0},{"damage_healed":0,"gold_gain":0,"player_choice":"Ignored","damage_taken":0,"max_hp_gain":0,"max_hp_loss":0,"event_name":"Cursed Tome","floor":29,"gold_loss":0},{"damage_healed":0,"gold_gain":99,"player_choice":"Stole From Cult","damage_taken":0,"max_hp_gain":0,"max_hp_loss":0,"event_name":"Nest","floor":30,"gold_loss":0},{"damage_healed":0,"gold_gain":0,"player_choice":"Fight","damage_taken":0,"max_hp_gain":0,"max_hp_loss":0,"event_name":"Mysterious Sphere","floor":38,"gold_loss":0},{"cards_removed":["Prepared"],"damage_healed":0,"gold_gain":0,"player_choice":"Removed Skill","damage_taken":0,"max_hp_gain":0,"max_hp_loss":0,"event_name":"Falling","floor":44,"gold_loss":0},{"damage_healed":0,"gold_gain":0,"player_choice":"Max HP","damage_taken":0,"max_hp_gain":0,"max_hp_loss":5,"event_name":"Winding Halls","floor":49,"gold_loss":0}],"is_beta":false,"boss_relics":[{"not_picked":["ReplayTheSpireMod:DimensionalGlitch","Ectoplasm"],"picked":"Pandora\u0027s Box"},{"not_picked":["SacredBark","Tiny House"],"picked":"HoveringKite"}],"items_purged_floors":[3,19,27,36,48],"is_endless":false,"potions_floor_spawned":[1,6,7,14,18,22,25,31,38,40,45,47],"ascension_level":9}}