{"host":"oqvelqkxh74plq6q","time":1611140840,"event":{"mods":["ATMod(°¢èªMod)","BaseMod","Better Match","Better-Laid Plans","BetterRewards","BshForSts","Challenge The Spire","Conspire","Good Game Mod","Jedi Mod","Minty Spire (QoL Compilation)","MostiFishMod","Poor People Problems","Quick Restart","Relic Stats","Remilia£¨ÀÙÃ×ÀòÑÇ£©","Shop Mod","Spicy Shops","StSLib","TestMod","Youmu£¨»êÆÇÑýÃÎ£©","vexMod","óô»ðÖ¸ÄÏ"],"gold_per_floor":[],"floor_reached":8,"language":"ZHS","playtime":768,"items_purged":[],"score":91,"play_id":"08e80b33-3f05-4922-91a0-26716c914e6f","local_time":"20210120190720","is_ascension_mode":false,"campfire_choices":[],"circlet_count":0,"master_deck":["Strike_YM","Strike_YM","Strike_YM","Strike_YM","Defend_YM","Defend_YM","Defend_YM","Defend_YM","SlashOfPresentWorld","WheelOfPainOfLivingAndDead","AT_DrawKnifeCut","Offering","LowerRealmReflectionSlash","ThoughtCuttingSword+1","HellFireSword","CrescentMoonSlash","SlashOfMeditation","LifeCuttingSword"],"relics":["HalfPhantom","REME:ComplimentaryCards","DaveBox","AT_ATBox","testmod-TestBox","testmod-BouquetWithThorns","HaiYi:Twilight","NeowsBlessing","SynthV:TestCard","Gremlin Horn","Pear","jedi:crownofsimplicity"],"acts_visited":["Exordium"],"potions_floor_usage":[],"damage_taken":[],"seed_played":"-7139391426258413768","potions_obtained":[],"is_trial":false,"path_per_floor":[],"character_chosen":"YOUMU","items_purchased":[],"campfire_rested":0,"item_purchase_floors":[],"current_hp_per_floor":[],"gold":105,"neow_bonus":"THREE_ENEMY_KILL","is_daily":false,"chose_seed":false,"campfire_upgraded":0,"win_rate":0.0,"timestamp":1611140840,"path_taken":[],"items_purchased_type":[],"build_version":"2020-12-22","purchased_purges":0,"victory":false,"max_hp_per_floor":[],"relic_stats":{"Gremlin Horn":[2,2],"counters":[5,9],"obtain_stats":[{"REME:ComplimentaryCards":0,"AT_ATBox":0,"testmod-TestBox":0,"SynthV:TestCard":1,"Pear":6,"DaveBox":0,"HaiYi:Twilight":0,"NeowsBlessing":0,"Gremlin Horn":3,"HalfPhantom":0,"jedi:crownofsimplicity":8,"testmod-BouquetWithThorns":0},{"REME:ComplimentaryCards":0,"AT_ATBox":0,"testmod-TestBox":0,"SynthV:TestCard":1,"Pear":3,"DaveBox":0,"HaiYi:Twilight":0,"NeowsBlessing":0,"Gremlin Horn":1,"HalfPhantom":0,"jedi:crownofsimplicity":5,"testmod-BouquetWithThorns":0},{"REME:ComplimentaryCards":0,"AT_ATBox":0,"testmod-TestBox":0,"SynthV:TestCard":1,"Pear":3,"DaveBox":0,"HaiYi:Twilight":0,"NeowsBlessing":0,"Gremlin Horn":1,"HalfPhantom":0,"jedi:crownofsimplicity":9,"testmod-BouquetWithThorns":0}]},"card_choices":[],"player_experience":97380,"relics_obtained":[],"event_choices":[],"is_beta":false,"boss_relics":[],"items_purged_floors":[],"is_endless":false,"potions_floor_spawned":[],"killed_by":"3 Sentries","ascension_level":0}}