{"host":"p9t7qd83igtcp2bh","time":1611123106,"event":{"mods":["2.2 Compatiblity","AchievementEnabler","BaseMod","Colored Map","Colored Powertips","Custom Start","DeckTracker","Keyboard Shortcuts","Minty Spire (QoL Compilation)","Permanent Neow","StSLib","SuperFastMode","everything is the same but u backflip on backflip"],"gold_per_floor":[114,114,114,133,151,151,186,203,203,223,61,79,129,145,145,220,220,235,247,86,98,98,98],"floor_reached":22,"language":"KOR","playtime":775,"items_purged":["Strike_B"],"score":380,"play_id":"fee11844-2ac9-4a40-b5c4-a6bc66f109d1","local_time":"20210120151146","is_ascension_mode":true,"campfire_choices":[{"data":"Hologram","floor":6.0,"key":"SMITH"},{"floor":15.0,"key":"REST"}],"circlet_count":0,"master_deck":["AscendersBane","Strike_B","Strike_B","Strike_B","Defend_B","Defend_B","Defend_B","Defend_B","Zap","Dualcast","Electrodynamics+1","Hologram+1","Storm+1","Leap","Skim","BootSequence","Steam Power","Capacitor+1","Chill","Double Energy","Machine Learning+1","Glacier","Self Repair+1","Coolheaded+1"],"relics":["Cracked Core","Frozen Egg 2","Bronze Scales","Pear","SlaversCollar"],"acts_visited":["Exordium","TheCity"],"potions_floor_usage":[16,22],"damage_taken":[{"damage":0.0,"enemies":"2 Louse","floor":1.0,"turns":1.0},{"damage":0.0,"enemies":"Small Slimes","floor":4.0,"turns":3.0},{"damage":0.0,"enemies":"Cultist","floor":5.0,"turns":3.0},{"damage":26.0,"enemies":"Gremlin Nob","floor":7.0,"turns":4.0},{"damage":2.0,"enemies":"3 Louse","floor":8.0,"turns":3.0},{"damage":8.0,"enemies":"Blue Slaver","floor":10.0,"turns":4.0},{"damage":0.0,"enemies":"2 Fungi Beasts","floor":12.0,"turns":1.0},{"damage":0.0,"enemies":"Exordium Thugs","floor":14.0,"turns":3.0},{"damage":24,"enemies":"The Guardian","floor":16,"turns":10},{"damage":46,"enemies":"Shell Parasite","floor":18,"turns":10},{"damage":0,"enemies":"3 Byrds","floor":19,"turns":3},{"damage":17,"enemies":"Snecko","floor":21,"turns":6},{"damage":14,"enemies":"Shelled Parasite and Fungi","floor":22,"turns":5}],"seed_played":"8077572141465778843","potions_obtained":[{"floor":4.0,"key":"Weak Potion"},{"floor":7.0,"key":"BlessingOfTheForge"},{"floor":12.0,"key":"Block Potion"},{"floor":19,"key":"LiquidBronze"}],"is_trial":false,"path_per_floor":["M","?","?","M","M","R","E","M","T","M","$","M","?","M","R","B",null,"M","M","$","M","M"],"character_chosen":"DEFECT","items_purchased":["Capacitor+1","Chill","Self Repair+1"],"campfire_rested":1,"item_purchase_floors":[11,11,20],"current_hp_per_floor":[46,35,40,40,40,40,24,22,22,14,14,14,6,6,31,7,66,20,20,20,13,0,0],"gold":98,"neow_bonus":"THREE_RARE_CARDS","is_daily":false,"chose_seed":false,"campfire_upgraded":1,"win_rate":0.0,"timestamp":1611123106,"path_taken":["M","?","?","M","M","R","E","M","T","M","$","M","?","M","R","BOSS","M","M","$","?","M"],"items_purchased_type":["Card","Card","Card"],"build_version":"2020-12-22","purchased_purges":1,"victory":false,"max_hp_per_floor":[71,71,76,76,76,76,86,86,86,86,86,86,86,86,86,86,86,86,86,86,86,86,86],"card_choices":[{"not_picked":["Fission","Seek"],"picked":"Electrodynamics","floor":0.0},{"not_picked":["Cold Snap","Sweeping Beam"],"picked":"Hologram","floor":1.0},{"not_picked":["FTL","Conserve Battery"],"picked":"Storm+1","floor":4.0},{"not_picked":["Steam","Compile Driver"],"picked":"Leap","floor":5.0},{"not_picked":["Coolheaded","Streamline"],"picked":"Skim","floor":7.0},{"not_picked":["Recycle","Go for the Eyes"],"picked":"BootSequence","floor":8.0},{"not_picked":["Redo","Steam"],"picked":"Steam Power","floor":10.0},{"not_picked":["Conserve Battery","Recycle"],"picked":"Double Energy","floor":12.0},{"not_picked":["Beam Cell","Stack"],"picked":"Machine Learning+1","floor":14.0},{"not_picked":["Steam","Recycle","Undo+1"],"picked":"SKIP","floor":18},{"not_picked":["Coolheaded","Reinforced Body+1"],"picked":"Glacier","floor":19},{"not_picked":["Hologram","Rebound"],"picked":"Coolheaded+1","floor":21}],"player_experience":664665,"relics_obtained":[{"floor":7.0,"key":"Pear"}],"event_choices":[{"damage_healed":0.0,"max_hp_gain":0.0,"max_hp_loss":0.0,"gold_gain":0.0,"event_name":"Scrap Ooze","player_choice":"Success","floor":2.0,"gold_loss":0.0,"damage_taken":11.0,"relics_obtained":["Bronze Scales"]},{"damage_healed":0.0,"max_hp_gain":5.0,"max_hp_loss":0.0,"gold_gain":0.0,"event_name":"Big Fish","player_choice":"Donut","floor":3.0,"gold_loss":0.0,"damage_taken":0.0},{"damage_healed":0.0,"max_hp_gain":0.0,"max_hp_loss":0.0,"gold_gain":50.0,"event_name":"FaceTrader","player_choice":"Touch","floor":13.0,"gold_loss":0.0,"damage_taken":8.0}],"is_beta":false,"boss_relics":[{"not_picked":["Runic Dome","FrozenCore"],"picked":"SlaversCollar"}],"items_purged_floors":[20],"is_endless":false,"potions_floor_spawned":[4,7,12,19],"killed_by":"Shelled Parasite and Fungi","ascension_level":20}}