{"host":"5dk97cf2ubw2v967","time":1611125989,"event":{"mods":["AlwaysNeverKeys","BaseMod","Better Altar","Better Vampires","Block Reminder","Colored Powertips","Downfall","Googly Eyes","Highlight Path","Minty Spire (QoL Compilation)","Permanent Neow","Potion Indicator Mod","Quick Restart","Relic Filter","Relic Stats","Say the Spire","Spicy Shops","StSLib","Waifu the Spire","everything is the same but u backflip on backflip"],"gold_per_floor":[99,119,36,36,36,63,63,63,63,63,88,106,6,30,30,135,135,35,54,70,70,7,38,38,23,23,56,67,67,67,78,95,197,197,197,210,210,229,244,144,144,144,155,182,202,230,230,13,32,32,32,58,58,58,58,58],"floor_reached":57,"language":"ENG","playtime":4728,"items_purged":["Guardian:Strike_Guardian"],"score":1637,"play_id":"aaa02676-699d-48e1-9986-09ee3715d80f","local_time":"20210120065949","is_ascension_mode":true,"campfire_choices":[{"data":"Guardian:TwinSlam","floor":1.0,"key":"SMITH"},{"data":"Guardian:FuturePlans","floor":8.0,"key":"SMITH"},{"data":"Guardian:Orbwalk","floor":10.0,"key":"SMITH"},{"floor":13.0,"key":"REST"},{"data":"Guardian:AncientConstruct","floor":18,"key":"SMITH"},{"floor":29,"key":"REST"},{"floor":35,"key":"RECALL"},{"data":"downfall:Aged","floor":40,"key":"PURGE"},{"data":"Guardian:Strike_Guardian","floor":42,"key":"PURGE"},{"floor":47,"key":"REST"},{"data":"expansioncontent:StudyTheSpire","floor":54,"key":"SMITH"}],"circlet_count":0,"master_deck":["Guardian:Strike_Guardian+1","Guardian:Defend_Guardian+1","Guardian:Defend_Guardian","Guardian:Defend_Guardian+1","Guardian:CurlUp","Guardian:TwinSlam+1","Guardian:Orbwalk+1","Guardian:Orbwalk","Guardian:FuturePlans+1","Guardian:GemFinder","Guardian:Recover","Guardian:AncientConstruct+1","Guardian:ShieldCharger","Guardian:ChargeCore+1","Guardian:ShieldCharger","Guardian:ShieldCharger","Guardian:TemporalStrike+1","Guardian:WalkerClaw+1","Guardian:ExploitGems","Guardian:BaubleBeam","CurseOfTheBell","Guardian:PrismaticBarrier+1","Guardian:ShieldCharger+1","Guardian:ExploitGems","Guardian:ArmoredProtocol+1","Guardian:StasisEngine","expansioncontent:StudyTheSpire+1","Guardian:DecasProtection"],"relics":["Philosopher\u0027s Stone","Ice Cream","Mercury Hourglass","Dead Branch","downfall:HeartBlessingGreen","Sozu","downfall:HeartBlessingBlue","Spirit Poop","Meat on the Bone","Sundial","Pantograph","Calling Bell","Peace Pipe","StrikeDummy","Ginger","Guardian:StasisEgg","downfall:HeartBlessingRed","Question Card","Blood Vial","MealTicket","Strawberry","Ornamental Fan"],"acts_visited":["Exordium","TheCity","TheBeyond","TheEnding"],"potions_floor_usage":[16,20,27],"damage_taken":[{"damage":3.0,"enemies":"2 Louse","floor":2.0,"turns":3.0},{"damage":0.0,"enemies":"downfall:FleeingMerchant","floor":3.0,"turns":4.0},{"damage":12.0,"enemies":"3 Sentries","floor":6.0,"turns":7.0},{"damage":10.0,"enemies":"Lagavulin","floor":11.0,"turns":6.0},{"damage":8.0,"enemies":"Jaw Worm","floor":12.0,"turns":3.0},{"damage":0.0,"enemies":"Cultist","floor":15.0,"turns":1.0},{"damage":18,"enemies":"SI_SHIV_ARCHETYPE","floor":16,"turns":7},{"damage":1,"enemies":"Spheric Guardian","floor":19,"turns":5},{"damage":8,"enemies":"Snecko","floor":20,"turns":5},{"damage":0,"enemies":"downfall:FleeingMerchant","floor":22,"turns":4},{"damage":17,"enemies":"Book of Stabbing","floor":23,"turns":8},{"damage":13,"enemies":"downfall:FleeingMerchant","floor":25,"turns":4},{"damage":40,"enemies":"Slavers","floor":27,"turns":6},{"damage":21,"enemies":"Shelled Parasite and Fungi","floor":28,"turns":3},{"damage":20,"enemies":"Sentry and Sphere","floor":31,"turns":5},{"damage":15,"enemies":"Snecko","floor":32,"turns":4},{"damage":19,"enemies":"IC_MUSHROOM_ARCHETYPE","floor":33,"turns":8},{"damage":14,"enemies":"Orb Walker","floor":36,"turns":4},{"damage":5,"enemies":"3 Shapes","floor":38,"turns":6},{"damage":17,"enemies":"3 Darklings","floor":39,"turns":4},{"damage":21,"enemies":"Writhing Mass","floor":43,"turns":7},{"damage":16,"enemies":"Nemesis","floor":44,"turns":7},{"damage":10,"enemies":"Spire Growth","floor":45,"turns":7},{"damage":42,"enemies":"Reptomancer","floor":46,"turns":4},{"damage":0,"enemies":"downfall:FleeingMerchant","floor":48,"turns":4},{"damage":20,"enemies":"4 Shapes","floor":49,"turns":3},{"damage":9,"enemies":"WA_ARCHETYPE_DIVINITY","floor":50,"turns":11},{"damage":13,"enemies":"downfall:CharBossMerchant","floor":52,"turns":6},{"damage":2,"enemies":"downfall:NeowBoss","floor":55,"turns":13},{"damage":29,"enemies":"downfall:NeowBossFinal","floor":56,"turns":8}],"seed_played":"3765553198556559798","potions_obtained":[{"floor":11.0,"key":"PowerPotion"},{"floor":12.0,"key":"hexamod:SoulburnPotion"},{"floor":16,"key":"Ancient Potion"}],"is_trial":false,"path_per_floor":["R","M","$","?","?","E","T","R","?","R","E","M","R","T","M","B",null,"R","M","M","?","$","E","T","$","?","E","M","R","?","M","M","B",null,"R","M","?","M","M","R","T","R","M","E","M","E","R","$","M","B",null,"E","$","R","B","B",null],"character_chosen":"GUARDIAN","items_purchased":["Guardian:Orbwalk","Guardian:ShieldCharger","expansioncontent:StudyTheSpire","Strawberry"],"campfire_rested":3,"item_purchase_floors":[3,22,48,48],"current_hp_per_floor":[72,69,69,69,69,57,57,57,57,57,47,39,63,63,63,45,71,81,80,72,72,72,55,55,54,54,26,17,44,28,20,17,35,76,76,62,62,57,52,52,52,52,43,39,43,15,42,66,60,78,92,81,96,96,95,68],"gold":58,"neow_bonus":"BOSS_RELIC","is_daily":false,"chose_seed":false,"campfire_upgraded":5,"win_rate":0.0,"timestamp":1611125989,"path_taken":["R","M","$","?","?","E","T","R","?","R","E","?","R","?","M","BOSS","R","M","M","?","$","E","T","?","?","E","?","R","?","M","M","BOSS","R","M","?","M","M","R","T","R","M","E","M","E","R","$","M","BOSS","E","$","R","BOSS","BOSS"],"items_purchased_type":["Card","Card","Card","Relic"],"build_version":"2020-12-22","purchased_purges":1,"victory":true,"max_hp_per_floor":[80,80,80,80,80,80,80,80,80,80,80,80,80,80,80,80,80,90,90,90,90,90,90,90,90,90,90,90,90,90,90,90,90,90,90,90,90,90,90,90,90,90,90,90,90,90,90,97,97,97,97,97,97,97,97,97],"relic_stats":{"counters":[30,165],"Dead Branch":[231],"Ginger":[35],"Question Card":11,"Mercury Hourglass":[394],"Sozu":11,"Peace Pipe":2,"Blood Vial":15,"Sundial":[8],"Ornamental Fan":[20],"Pantograph":50,"MealTicket":30,"obtain_stats":[{"Ice Cream":6,"downfall:HeartBlessingRed":40,"Guardian:StasisEgg":37,"Dead Branch":11,"Guardian:ModeShifter":0,"Spirit Poop":21,"downfall:HeartBlessingGreen":13,"Ginger":34,"Question Card":41,"Mercury Hourglass":7,"Sozu":17,"Calling Bell":34,"Peace Pipe":34,"Blood Vial":44,"downfall:BrokenWingStatue":5,"downfall:HeartBlessingBlue":18,"Sundial":24,"Ornamental Fan":52,"Pantograph":27,"Strawberry":48,"Philosopher\u0027s Stone":0,"MealTicket":46,"StrikeDummy":34,"Meat on the Bone":23},{"Ice Cream":3,"downfall:HeartBlessingRed":20,"Guardian:StasisEgg":18,"Dead Branch":4,"Guardian:ModeShifter":0,"Spirit Poop":9,"downfall:HeartBlessingGreen":5,"Ginger":17,"Question Card":20,"Mercury Hourglass":3,"Sozu":7,"Calling Bell":17,"Peace Pipe":17,"Blood Vial":22,"downfall:BrokenWingStatue":2,"downfall:HeartBlessingBlue":7,"Sundial":11,"Ornamental Fan":28,"Pantograph":13,"Strawberry":25,"Philosopher\u0027s Stone":0,"MealTicket":24,"StrikeDummy":17,"Meat on the Bone":11},{"Ice Cream":14,"downfall:HeartBlessingRed":96,"Guardian:StasisEgg":87,"Dead Branch":20,"Guardian:ModeShifter":0,"Spirit Poop":41,"downfall:HeartBlessingGreen":23,"Ginger":83,"Question Card":96,"Mercury Hourglass":14,"Sozu":31,"Calling Bell":83,"Peace Pipe":83,"Blood Vial":110,"downfall:BrokenWingStatue":7,"downfall:HeartBlessingBlue":31,"Sundial":53,"Ornamental Fan":144,"Pantograph":63,"Strawberry":124,"Philosopher\u0027s Stone":0,"MealTicket":120,"StrikeDummy":83,"Meat on the Bone":53}],"Meat on the Bone":144},"card_choices":[{"not_picked":["Guardian:TemporalStrike","Guardian:PrismaticBarrier"],"picked":"Guardian:Orbwalk","floor":2.0},{"not_picked":["Guardian:Gem_Crimson","Guardian:ShieldCharger"],"picked":"Guardian:Gem_Cyan","floor":3.0},{"not_picked":["Guardian:TimeBomb","Guardian:ShieldSpikes"],"picked":"Guardian:FuturePlans","floor":6.0},{"not_picked":["Guardian:Gem_White","Guardian:TimeSifter"],"picked":"Guardian:GemFinder","floor":11.0},{"not_picked":["Guardian:Gem_Lightblue","Guardian:Gem_Green"],"picked":"Guardian:Gem_Cyan","floor":12.0},{"not_picked":["Guardian:RollAttack","Guardian:Gem_Lightblue"],"picked":"Guardian:Recover","floor":12.0},{"not_picked":["Guardian:Gem_Green","Guardian:Recover","Guardian:CrystalBeam"],"picked":"SKIP","floor":15},{"not_picked":["Guardian:Gem_Red","Guardian:Gem_Green"],"picked":"Guardian:Gem_Cyan","floor":16},{"not_picked":["Guardian:StasisField","Guardian:StasisEngine"],"picked":"Guardian:AncientConstruct","floor":16},{"not_picked":["Guardian:Gem_Lightblue","Guardian:Gem_Cyan"],"picked":"Guardian:Gem_Green","floor":19},{"not_picked":["Guardian:Gem_Lightblue","Guardian:Suspension"],"picked":"Guardian:ShieldCharger","floor":19},{"not_picked":["Guardian:Gem_Lightblue","Guardian:Gem_Cyan"],"picked":"Guardian:Gem_Red","floor":20},{"not_picked":["Guardian:BodySlam","Guardian:PrimingBeam+1"],"picked":"Guardian:Gem_White","floor":20},{"not_picked":["Guardian:ArmoredProtocol","Guardian:TemporalShield"],"picked":"Guardian:ChargeCore+1","floor":22},{"not_picked":["Guardian:Gem_Lightblue","Guardian:Gem_Cyan"],"picked":"Guardian:Gem_Green","floor":23},{"not_picked":["Guardian:TimeCapacitor","Guardian:Recover"],"picked":"Guardian:Gem_Red","floor":23},{"not_picked":["Guardian:Suspension+1","Guardian:PiercingHide","Guardian:Gem_Red"],"picked":"SKIP","floor":25},{"not_picked":["Guardian:Gem_Red","Guardian:Gem_Lightblue"],"picked":"Guardian:Gem_Cyan","floor":27},{"not_picked":["Guardian:GuardianWhirl","Guardian:PrimingBeam"],"picked":"Guardian:ShieldCharger","floor":27},{"not_picked":["Guardian:Gem_Lightblue","Guardian:Gem_Red"],"picked":"Guardian:Gem_Cyan","floor":28},{"not_picked":["Guardian:ChargeCore","Guardian:Recover"],"picked":"Guardian:TemporalStrike+1","floor":28},{"not_picked":["Guardian:MultiBeam","Guardian:Gem_Cyan"],"picked":"Guardian:WalkerClaw+1","floor":31},{"not_picked":["Guardian:MultiBeam","Guardian:Recover"],"picked":"Guardian:ExploitGems","floor":32},{"not_picked":["Guardian:FastForward","Guardian:GatlingBeam"],"picked":"Guardian:BaubleBeam","floor":33},{"not_picked":["Guardian:PrimingBeam+1","Guardian:Reroute+1"],"picked":"Guardian:PrismaticBarrier+1","floor":36},{"not_picked":["Guardian:Gem_Red","Guardian:Gem_Lightblue"],"picked":"Guardian:Gem_Cyan","floor":36},{"not_picked":["Guardian:Gem_Cyan","Guardian:TemporalShield","Guardian:GuardianWhirl"],"picked":"SKIP","floor":38},{"not_picked":["Guardian:Gem_Red","Guardian:WalkerClaw+1"],"picked":"Guardian:Gem_Orange","floor":39},{"not_picked":["Guardian:WalkerClaw+1","Guardian:Gem_Green","Guardian:PiercingHide+1"],"picked":"Guardian:ShieldCharger+1","floor":43},{"not_picked":["Guardian:VentSteam","Guardian:PrimingBeam","Guardian:Gem_Fragmented"],"picked":"Guardian:ExploitGems","floor":44},{"not_picked":["Guardian:TemporalStrike+1","Guardian:PrismaticBarrier+1","Guardian:WalkerClaw"],"picked":"Guardian:ArmoredProtocol+1","floor":45},{"not_picked":["Guardian:Suspension","Guardian:RollAttack+1","Guardian:EvasiveProtocol"],"picked":"Guardian:StasisEngine","floor":46},{"not_picked":["Guardian:Gem_Cyan","Guardian:Recover+1","Guardian:StasisStrike","Guardian:TemporalShield"],"picked":"SKIP","floor":48},{"not_picked":["Guardian:BronzeOrb+1","Guardian:Gem_Green","Guardian:PiercingHide+1"],"picked":"Guardian:DecasProtection","floor":49},{"not_picked":["Guardian:BronzeOrb","Guardian:VentSteam+1","Guardian:Recover+1","Guardian:RollAttack"],"picked":"SKIP","floor":52}],"player_experience":1233765,"relics_obtained":[{"floor":6.0,"key":"Ice Cream"},{"floor":7.0,"key":"Mercury Hourglass"},{"floor":11.0,"key":"Dead Branch"},{"floor":23,"key":"Meat on the Bone"},{"floor":24,"key":"Sundial"},{"floor":27,"key":"Pantograph"},{"floor":34,"key":"Peace Pipe"},{"floor":34,"key":"StrikeDummy"},{"floor":34,"key":"Ginger"},{"floor":41,"key":"Question Card"},{"floor":44,"key":"Blood Vial"},{"floor":46,"key":"MealTicket"},{"floor":52,"key":"Ornamental Fan"}],"event_choices":[{"cards_removed":["Decay"],"damage_healed":0,"gold_gain":0,"player_choice":"Offered Curse","damage_taken":0,"relics_obtained":["Spirit Poop"],"max_hp_gain":0,"max_hp_loss":0,"event_name":"Bonfire Elementals","floor":21,"gold_loss":0}],"is_beta":false,"boss_relics":[{"not_picked":["Coffee Dripper","Empty Cage"],"picked":"Sozu"},{"not_picked":["Snecko Eye","Fusion Hammer"],"picked":"Calling Bell"}],"items_purged_floors":[48],"is_endless":false,"potions_floor_spawned":[11,12,16,20,27,28,31,33,38,43,45,46,49,52],"ascension_level":8}}