{"host":"skr63qsdfgeey3it","time":1611130966,"event":{"mods":["BaseMod","Colored Map","Hubris","Minty Spire (QoL Compilation)","Replay The Spire","Spicy Shops","StSLib"],"gold_per_floor":[116,116,130,53,53,81,100,135,135,162,162,176,237,202,202,202,202],"floor_reached":16,"language":"ENG","playtime":430,"items_purged":["Hallucinations"],"score":189,"play_id":"db1c65df-e9ce-40c7-b8a5-804bdd23c225","local_time":"20210120022246","is_ascension_mode":true,"campfire_choices":[{"floor":11,"key":"REST"},{"floor":15,"key":"REST"}],"circlet_count":0,"master_deck":["AscendersBane","Strike_G+1","Strike_G","Strike_G","Strike_G","Strike_G","Defend_G+1","Defend_G+1","Defend_G+1","Defend_G","Defend_G+1","Survivor","Neutralize","Quick Slash+1","Poisoned Stab","Prepared","A Thousand Cuts","Footwork","Cloak And Dagger"],"relics":["Busted Crown","ReplayTheSpireMod:CursedCoin","hubris:HerbalPaste","hubris:Towel","Simple Rune","Tiny Chest","hubris:OldNail","Whetstone","Replay:WaspNest"],"acts_visited":["Exordium"],"potions_floor_usage":[6,8,10],"damage_taken":[{"damage":0,"enemies":"Cultist","floor":1,"turns":5},{"damage":2,"enemies":"Jaw Worm","floor":3,"turns":4},{"damage":16,"enemies":"Gremlin Nob","floor":6,"turns":4},{"damage":0,"enemies":"2 Louse","floor":7,"turns":2},{"damage":22,"enemies":"3 Sentries","floor":8,"turns":9},{"damage":10,"enemies":"Lagavulin","floor":10,"turns":8},{"damage":0,"enemies":"2 Fungi Beasts","floor":12,"turns":3},{"damage":0,"enemies":"Fading Forest","floor":16,"turns":1}],"seed_played":"-5529119648291010282","potions_obtained":[{"floor":3,"key":"FearPotion"},{"floor":6,"key":"SkillPotion"},{"floor":8,"key":"Dexterity Potion"}],"is_trial":false,"path_per_floor":["M","?","M","$","?","E","M","E","T","E","R","M","?","?","R","B"],"character_chosen":"THE_SILENT","items_purchased":["ReplayTheSpireMod:CursedCoin","hubris:HerbalPaste"],"campfire_rested":2,"item_purchase_floors":[4,4],"current_hp_per_floor":[63,49,47,47,47,37,40,24,24,20,41,46,18,35,56,59,59],"gold":202,"neow_bonus":"BOSS_RELIC","is_daily":false,"chose_seed":false,"campfire_upgraded":0,"win_rate":0.0,"timestamp":1611130966,"path_taken":["M","?","M","$","?","E","M","E","T","E","R","?","?","?","R","BOSS"],"items_purchased_type":["Relic","Relic"],"build_version":"2020-12-22","purchased_purges":1,"victory":false,"max_hp_per_floor":[70,70,70,70,70,70,70,70,70,70,70,70,70,70,70,70,70],"card_choices":[{"not_picked":[],"picked":"Quick Slash","floor":1},{"not_picked":["Slice"],"picked":"SKIP","floor":3},{"not_picked":[],"picked":"Poisoned Stab","floor":6},{"not_picked":["Dagger Throw"],"picked":"SKIP","floor":7},{"not_picked":[],"picked":"Prepared","floor":8},{"not_picked":["Skewer"],"picked":"SKIP","floor":10},{"not_picked":[],"picked":"A Thousand Cuts","floor":12},{"not_picked":[],"picked":"Footwork","floor":13},{"not_picked":[],"picked":"Cloak And Dagger","floor":13}],"player_experience":773465,"relics_obtained":[{"floor":6,"key":"Simple Rune"},{"floor":8,"key":"Tiny Chest"},{"floor":9,"key":"hubris:OldNail"},{"floor":10,"key":"Whetstone"},{"floor":13,"key":"Replay:WaspNest"}],"event_choices":[{"damage_healed":0,"gold_gain":0,"player_choice":"Entered Light","damage_taken":14,"max_hp_gain":0,"max_hp_loss":0,"event_name":"Shining Light","floor":2,"gold_loss":0,"cards_upgraded":["Defend_G","Defend_G"]},{"damage_healed":17,"gold_gain":0,"player_choice":"Healed","damage_taken":0,"max_hp_gain":0,"max_hp_loss":0,"event_name":"The Cleric","floor":14,"gold_loss":35}],"is_beta":false,"boss_relics":[],"items_purged_floors":[4],"is_endless":false,"potions_floor_spawned":[3,6,8],"killed_by":"Fading Forest","ascension_level":12}}