{"host":"lh9qfzqeqctr28d2","time":1611119573,"event":{"mods":["BaseMod","Luminous","Minty Spire (QoL Compilation)","Quick Restart","Relic Stats","Remilia£®¿Ÿ√◊¿Ú—«£©","Replay The Spire","StSLib","Yakumo Yukari mod"],"gold_per_floor":[112,187,187,137,153,153,185,185,185,200,229,58,58,58,58],"floor_reached":14,"language":"ZHS","playtime":372,"items_purged":[],"score":188,"play_id":"9242b9d1-bd97-45c8-a4c8-870ada317fa5","local_time":"20210120131253","is_ascension_mode":true,"campfire_choices":[{"data":"BloodAndWine","floor":6,"key":"SMITH"},{"data":"RedMoon","floor":8,"key":"SMITH"}],"circlet_count":0,"master_deck":["AscendersBane","Strike_RM","Strike_RM+1","Strike_RM+1","Defend_RM","Defend_RM","Defend_RM","RedMoon+1","ScarletShoot","ScarletDevil","BloodAndWine+1","StarOfDavid","UnderTheZenith","ReincarnationDial","ScarletNetherworld","ReplayTheSpireMod:Private Reserves"],"relics":["ScarletHat","NeowsBlessing","Matryoshka","Replay:Wax Seal","ReplayTheSpireMod:Ninjato","Replay:WaspNest"],"acts_visited":["Exordium"],"potions_floor_usage":[11,11],"damage_taken":[{"damage":0,"enemies":"2 Louse","floor":1,"turns":2},{"damage":0,"enemies":"Small Slimes","floor":5,"turns":1},{"damage":0,"enemies":"3 Sentries","floor":7,"turns":2},{"damage":8,"enemies":"Jaw Worm","floor":10,"turns":3},{"damage":16,"enemies":"Lagavulin","floor":11,"turns":7},{"damage":11,"enemies":"3 Sentries","floor":14,"turns":3}],"seed_played":"7456988484942085869","potions_obtained":[{"floor":1,"key":"Strength Potion"},{"floor":10,"key":"Toxic Potion"}],"is_trial":false,"path_per_floor":["M","?","?","?","M","R","E","R","T","M","E","$","?","E"],"character_chosen":"REMILIA","items_purchased":["ScarletNetherworld","ReplayTheSpireMod:Private Reserves"],"campfire_rested":0,"item_purchase_floors":[12,12],"current_hp_per_floor":[68,57,42,42,42,42,45,45,45,41,33,33,33,25,25],"gold":58,"neow_bonus":"THREE_ENEMY_KILL","is_daily":false,"chose_seed":false,"campfire_upgraded":2,"win_rate":0.0,"timestamp":1611119573,"path_taken":["M","?","?","?","?","R","E","R","T","M","E","$","?","E"],"items_purchased_type":["Card","Card"],"build_version":"2020-12-22","purchased_purges":0,"victory":false,"max_hp_per_floor":[75,75,75,75,75,75,75,75,75,75,75,75,75,75,75],"relic_stats":{"counters":[6,18],"obtain_stats":[{"Matryoshka":7,"ReplayTheSpireMod:Ninjato":9,"NeowsBlessing":0,"Replay:WaspNest":11,"Replay:Wax Seal":9,"ScarletHat":0},{"Matryoshka":3,"ReplayTheSpireMod:Ninjato":3,"NeowsBlessing":0,"Replay:WaspNest":5,"Replay:Wax Seal":3,"ScarletHat":0},{"Matryoshka":5,"ReplayTheSpireMod:Ninjato":5,"NeowsBlessing":0,"Replay:WaspNest":15,"Replay:Wax Seal":5,"ScarletHat":0}]},"card_choices":[{"not_picked":["AfternoonTea","MiserableFate"],"picked":"ScarletDevil","floor":1},{"not_picked":["VampireKiss","EmergencyRegeneration"],"picked":"BloodAndWine","floor":5},{"not_picked":["Maim","ScarletDevilSign"],"picked":"StarOfDavid","floor":7},{"not_picked":["VampireKiss","FavorOfDestiny"],"picked":"UnderTheZenith","floor":10},{"not_picked":["StarOfDavid","UnstableMagic"],"picked":"ReincarnationDial","floor":11}],"player_experience":439553,"relics_obtained":[{"floor":7,"key":"Matryoshka"},{"floor":9,"key":"Replay:Wax Seal"},{"floor":9,"key":"ReplayTheSpireMod:Ninjato"},{"floor":11,"key":"Replay:WaspNest"}],"event_choices":[{"damage_healed":0,"gold_gain":75,"player_choice":"Gather Gold","damage_taken":11,"max_hp_gain":0,"max_hp_loss":0,"event_name":"World of Goop","floor":2,"gold_loss":0},{"damage_healed":0,"gold_gain":0,"player_choice":"Entered Light","damage_taken":15,"max_hp_gain":0,"max_hp_loss":0,"event_name":"Shining Light","floor":3,"gold_loss":0,"cards_upgraded":["Strike_RM","Strike_RM"]},{"cards_removed":["Defend_RM"],"damage_healed":0,"gold_gain":0,"player_choice":"Card Removal","damage_taken":0,"max_hp_gain":0,"max_hp_loss":0,"event_name":"The Cleric","floor":4,"gold_loss":50}],"is_beta":false,"boss_relics":[],"items_purged_floors":[],"is_endless":false,"potions_floor_spawned":[1,10],"killed_by":"3 Sentries","ascension_level":11}}