{"host":"ypphcgdomtfqpc2w","time":1611132580,"event":{"mods":["BaseMod","DeckTracker","Minty Spire (QoL Compilation)","Relic Stats","StSLib"],"gold_per_floor":[111,7,7,7,19,47,63,63,63,93,112,26,69,144,144,226,226,247,291,305,305,331,331,331,331,356,388,3,3,3,29,29,29,29],"floor_reached":33,"language":"ENG","playtime":1730,"items_purged":["Defend_R","Bash"],"score":662,"play_id":"9ad5b249-fe64-4835-b1a2-7d70a6d79b90","local_time":"20210120174940","is_ascension_mode":true,"campfire_choices":[{"data":"Sever Soul","floor":8.0,"key":"SMITH"},{"data":"1","floor":15.0,"key":"LIFT"},{"data":"2","floor":23.0,"key":"LIFT"},{"data":"Limit Break","floor":25.0,"key":"SMITH"},{"data":"Rupture","floor":29.0,"key":"SMITH"},{"data":"Evolve","floor":32.0,"key":"SMITH"}],"circlet_count":0,"master_deck":["AscendersBane","Strike_R","Strike_R","Strike_R","Strike_R","Defend_R","Defend_R","Defend_R","True Grit","Anger","Pain","Inflame","Sever Soul+1","Bludgeon","Twin Strike","Rupture+1","Evolve+1","Limit Break+1","Power Through","Thunderclap","Disarm+1","Shrug It Off","Disarm"],"relics":["Burning Blood","NeowsBlessing","WarpedTongs","Ginger","Girya","Happy Flower","CeramicFish","StrikeDummy","Velvet Choker","Red Mask","Potion Belt","Frozen Egg 2","Membership Card","PreservedInsect","Centennial Puzzle","Bottled Tornado"],"acts_visited":["Exordium","TheCity"],"potions_floor_usage":[33,33],"damage_taken":[{"damage":0.0,"enemies":"Small Slimes","floor":1.0,"turns":1.0},{"damage":2.0,"enemies":"2 Louse","floor":5.0,"turns":1.0},{"damage":0.0,"enemies":"3 Sentries","floor":6.0,"turns":1.0},{"damage":4.0,"enemies":"Cultist","floor":7.0,"turns":3.0},{"damage":19.0,"enemies":"Lagavulin","floor":10.0,"turns":5.0},{"damage":9.0,"enemies":"Exordium Thugs","floor":11.0,"turns":4.0},{"damage":4.0,"enemies":"Gremlin Nob","floor":13.0,"turns":3.0},{"damage":52.0,"enemies":"Hexaghost","floor":16.0,"turns":6.0},{"damage":20.0,"enemies":"3 Byrds","floor":18.0,"turns":5.0},{"damage":13.0,"enemies":"Masked Bandits","floor":19.0,"turns":3.0},{"damage":1.0,"enemies":"Spheric Guardian","floor":20.0,"turns":3.0},{"damage":7.0,"enemies":"Cultist and Chosen","floor":22.0,"turns":3.0},{"damage":20.0,"enemies":"Slavers","floor":27.0,"turns":4.0},{"damage":9.0,"enemies":"Snecko","floor":31.0,"turns":3.0},{"damage":63,"enemies":"Automaton","floor":33,"turns":6}],"seed_played":"1347672811228152836","potions_obtained":[{"floor":7.0,"key":"Weak Potion"},{"floor":11.0,"key":"BloodPotion"},{"floor":13.0,"key":"BloodPotion"},{"floor":16.0,"key":"Fire Potion"},{"floor":19.0,"key":"Regen Potion"},{"floor":20.0,"key":"Fire Potion"},{"floor":22.0,"key":"ElixirPotion"}],"is_trial":false,"path_per_floor":["M","$","?","?","M","E","M","R","T","E","M","$","E","T","R","B",null,"M","?","M","?","M","R","?","R","T","E","$","R","T","M","R","B"],"character_chosen":"IRONCLAD","items_purchased":["Anger","Rupture","Membership Card","Shrug It Off","PreservedInsect","Centennial Puzzle"],"campfire_rested":0,"item_purchase_floors":[2,12,28,28,28,28],"current_hp_per_floor":[74,74,67,67,71,75,75,75,75,62,59,59,61,61,61,30,64,50,43,63,63,62,62,62,62,62,48,48,48,48,45,45,0,0],"gold":29,"neow_bonus":"THREE_ENEMY_KILL","is_daily":false,"chose_seed":false,"campfire_upgraded":4,"win_rate":0.0,"timestamp":1611132580,"path_taken":["M","$","?","?","M","E","?","R","T","E","M","$","E","?","R","BOSS","M","?","M","?","?","R","?","R","T","E","$","R","?","M","R","BOSS"],"items_purchased_type":["Card","Card","Relic","Card","Relic","Relic"],"build_version":"2020-12-22","purchased_purges":2,"victory":false,"max_hp_per_floor":[75,75,75,75,75,75,75,75,75,75,75,75,75,75,75,75,75,75,75,75,75,75,75,75,75,75,75,75,75,75,75,75,75,75],"relic_stats":{"Centennial Puzzle":[6],"Happy Flower":[13],"counters":[15,51],"CeramicFish":63,"PreservedInsect":0,"Ginger":[7],"obtain_stats":[{"Potion Belt":26,"Girya":9,"NeowsBlessing":0,"Happy Flower":10,"CeramicFish":13,"Velvet Choker":17,"PreservedInsect":28,"Ginger":6,"Frozen Egg 2":27,"Bottled Tornado":30,"Burning Blood":0,"WarpedTongs":4,"Centennial Puzzle":28,"Red Mask":19,"Membership Card":28,"StrikeDummy":14},{"Potion Belt":12,"Girya":4,"NeowsBlessing":0,"Happy Flower":5,"CeramicFish":7,"Velvet Choker":8,"PreservedInsect":13,"Ginger":3,"Frozen Egg 2":13,"Bottled Tornado":13,"Burning Blood":0,"WarpedTongs":1,"Centennial Puzzle":13,"Red Mask":10,"Membership Card":13,"StrikeDummy":7},{"Potion Belt":38,"Girya":6,"NeowsBlessing":0,"Happy Flower":11,"CeramicFish":18,"Velvet Choker":24,"PreservedInsect":42,"Ginger":3,"Frozen Egg 2":42,"Bottled Tornado":42,"Burning Blood":0,"WarpedTongs":1,"Centennial Puzzle":42,"Red Mask":32,"Membership Card":42,"StrikeDummy":18}],"Burning Blood":80,"WarpedTongs":[50]},"card_choices":[{"not_picked":["Flex","Body Slam"],"picked":"True Grit","floor":1.0},{"not_picked":["Pummel","Shrug It Off"],"picked":"Inflame","floor":5.0},{"not_picked":["Rage","Hemokinesis"],"picked":"Sever Soul","floor":6.0},{"not_picked":["Bloodletting","Perfected Strike","Warcry"],"picked":"SKIP","floor":7.0},{"not_picked":["Rage","Armaments"],"picked":"Bludgeon","floor":10.0},{"not_picked":["Rupture","Anger"],"picked":"Twin Strike","floor":11.0},{"not_picked":["Berserk","Clothesline"],"picked":"Evolve","floor":13.0},{"not_picked":["Exhume","Berserk"],"picked":"Limit Break","floor":16.0},{"not_picked":["Sword Boomerang","Flex"],"picked":"Power Through","floor":18.0},{"not_picked":["Clash","Sever Soul"],"picked":"Thunderclap","floor":19.0},{"not_picked":["True Grit","Double Tap","Body Slam"],"picked":"SKIP","floor":20.0},{"not_picked":["Headbutt","Wild Strike"],"picked":"Disarm+1","floor":22.0},{"not_picked":["Sever Soul","Carnage","Fire Breathing+1"],"picked":"SKIP","floor":27.0},{"not_picked":["Blood for Blood","Entrench"],"picked":"Disarm","floor":31.0}],"player_experience":2067232,"relics_obtained":[{"floor":6.0,"key":"Ginger"},{"floor":9.0,"key":"Girya"},{"floor":10.0,"key":"Happy Flower"},{"floor":13.0,"key":"CeramicFish"},{"floor":14.0,"key":"StrikeDummy"},{"floor":19.0,"key":"Red Mask"},{"floor":26.0,"key":"Potion Belt"},{"floor":27.0,"key":"Frozen Egg 2"},{"floor":30.0,"key":"Bottled Tornado"}],"event_choices":[{"cards_removed":["Strike_R"],"damage_healed":0.0,"max_hp_gain":0.0,"max_hp_loss":0.0,"gold_gain":0.0,"event_name":"Golden Wing","player_choice":"Card Removal","floor":3.0,"gold_loss":0.0,"damage_taken":7.0},{"damage_healed":0.0,"max_hp_gain":0.0,"max_hp_loss":0.0,"gold_gain":0.0,"event_name":"Accursed Blacksmith","player_choice":"Rummage","floor":4.0,"gold_loss":0.0,"damage_taken":0.0,"relics_obtained":["WarpedTongs"],"cards_obtained":["Pain"]},{"damage_healed":0.0,"max_hp_gain":0.0,"max_hp_loss":0.0,"gold_gain":0.0,"event_name":"Masked Bandits","player_choice":"Fought Bandits","floor":19.0,"gold_loss":0.0,"damage_taken":0.0},{"damage_healed":0.0,"max_hp_gain":0.0,"max_hp_loss":0.0,"gold_gain":0.0,"event_name":"Fountain of Cleansing","player_choice":"Ignored","floor":21.0,"gold_loss":0.0,"damage_taken":0.0},{"damage_healed":0.0,"max_hp_gain":0.0,"max_hp_loss":0.0,"gold_gain":0.0,"event_name":"Ghosts","player_choice":"Ignored","floor":24.0,"gold_loss":0.0,"damage_taken":0.0}],"is_beta":false,"boss_relics":[{"not_picked":["SacredBark","SlaversCollar"],"picked":"Velvet Choker"}],"items_purged_floors":[2,28],"is_endless":false,"potions_floor_spawned":[7,11,13,16,19,20,22],"killed_by":"Automaton","ascension_level":20}}