{"host":"l15sdf2mmi0nobpi","time":1611151776,"event":{"mods":["ATMod(°¢èªMod)","BaseMod","Highlight Path","Minty Spire (QoL Compilation)","Quick Restart","StSLib","¡¾¹¦ÄÜMod¡¿Neow½±Àø"],"gold_per_floor":[116,116,116,41,55,81,81,100,100,112,112,162,197,212,212,291,291,311,311,311],"floor_reached":19,"language":"ZHS","playtime":659,"items_purged":["Pain"],"score":404,"play_id":"9ca4a999-1eda-4d79-aea8-35b02fbcbd14","local_time":"20210120220936","is_ascension_mode":true,"campfire_choices":[{"data":"Coolheaded","floor":7.0,"key":"SMITH"},{"floor":11.0,"key":"RECALL"},{"data":"Coolheaded","floor":15.0,"key":"SMITH"}],"circlet_count":0,"master_deck":["AscendersBane","Strike_B","Strike_B","Strike_B","Strike_B","Defend_B","Defend_B","Defend_B","Defend_B","Zap","Dualcast","AT_ShrugMaster","Coolheaded+1","Echo Form","Streamline","Coolheaded+1","Creative AI"],"relics":["Cracked Core","AT_ATBox","NeowsBlessing","WarpedTongs","Pear","AT_GoldPhoenixTree","Runic Pyramid"],"acts_visited":["Exordium","TheCity"],"potions_floor_usage":[18],"damage_taken":[{"damage":0.0,"enemies":"2 Louse","floor":1.0,"turns":1.0},{"damage":0.0,"enemies":"Small Slimes","floor":5.0,"turns":1.0},{"damage":0.0,"enemies":"Lagavulin","floor":6.0,"turns":1.0},{"damage":1.0,"enemies":"Cultist","floor":8.0,"turns":4.0},{"damage":15.0,"enemies":"Large Slime","floor":10.0,"turns":4.0},{"damage":21.0,"enemies":"3 Sentries","floor":13.0,"turns":10.0},{"damage":7.0,"enemies":"Gremlin Gang","floor":14.0,"turns":4.0},{"damage":17.0,"enemies":"Slime Boss","floor":16.0,"turns":17.0},{"damage":18,"enemies":"2 Thieves","floor":18,"turns":4},{"damage":51,"enemies":"3 Byrds","floor":19,"turns":1}],"seed_played":"-4567418574431754524","potions_obtained":[{"floor":5.0,"key":"Weak Potion"},{"floor":8.0,"key":"Swift Potion"},{"floor":16.0,"key":"DuplicationPotion"},{"floor":18,"key":"CultistPotion"}],"is_trial":false,"path_per_floor":["M","?","?","$","M","E","R","M","T","M","R","?","E","M","R","B",null,"M","M"],"character_chosen":"DEFECT","items_purchased":[],"campfire_rested":0,"item_purchase_floors":[],"current_hp_per_floor":[64,69,69,69,69,79,79,78,78,63,63,63,42,35,35,18,69,51,0,0],"gold":311,"neow_bonus":"THREE_ENEMY_KILL","is_daily":false,"chose_seed":false,"campfire_upgraded":2,"win_rate":0.0,"timestamp":1611151776,"path_taken":["M","?","?","$","?","E","R","M","T","M","R","?","E","M","R","BOSS","M","?"],"items_purchased_type":[],"build_version":"2020-12-22","purchased_purges":1,"victory":false,"max_hp_per_floor":[71,76,76,76,76,86,86,86,86,86,86,86,86,86,86,86,86,86,86,86],"card_choices":[{"not_picked":["AT_EMC2","Steam"],"picked":"Coolheaded","floor":1.0},{"not_picked":["Turbo","Steam","AT_HeatAcrobatics"],"picked":"SKIP","floor":5.0},{"not_picked":["AT_RobotInSpace","Hello World","AT_EMC2"],"picked":"SKIP","floor":6.0},{"not_picked":["Leap","Compile Driver"],"picked":"Echo Form","floor":8.0},{"not_picked":["Barrage","Compile Driver","Storm"],"picked":"SKIP","floor":10.0},{"not_picked":["Beam Cell","Force Field"],"picked":"Streamline","floor":13.0},{"not_picked":["AT_ThunderBolt","Barrage"],"picked":"Coolheaded","floor":14.0},{"not_picked":["All For One","Multi-Cast"],"picked":"Creative AI","floor":16.0},{"not_picked":["Steam","Go for the Eyes","Coolheaded"],"picked":"SKIP","floor":18}],"player_experience":464885,"relics_obtained":[{"floor":6.0,"key":"Pear"},{"floor":13.0,"key":"AT_GoldPhoenixTree"}],"event_choices":[{"damage_healed":0.0,"max_hp_gain":5.0,"max_hp_loss":0.0,"gold_gain":0.0,"event_name":"Big Fish","player_choice":"Donut","floor":2.0,"gold_loss":0.0,"damage_taken":0.0},{"damage_healed":0.0,"max_hp_gain":0.0,"max_hp_loss":0.0,"gold_gain":0.0,"event_name":"Accursed Blacksmith","player_choice":"Rummage","floor":3.0,"gold_loss":0.0,"damage_taken":0.0,"relics_obtained":["WarpedTongs"],"cards_obtained":["Pain"]},{"damage_healed":0.0,"max_hp_gain":0.0,"max_hp_loss":0.0,"gold_gain":50.0,"event_name":"Golden Shrine","player_choice":"Pray","floor":12.0,"gold_loss":0.0,"damage_taken":0.0}],"is_beta":false,"boss_relics":[{"not_picked":["Empty Cage","Runic Dome"],"picked":"Runic Pyramid"}],"items_purged_floors":[4],"is_endless":false,"potions_floor_spawned":[5,8,16,18],"killed_by":"3 Byrds","ascension_level":20}}