{"host":"l5xpox9cbdko122s","time":1611156336,"event":{"mods":["AchievementEnabler","BaseMod","Better Skull","Colored Map","Colored Powertips","Displayed Cursed Tome","Hermit","Highlight Path","Minty Spire (QoL Compilation)","Quick Restart","Shop Mod","StSLib"],"gold_per_floor":[159,159,175,175,350,386,386,336,363,383,396,396,410,428,428,557,557,582,560,583,583,583,583,603,396,396,412,445,445,458,479,479,602,602,618,643,663,663,663],"floor_reached":38,"language":"ENG","playtime":2626,"items_purged":["Injury"],"score":450,"play_id":"77d771c7-d15a-4798-b85f-4f220efaac30","local_time":"20210120102536","is_ascension_mode":false,"campfire_choices":[{"floor":7,"key":"RECALL"},{"data":"hermit:Maintenance","floor":15,"key":"SMITH"},{"floor":23,"key":"REST"},{"floor":29,"key":"REST"},{"data":"hermit:Maintenance","floor":32,"key":"SMITH"}],"circlet_count":0,"master_deck":["hermit:Strike_Hermit+1","hermit:Strike_Hermit+1","hermit:Strike_Hermit","hermit:Strike_Hermit","hermit:Defend_Hermit","hermit:Defend_Hermit+1","hermit:Defend_Hermit","hermit:Defend_Hermit","hermit:Snapshot","hermit:Covet+1","hermit:Maintenance+1","hermit:Virtue+1","CurseOfTheBell","hermit:Maintenance+1"],"relics":["Golden Idol","Ornamental Fan","Dream Catcher","Ice Cream","Happy Flower","Pear","StrikeDummy","MerchantsRug","War Paint","hermit:RyeStalk","Whetstone","SlaversCollar"],"acts_visited":["Exordium","TheCity","TheBeyond"],"potions_floor_usage":[1,3,13,14,16,16,16,19,24,27,28,30,31,33,36],"damage_taken":[{"damage":0,"enemies":"Cultist","floor":1,"turns":3},{"damage":0,"enemies":"Jaw Worm","floor":3,"turns":3},{"damage":36,"enemies":"3 Sentries","floor":6,"turns":8},{"damage":0,"enemies":"2 Louse","floor":10,"turns":3},{"damage":0,"enemies":"Looter","floor":11,"turns":4},{"damage":4,"enemies":"Blue Slaver","floor":13,"turns":3},{"damage":0,"enemies":"2 Fungi Beasts","floor":14,"turns":4},{"damage":8,"enemies":"The Guardian","floor":16,"turns":11},{"damage":11,"enemies":"Shell Parasite","floor":18,"turns":9},{"damage":25,"enemies":"2 Thieves","floor":19,"turns":5},{"damage":12,"enemies":"3 Cultists","floor":24,"turns":6},{"damage":0,"enemies":"Snake Plant","floor":27,"turns":5},{"damage":52,"enemies":"Slavers","floor":28,"turns":7},{"damage":0,"enemies":"Cultist and Chosen","floor":30,"turns":8},{"damage":1,"enemies":"Shelled Parasite and Fungi","floor":31,"turns":6},{"damage":32,"enemies":"Collector","floor":33,"turns":9},{"damage":45,"enemies":"3 Shapes","floor":35,"turns":3},{"damage":13,"enemies":"3 Darklings","floor":36,"turns":7},{"damage":15,"enemies":"4 Shapes","floor":37,"turns":7},{"damage":33,"enemies":"Spire Growth","floor":38,"turns":3}],"seed_played":"-203513382480017587","potions_obtained":[{"floor":0,"key":"Fire Potion"},{"floor":1,"key":"Fire Potion"},{"floor":6,"key":"Swift Potion"},{"floor":12,"key":"FearPotion"},{"floor":12,"key":"BlessingOfTheForge"},{"floor":12,"key":"SkillPotion"},{"floor":13,"key":"SpeedPotion"},{"floor":16,"key":"EntropicBrew"},{"floor":19,"key":"BlessingOfTheForge"},{"floor":28,"key":"Dexterity Potion"},{"floor":30,"key":"Fire Potion"},{"floor":31,"key":"CultistPotion"},{"floor":35,"key":"SkillPotion"}],"is_trial":false,"path_per_floor":["M","?","M","?","?","E","R","?","T","M","M","?","M","M","R","B",null,"M","M","T","?","T","R","M","$","T","M","E","R","M","M","R","B",null,"M","M","M","M"],"character_chosen":"HERMIT","items_purchased":["MerchantsRug","War Paint"],"campfire_rested":2,"item_purchase_floors":[25,25],"current_hp_per_floor":[80,77,77,77,77,41,41,41,41,41,41,41,37,37,37,29,80,69,44,44,54,54,81,69,69,69,69,17,44,44,43,43,11,90,45,32,17,0,0],"gold":663,"neow_bonus":"BOSS_RELIC","is_daily":false,"chose_seed":false,"campfire_upgraded":2,"win_rate":0.0,"timestamp":1611156336,"path_taken":["M","?","M","?","?","E","R","?","T","?","M","?","M","M","R","BOSS","M","?","?","?","?","R","M","$","T","M","E","R","M","M","R","BOSS","M","M","?","M"],"items_purchased_type":["Relic","Relic"],"build_version":"2020-12-22","purchased_purges":1,"victory":false,"max_hp_per_floor":[80,80,80,80,80,80,80,80,80,80,80,80,80,80,80,80,80,80,80,80,90,90,90,90,90,90,90,90,90,90,90,90,90,90,90,90,90,90,90],"card_choices":[{"not_picked":["hermit:TakeAim","hermit:Deadeye"],"picked":"hermit:Maintenance","floor":0},{"not_picked":["hermit:Midnight","hermit:FlashPowder","hermit:ShadowCloak"],"picked":"SKIP","floor":1},{"not_picked":["hermit:LoneWolf","hermit:Cheat","hermit:Ricochet"],"picked":"SKIP","floor":3},{"not_picked":["hermit:HighCaliber","hermit:Ricochet","hermit:Vantage"],"picked":"SKIP","floor":6},{"not_picked":["hermit:DeadMansHand","hermit:CalledShot"],"picked":"hermit:Virtue","floor":10},{"not_picked":["hermit:Midnight","hermit:BodyArmor","hermit:Snipe"],"picked":"SKIP","floor":11},{"not_picked":["hermit:SprayPray","hermit:Enervate","hermit:Quickdraw"],"picked":"SKIP","floor":13},{"not_picked":["hermit:SprayPray","hermit:Quickdraw","hermit:ItchyTrigger"],"picked":"SKIP","floor":14},{"not_picked":["hermit:PistolWhip+1","hermit:SprayPray","hermit:Vantage"],"picked":"SKIP","floor":18},{"not_picked":["hermit:LowProfile","hermit:SprayPray","hermit:HighCaliber"],"picked":"SKIP","floor":19},{"not_picked":["hermit:Headshot","hermit:EyeOfTheStorm"],"picked":"hermit:Maintenance","floor":23},{"not_picked":["hermit:HighCaliber+1","hermit:WideOpen+1","hermit:Grudge"],"picked":"SKIP","floor":24},{"not_picked":["hermit:Dive+1","hermit:Misfire","hermit:Quickdraw"],"picked":"SKIP","floor":27},{"not_picked":["hermit:FlashPowder","hermit:Quickdraw+1","hermit:Scavenge"],"picked":"SKIP","floor":28},{"not_picked":["hermit:SprayPray","hermit:Misfire","hermit:Headshot+1"],"picked":"SKIP","floor":30},{"not_picked":["hermit:Deadeye","hermit:Brawl","hermit:EyeOfTheStorm"],"picked":"SKIP","floor":31},{"not_picked":["hermit:Scavenge+1","hermit:ShadowCloak","hermit:Desperado+1"],"picked":"SKIP","floor":35},{"not_picked":["hermit:Feint","hermit:SprayPray+1","hermit:Coalescence"],"picked":"SKIP","floor":36},{"not_picked":["hermit:LowProfile+1","hermit:Dive","hermit:DeadMansHand+1"],"picked":"SKIP","floor":37}],"player_experience":149698,"relics_obtained":[{"floor":6,"key":"Ornamental Fan"},{"floor":17,"key":"Dream Catcher"},{"floor":17,"key":"hermit:Spyglass"},{"floor":17,"key":"Ice Cream"},{"floor":20,"key":"Happy Flower"},{"floor":22,"key":"StrikeDummy"},{"floor":26,"key":"hermit:RyeStalk"},{"floor":28,"key":"Whetstone"}],"event_choices":[{"damage_healed":0,"gold_gain":0,"player_choice":"Success","damage_taken":3,"relics_obtained":["Bag of Preparation"],"max_hp_gain":0,"max_hp_loss":0,"event_name":"Scrap Ooze","floor":2,"gold_loss":0},{"damage_healed":0,"gold_gain":0,"player_choice":"Take Wound","damage_taken":0,"relics_obtained":["Golden Idol"],"max_hp_gain":0,"max_hp_loss":0,"event_name":"Golden Idol","floor":4,"gold_loss":0,"cards_obtained":["Injury"]},{"damage_healed":0,"gold_gain":175,"player_choice":"AGREE","damage_taken":0,"max_hp_gain":0,"max_hp_loss":0,"event_name":"Liars Game","floor":5,"gold_loss":0,"cards_obtained":["Doubt"]},{"cards_removed":["Doubt"],"damage_healed":0,"gold_gain":0,"player_choice":"Card Removal","damage_taken":0,"max_hp_gain":0,"max_hp_loss":0,"event_name":"The Cleric","floor":8,"gold_loss":50},{"damage_healed":0,"gold_gain":0,"player_choice":"Got Potions","damage_taken":0,"max_hp_gain":0,"max_hp_loss":0,"event_name":"Lab","floor":12,"gold_loss":0},{"damage_healed":0,"gold_gain":0,"player_choice":"Opened","damage_taken":0,"relics_obtained":["Pear"],"max_hp_gain":0,"max_hp_loss":0,"event_name":"The Mausoleum","floor":21,"gold_loss":0}],"is_beta":false,"boss_relics":[{"not_picked":["Velvet Choker","Busted Crown"],"picked":"Calling Bell"},{"not_picked":["Cursed Key","Black Star"],"picked":"SlaversCollar"}],"items_purged_floors":[25],"is_endless":false,"potions_floor_spawned":[1,6,13,16,19,28,30,31,35],"killed_by":"Spire Growth","ascension_level":0}}