{"host":"wutzay93uet9pf9y","time":1611164107,"event":{"mods":["BaseMod","Colored Map","Downfall","Minty Spire (QoL Compilation)","StSLib"],"gold_per_floor":[99,117,217,217,82,98,121,121,69,102,120,135,35,52,67,168,168,68,87,103,103,103,203,203,153,53,53,67,67,67,67],"floor_reached":29,"language":"ENG","playtime":1244,"items_purged":[],"score":248,"play_id":"aef00d4b-b173-45f7-a2e3-2922a2a99127","local_time":"20210120123507","is_ascension_mode":false,"campfire_choices":[{"floor":1.0,"key":"RECALL"},{"data":"sneckomod:TailWhip","floor":18.0,"key":"SMITH"},{"data":"sneckomod:DiceBoulder","floor":26.0,"key":"SMITH"}],"circlet_count":0,"master_deck":["sneckomod:Strike","sneckomod:Strike","sneckomod:Strike","sneckomod:Defend","sneckomod:Defend","sneckomod:Defend","sneckomod:TailWhip+1","sneckomod:SnekBite","sneckomod:Unknown","sneckomod:UnknownStrike","sneckomod:RainOfDice+1","sneckomod:UnknownUncommonPower","sneckomod:WideSting+1","sneckomod:ImprovisedGuard","Doubt","sneckomod:UnknownUncommonAttack","sneckomod:DiceBlock","sneckomod:SoulDraw","sneckomod:TrashToTreasure","Madness","sneckomod:ImprovisedGuard","Madness","sneckomod:DiceBoulder+1","sneckomod:DiceCrush+1","Madness","sneckomod:SnekBeam+1"],"relics":["sneckomod:SuperSneckoSoul","Vajra","Bottled Flame","downfall:HeartBlessingGreen","downfall:HeartBlessingRed","TungstenRod","Molten Egg 2","Mercury Hourglass","downfall:HeartBlessingBlue"],"acts_visited":["TheCity"],"potions_floor_usage":[29,29],"damage_taken":[{"damage":0.0,"enemies":"Small Slimes","floor":2.0,"turns":4.0},{"damage":0.0,"enemies":"downfall:FleeingMerchant","floor":5.0,"turns":4.0},{"damage":8.0,"enemies":"Jaw Worm","floor":6.0,"turns":2.0},{"damage":3.0,"enemies":"downfall:FleeingMerchant","floor":9.0,"turns":4.0},{"damage":38.0,"enemies":"Lagavulin","floor":10.0,"turns":9.0},{"damage":0.0,"enemies":"2 Louse","floor":11.0,"turns":1.0},{"damage":12.0,"enemies":"Red Slaver","floor":12.0,"turns":4.0},{"damage":13.0,"enemies":"Gremlin Gang","floor":14.0,"turns":3.0},{"damage":0.0,"enemies":"Large Slime","floor":15.0,"turns":7.0},{"damage":20.0,"enemies":"DF_ARCHETYPE_STREAMLINE","floor":16.0,"turns":11.0},{"damage":25.0,"enemies":"Chosen","floor":19.0,"turns":8.0},{"damage":55.0,"enemies":"Snake Plant","floor":20.0,"turns":6.0},{"damage":58.0,"enemies":"WA_ARCHETYPE_RETAIN","floor":23.0,"turns":12.0},{"damage":39,"enemies":"Sentry and Sphere","floor":28,"turns":6},{"damage":35,"enemies":"Chosen and Byrds","floor":29,"turns":6}],"seed_played":"1588281346287568322","potions_obtained":[{"floor":6.0,"key":"DistilledChaos"},{"floor":10.0,"key":"Guardian:BlockOnCardUsePotion"},{"floor":11.0,"key":"Ancient Potion"},{"floor":12.0,"key":"SpeedPotion"},{"floor":14.0,"key":"FairyPotion"},{"floor":19.0,"key":"SteroidPotion"},{"floor":20.0,"key":"DistilledChaos"},{"floor":28,"key":"Swift Potion"}],"is_trial":false,"path_per_floor":["R","M","?","?","$","M","T","?","$","E","M","M","R","M","M","B",null,"R","M","M","?","?","?","T","?","R","?","M","M"],"character_chosen":"THE_SNECKO","items_purchased":["sneckomod:UnknownUncommonPower","sneckomod:WideSting","sneckomod:UnknownUncommonAttack"],"campfire_rested":0,"item_purchase_floors":[5,5,9],"current_hp_per_floor":[99,99,99,96,96,88,88,88,85,47,47,35,35,22,22,2,99,99,74,19,52,52,29,29,64,74,74,35,0,0,0],"gold":67,"neow_bonus":"TEN_PERCENT_HP_BONUS","is_daily":false,"chose_seed":false,"campfire_upgraded":2,"win_rate":0.0,"timestamp":1611164107,"path_taken":["R","M","?","?","?","M","T","?","$","E","?","M","R","?","M","BOSS","R","M","M","?","?","?","T","?","R","?","M","?"],"items_purchased_type":["Card","Card","Card"],"build_version":"2020-12-22","purchased_purges":0,"victory":false,"max_hp_per_floor":[99,99,99,99,99,99,99,99,99,99,99,99,99,99,99,99,99,99,99,99,99,99,99,99,99,109,109,109,109,109,109],"card_choices":[{"not_picked":["sneckomod:Unknown1Cost","sneckomod:TrashToTreasure"],"picked":"sneckomod:UnknownStrike","floor":2.0},{"not_picked":["sneckomod:UnknownUncommonAttack","sneckomod:UnknownVulnerable"],"picked":"sneckomod:RainOfDice","floor":5.0},{"not_picked":["sneckomod:SoulRoll","sneckomod:QuickMove"],"picked":"sneckomod:ImprovisedGuard","floor":6.0},{"not_picked":["sneckomod:WideSting","sneckomod:UnknownCommonAttack"],"picked":"sneckomod:UnknownUncommonAttack","floor":9.0},{"not_picked":["sneckomod:UnknownExhaust","sneckomod:Unknown0Cost"],"picked":"sneckomod:DiceBlock","floor":10.0},{"not_picked":["sneckomod:DiceBoulder","sneckomod:UnknownExhaust"],"picked":"sneckomod:SoulDraw","floor":11.0},{"not_picked":["sneckomod:SlitherStrike","sneckomod:SoulDraw"],"picked":"sneckomod:TrashToTreasure","floor":12.0},{"not_picked":["sneckomod:SoulRoll","sneckomod:SoulDraw"],"picked":"sneckomod:ImprovisedGuard","floor":14.0},{"not_picked":["sneckomod:RainOfDice","sneckomod:UnknownStrike"],"picked":"sneckomod:UnknownBoss","floor":15.0},{"not_picked":["sneckomod:QuickBite","sneckomod:SoulRoll"],"picked":"sneckomod:DiceBoulder","floor":19.0},{"not_picked":["sneckomod:SoulDraw","sneckomod:MasterEye","sneckomod:QuickBite"],"picked":"SKIP","floor":20.0},{"not_picked":["sneckomod:SnakeSap+1","sneckomod:TrashToTreasure"],"picked":"sneckomod:DiceCrush+1","floor":23.0},{"not_picked":["sneckomod:SnakeSap+1","sneckomod:UnknownX"],"picked":"sneckomod:SnekBeam+1","floor":28}],"player_experience":315063,"relics_obtained":[{"floor":10.0,"key":"Bottled Flame"},{"floor":23.0,"key":"TungstenRod"},{"floor":23.0,"key":"Molten Egg 2"},{"floor":24.0,"key":"Mercury Hourglass"}],"event_choices":[{"damage_healed":0.0,"max_hp_gain":0.0,"max_hp_loss":0.0,"gold_gain":0.0,"event_name":"Scrap Ooze","player_choice":"Success","floor":4.0,"gold_loss":0.0,"damage_taken":3.0,"relics_obtained":["Vajra"]},{"damage_healed":33.0,"max_hp_gain":0.0,"max_hp_loss":0.0,"gold_gain":0.0,"event_name":"The Library","player_choice":"Heal","floor":21.0,"gold_loss":0.0,"damage_taken":0.0},{"damage_healed":0.0,"max_hp_gain":0.0,"max_hp_loss":0.0,"gold_gain":0.0,"event_name":"Ghosts","player_choice":"Ignored","floor":22.0,"gold_loss":0.0,"damage_taken":0.0}],"is_beta":false,"boss_relics":[{"not_picked":["Philosopher\u0027s Stone","Busted Crown"],"picked":"sneckomod:SuperSneckoSoul"}],"items_purged_floors":[],"is_endless":false,"potions_floor_spawned":[6,10,11,12,14,19,20,28],"killed_by":"Chosen and Byrds","ascension_level":0}}