{"host":"vyjryxuuuxkt43k4","time":1611149684,"event":{"mods":["AchievementEnabler","BaseMod","Colored Map","DeckTracker","Keyboard Shortcuts","Minty Spire (QoL Compilation)","Permanent Neow","Quick Restart","StSLib","SuperFastMode","everything is the same but u backflip on backflip"],"gold_per_floor":[112,129,129,190,206,231,231,2,47,47,64,114,183,196,196,270,270,290,38,49,132,150,150,177,191,218,247,297,361,376,438,438,438,438],"floor_reached":33,"language":"KOR","playtime":1401,"items_purged":["Strike_R"],"score":513,"play_id":"b51d2830-4ba9-4d35-9a50-b7eed254ff1d","local_time":"20210120223444","is_ascension_mode":true,"campfire_choices":[{"data":"Body Slam","floor":7.0,"key":"SMITH"},{"floor":10.0,"key":"REST"},{"data":"Corruption","floor":15.0,"key":"SMITH"},{"floor":23.0,"key":"REST"},{"floor":32.0,"key":"REST"}],"circlet_count":0,"master_deck":["AscendersBane","Strike_R","Strike_R","Defend_R","Defend_R","Defend_R","Defend_R","Bash","Body Slam+1","Shrug It Off","Spot Weakness","Pummel","Corruption+1","Second Wind","Power Through","Fire Breathing","Offering","Whirlwind+1","Armaments+1","Feel No Pain","Intimidate+1","Offering+1","Warcry+1","Regret","Power Through+1","Havoc+1","Headbutt+1","Thunderclap+1"],"relics":["Burning Blood","SsserpentHead","Matryoshka","TheAbacus","Bronze Scales","Vajra","Cursed Key","Toxic Egg 2","Red Mask","Potion Belt","Molten Egg 2","Orichalcum"],"acts_visited":["Exordium","TheCity"],"potions_floor_usage":[33],"damage_taken":[{"damage":5.0,"enemies":"2 Louse","floor":1.0,"turns":4.0},{"damage":11.0,"enemies":"Cultist","floor":2.0,"turns":4.0},{"damage":12.0,"enemies":"Small Slimes","floor":4.0,"turns":4.0},{"damage":9.0,"enemies":"2 Fungi Beasts","floor":5.0,"turns":4.0},{"damage":36.0,"enemies":"Gremlin Nob","floor":6.0,"turns":4.0},{"damage":6.0,"enemies":"3 Louse","floor":11.0,"turns":2.0},{"damage":14.0,"enemies":"Exordium Thugs","floor":13.0,"turns":4.0},{"damage":5.0,"enemies":"Gremlin Gang","floor":14.0,"turns":4.0},{"damage":30.0,"enemies":"The Guardian","floor":16.0,"turns":11.0},{"damage":16.0,"enemies":"Spheric Guardian","floor":18.0,"turns":4.0},{"damage":14.0,"enemies":"Shell Parasite","floor":20.0,"turns":5.0},{"damage":25.0,"enemies":"Masked Bandits","floor":21.0,"turns":3.0},{"damage":14.0,"enemies":"Snake Plant","floor":22.0,"turns":4.0},{"damage":13.0,"enemies":"Gremlin Leader","floor":24.0,"turns":5.0},{"damage":12.0,"enemies":"Cultist and Chosen","floor":25.0,"turns":3.0},{"damage":15.0,"enemies":"Slavers","floor":27.0,"turns":2.0},{"damage":12.0,"enemies":"3 Cultists","floor":29.0,"turns":2.0},{"damage":17.0,"enemies":"Centurion and Healer","floor":30.0,"turns":4.0},{"damage":10.0,"enemies":"Shelled Parasite and Fungi","floor":31.0,"turns":3.0},{"damage":41,"enemies":"Collector","floor":33,"turns":5}],"seed_played":"1666595682249229090","potions_obtained":[{"floor":4.0,"key":"GamblersBrew"},{"floor":5.0,"key":"DuplicationPotion"},{"floor":6.0,"key":"FearPotion"},{"floor":11.0,"key":"AttackPotion"},{"floor":20.0,"key":"EssenceOfSteel"},{"floor":22.0,"key":"Regen Potion"},{"floor":24.0,"key":"AttackPotion"},{"floor":27.0,"key":"SkillPotion"},{"floor":31.0,"key":"AttackPotion"}],"is_trial":false,"path_per_floor":["M","M","?","M","M","E","R","$","T","R","M","?","M","M","R","B",null,"M","$","M","?","M","R","E","M","T","E","?","M","M","M","R","B"],"character_chosen":"IRONCLAD","items_purchased":["TheAbacus","Toxic Egg 2"],"campfire_rested":3,"item_purchase_floors":[8,19],"current_hp_per_floor":[68,63,63,57,54,24,24,24,24,44,44,44,36,37,37,13,54,44,44,36,17,9,29,36,30,30,21,35,29,18,14,34,0,0],"gold":438,"neow_bonus":"REMOVE_TWO","is_daily":false,"chose_seed":false,"campfire_upgraded":2,"win_rate":0.0,"timestamp":1611149684,"path_taken":["M","M","?","?","M","E","R","$","T","R","M","?","?","M","R","BOSS","M","$","M","?","M","R","E","M","T","E","?","?","M","?","R","BOSS"],"items_purchased_type":["Relic","Relic"],"build_version":"2020-12-22","purchased_purges":1,"victory":false,"max_hp_per_floor":[68,68,68,68,68,68,68,68,68,68,68,68,68,68,68,68,68,68,68,68,68,68,68,68,68,68,68,68,68,68,68,68,68,68],"card_choices":[{"not_picked":["Headbutt","Clash"],"picked":"Body Slam","floor":1.0},{"not_picked":["Sentinel","Armaments"],"picked":"Shrug It Off","floor":2.0},{"not_picked":["Shrug It Off","Body Slam"],"picked":"Spot Weakness","floor":4.0},{"not_picked":["Clothesline","Juggernaut"],"picked":"Pummel","floor":5.0},{"not_picked":["Twin Strike","Reckless Charge"],"picked":"Corruption","floor":6.0},{"not_picked":["Carnage","Iron Wave"],"picked":"Second Wind","floor":11.0},{"not_picked":["Headbutt","Iron Wave"],"picked":"Power Through","floor":13.0},{"not_picked":["Anger","Reckless Charge"],"picked":"Fire Breathing","floor":14.0},{"not_picked":["Exhume","Juggernaut"],"picked":"Offering","floor":16.0},{"not_picked":["Pommel Strike","Rupture"],"picked":"Whirlwind+1","floor":18.0},{"not_picked":["Heavy Blade","Warcry+1"],"picked":"Armaments+1","floor":20.0},{"not_picked":["Pommel Strike+1","Clothesline"],"picked":"Feel No Pain","floor":21.0},{"not_picked":["Clothesline","Dropkick"],"picked":"Intimidate+1","floor":22.0},{"not_picked":["Iron Wave","Fire Breathing"],"picked":"Offering+1","floor":24.0},{"not_picked":["Heavy Blade","Clash"],"picked":"Warcry+1","floor":25.0},{"not_picked":["Offering+1","Dropkick+1"],"picked":"Power Through+1","floor":27.0},{"not_picked":["Heavy Blade+1","Seeing Red+1"],"picked":"Havoc+1","floor":29.0},{"not_picked":["Twin Strike+1","Pummel+1"],"picked":"Headbutt+1","floor":30.0},{"not_picked":["Perfected Strike+1","Carnage+1"],"picked":"Thunderclap+1","floor":31.0}],"player_experience":162990,"relics_obtained":[{"floor":6.0,"key":"Matryoshka"},{"floor":9.0,"key":"Bronze Scales"},{"floor":9.0,"key":"Vajra"},{"floor":21.0,"key":"Red Mask"},{"floor":24.0,"key":"Potion Belt"},{"floor":26.0,"key":"Molten Egg 2"},{"floor":27.0,"key":"Orichalcum"}],"event_choices":[{"damage_healed":0.0,"max_hp_gain":0.0,"max_hp_loss":0.0,"gold_gain":0.0,"event_name":"FaceTrader","player_choice":"Trade","floor":3.0,"gold_loss":0.0,"damage_taken":0.0,"relics_obtained":["SsserpentHead"]},{"damage_healed":0.0,"max_hp_gain":0.0,"max_hp_loss":0.0,"gold_gain":0.0,"event_name":"Match and Keep!","player_choice":"0 cards matched","floor":12.0,"gold_loss":0.0,"damage_taken":0.0,"cards_obtained":[]},{"damage_healed":0.0,"max_hp_gain":0.0,"max_hp_loss":0.0,"gold_gain":0.0,"event_name":"Masked Bandits","player_choice":"Fought Bandits","floor":21.0,"gold_loss":0.0,"damage_taken":0.0},{"damage_healed":14.0,"max_hp_gain":0.0,"max_hp_loss":0.0,"gold_gain":0.0,"event_name":"The Library","player_choice":"Heal","floor":28.0,"gold_loss":0.0,"damage_taken":0.0}],"is_beta":false,"boss_relics":[{"not_picked":["Black Star","Fusion Hammer"],"picked":"Cursed Key"}],"items_purged_floors":[8],"is_endless":false,"potions_floor_spawned":[4,5,6,11,20,22,24,27,31],"killed_by":"Collector","ascension_level":15}}