{"host":"jg1kdgv8lq0s5kn4","time":1611125925,"event":{"mods":["AchievementEnabler","Act Like it!","Alarm Clock","AlwaysNeverKeys","BaseMod","Colored Powertips","Gold Saver","HumanHunterMod(怪物杀人mod)","Minty Spire (QoL Compilation)","Remove Card Discount Mod","Shop Mod","Spicy Shops","StSLib","SuperFastMode","【人物mod】游戏王New YuGiOh mod","【功能Mod】Neow奖励","【功能Mod】强力的原版药水","【遗物Mod】简单游戏","没有小屋子和绿帽子啦","篝火指南"],"gold_per_floor":[414,432,450,467,542,571,571,584,584,613,613,646,202,228,228,325,325,341,341,341],"floor_reached":19,"language":"ZHS","playtime":2131,"items_purged":["Writhe"],"score":338,"play_id":"3224493a-f23a-43ce-93b9-28c334101935","local_time":"20210120145845","is_ascension_mode":true,"campfire_choices":[],"circlet_count":0,"master_deck":["StoneGiant","StoneGiant","GroundShake","GroundShake","GroundShake","SuddenShock","SideExchange","SideChaos+1","IceDragon","MoonlightDragon","Earth","AntiMana","MageKnight","FleshShield","RedEyeDragon","WhiteGuide","SideExchange","RedEyeDragon","WhiteDragon","Friendship+1","GodWarning","DragonMage","PetDragon","BookScan"],"relics":["Question Card","Thousand","EasyRelic","Mercury Hourglass","Shuriken","Du-Vu Doll","Mummified Hand","Membership Card","Strange Spoon","Sundial","War Paint","Strawberry","Potion Belt","Philosopher\u0027s Stone"],"acts_visited":["Exordium","TheCity"],"potions_floor_usage":[16,16],"damage_taken":[{"damage":0,"enemies":"Jaw Worm","floor":1,"turns":4},{"damage":0,"enemies":"2 Louse","floor":2,"turns":2},{"damage":0,"enemies":"Small Slimes","floor":3,"turns":2},{"damage":0,"enemies":"Exordium Wildlife","floor":4,"turns":2},{"damage":0,"enemies":"3 Sentries","floor":6,"turns":4},{"damage":19,"enemies":"2 Fungi Beasts","floor":8,"turns":3},{"damage":0,"enemies":"Gremlin Nob","floor":10,"turns":3},{"damage":0,"enemies":"Lagavulin","floor":12,"turns":3},{"damage":0,"enemies":"3 Sentries","floor":14,"turns":6},{"damage":34,"enemies":"Slime Boss","floor":16,"turns":11},{"damage":14,"enemies":"Spheric Guardian","floor":18,"turns":4},{"damage":59,"enemies":"Chosen","floor":19,"turns":4}],"seed_played":"-8442307431366889019","potions_obtained":[{"floor":3,"key":"Dexterity Potion"},{"floor":6,"key":"AttackPotion"},{"floor":14,"key":"Fire Potion"},{"floor":16,"key":"ColorlessPotion"}],"is_trial":false,"path_per_floor":["M","M","M","M","?","E","R","M","T","E","?","E","$","E","R","B",null,"M","M"],"character_chosen":"AnotherSideServant","items_purchased":["Membership Card","Strange Spoon","DragonMage","Sundial","War Paint","Strawberry"],"campfire_rested":0,"item_purchase_floors":[13,13,13,13,13,13],"current_hp_per_floor":[60,60,60,60,49,50,50,32,32,33,33,34,41,42,42,9,67,53,0,0],"gold":341,"neow_bonus":"THREE_CARDS","is_daily":false,"chose_seed":false,"campfire_upgraded":0,"win_rate":0.0,"timestamp":1611125925,"path_taken":["M","M","M","M","?","E","R","M","T","E","?","E","$","E","R","BOSS","M","M"],"items_purchased_type":["Relic","Relic","Card","Relic","Relic","Relic"],"build_version":"2020-12-22","purchased_purges":1,"victory":false,"max_hp_per_floor":[60,60,60,60,60,60,60,60,60,60,60,60,67,67,67,67,67,67,67,67],"card_choices":[{"not_picked":["LibraryManager","DifficultSpell"],"picked":"AntiMana","floor":0},{"not_picked":["DragonOrigin","DemoGhost","DemoHunter"],"picked":"MageKnight","floor":1},{"not_picked":["DragonAnger","DragonTear","SideChaos"],"picked":"FleshShield","floor":2},{"not_picked":["LibraryManager","DemoTeacher","DownHell"],"picked":"RedEyeDragon","floor":3},{"not_picked":["MageKnight","DemoMaster","Student"],"picked":"WhiteGuide","floor":4},{"not_picked":["ExpansiveShield","DemoMaster","DemoTeacher"],"picked":"SideExchange","floor":6},{"not_picked":["ChainBoob","CardExchange","DemoHunter"],"picked":"RedEyeDragon","floor":7},{"not_picked":["DemoHunter","SideChaos","DemoTeacher"],"picked":"WhiteDragon","floor":8},{"not_picked":["DragonAnger","SoundFromHell","AnotherSide"],"picked":"Friendship","floor":10},{"not_picked":["AccelerateMagic","FleshShield","DemoHunter"],"picked":"GodWarning","floor":12},{"not_picked":["DragonReflection","DarkDoor","MirrorAngel"],"picked":"PetDragon","floor":14},{"not_picked":["MageKnight","RedEyeDragon","Friendship"],"picked":"BookScan","floor":15},{"not_picked":["Student","DragonMage","LoliMage","DragonReflection"],"picked":"SKIP","floor":18}],"player_experience":45837,"relics_obtained":[{"floor":6,"key":"Mercury Hourglass"},{"floor":9,"key":"Shuriken"},{"floor":10,"key":"Du-Vu Doll"},{"floor":12,"key":"Mummified Hand"},{"floor":14,"key":"Potion Belt"}],"event_choices":[{"damage_healed":0,"gold_gain":75,"player_choice":"Gather Gold","damage_taken":11,"max_hp_gain":0,"max_hp_loss":0,"event_name":"World of Goop","floor":5,"gold_loss":0},{"damage_healed":0,"gold_gain":0,"player_choice":"Ignored","damage_taken":0,"max_hp_gain":0,"max_hp_loss":0,"event_name":"Shining Light","floor":11,"gold_loss":0}],"is_beta":false,"boss_relics":[{"not_picked":["SlaversCollar","Empty Cage"],"picked":"Philosopher\u0027s Stone"}],"items_purged_floors":[13],"is_endless":false,"potions_floor_spawned":[3,6,8,14,16],"killed_by":"Chosen","ascension_level":1}}