{"host":"7tqog9fnhs0gxmti","time":1611100824,"event":{"mods":["AchievementEnabler","Act Like it!","Astrologer","BaseMod","Beaked The Cultist","Colored Map","Colored Powertips","Hermit","Highlight Path","Minty Spire (QoL Compilation)","StSLib","The Construct","The Gatherer","The Hierophant","everything is the same but u backflip on backflip"],"gold_per_floor":[109,39,39,59,5,5,180,190,214,228,244,273,273,273,273],"floor_reached":14,"language":"ENG","playtime":466,"items_purged":[],"score":90,"play_id":"32930222-b5e5-4340-87a6-5a8c81780ecd","local_time":"20210120080024","is_ascension_mode":false,"campfire_choices":[{"data":"astrologer:CosmicExpanse","floor":6,"key":"SMITH"},{"data":"astrologer:CometStrike","floor":13,"key":"SMITH"}],"circlet_count":0,"master_deck":["astrologer:Strike","astrologer:Strike","astrologer:Strike","astrologer:Strike","astrologer:Defend","astrologer:Defend","astrologer:Defend","astrologer:Defend","astrologer:NorthStar","astrologer:TheFool","astrologer:Novile","astrologer:CosmicExpanse+1","astrologer:TheTower","astrologer:FrozenStar","Doubt","astrologer:CometStrike+1","astrologer:FrozenStar","astrologer:DarkMatter+1","astrologer:FrozenStar"],"relics":["astrologer:SkyMirror","Frozen Egg 2","Bag of Marbles","Toy Ornithopter"],"acts_visited":["Exordium"],"potions_floor_usage":[11,12],"damage_taken":[{"damage":0,"enemies":"2 Louse","floor":1,"turns":4},{"damage":7,"enemies":"Small Slimes","floor":4,"turns":4},{"damage":0,"enemies":"Jaw Worm","floor":8,"turns":3},{"damage":13,"enemies":"Exordium Wildlife","floor":10,"turns":5},{"damage":4,"enemies":"Exordium Thugs","floor":11,"turns":5},{"damage":18,"enemies":"Lagavulin","floor":12,"turns":8},{"damage":28,"enemies":"Gremlin Nob","floor":14,"turns":4}],"seed_played":"4819568509777610148","potions_obtained":[{"floor":0,"key":"FairyPotion"},{"floor":1,"key":"Swift Potion"},{"floor":8,"key":"Fire Potion"}],"is_trial":false,"path_per_floor":["M","$","?","M","$","R","?","M","T","M","M","E","R","E"],"character_chosen":"ASTROLOGER","items_purchased":["astrologer:CosmicExpanse","astrologer:FrozenStar"],"campfire_rested":0,"item_purchase_floors":[2,5],"current_hp_per_floor":[70,70,37,30,30,30,30,30,30,17,13,21,21,0,0],"gold":273,"neow_bonus":"THREE_SMALL_POTIONS","is_daily":false,"chose_seed":false,"campfire_upgraded":2,"win_rate":0.0,"timestamp":1611100824,"path_taken":["M","$","?","M","$","R","?","M","T","M","?","E","R","E"],"items_purchased_type":["Card","Card"],"build_version":"2020-12-22","purchased_purges":0,"victory":false,"max_hp_per_floor":[70,70,70,70,70,70,70,70,70,70,70,70,70,70,70],"card_choices":[{"not_picked":["astrologer:SolarFlare","astrologer:Radiance"],"picked":"astrologer:Novile","floor":1},{"not_picked":["astrologer:Quincunx","astrologer:Judgement"],"picked":"astrologer:TheTower","floor":4},{"not_picked":["astrologer:Opposition","astrologer:SolarFlare"],"picked":"astrologer:CometStrike","floor":8},{"not_picked":["astrologer:CrystalBall","astrologer:Strength"],"picked":"astrologer:FrozenStar","floor":10},{"not_picked":["astrologer:Radiance","astrologer:Still"],"picked":"astrologer:DarkMatter+1","floor":11},{"not_picked":["astrologer:TheLovers","astrologer:Opposition"],"picked":"astrologer:FrozenStar","floor":12}],"player_experience":811654,"relics_obtained":[{"floor":9,"key":"Bag of Marbles"},{"floor":12,"key":"Toy Ornithopter"}],"event_choices":[{"damage_healed":0,"gold_gain":0,"player_choice":"Success","damage_taken":33,"relics_obtained":["Frozen Egg 2"],"max_hp_gain":0,"max_hp_loss":0,"event_name":"Scrap Ooze","floor":3,"gold_loss":0},{"damage_healed":0,"gold_gain":175,"player_choice":"AGREE","damage_taken":0,"max_hp_gain":0,"max_hp_loss":0,"event_name":"Liars Game","floor":7,"gold_loss":0,"cards_obtained":["Doubt"]}],"is_beta":false,"boss_relics":[],"items_purged_floors":[],"is_endless":false,"potions_floor_spawned":[1,8],"killed_by":"Gremlin Nob","ascension_level":0}}