{"host":"ojme7g6xlqwffsso","time":1611152194,"event":{"mods":["BaseMod","Downfall","Minty Spire (QoL Compilation)","StSLib"],"gold_per_floor":[99,119,119,25,35,35,35,35,361,361,388,399,399,430,446,543,543,543,559,574,590,5,5,5,20,30,30,56,56,56,56,74,172,172,72,92,110,127,112,12,12,103,117,117,145,145,95,145,159,159],"floor_reached":51,"language":"ENG","playtime":2146,"items_purged":["bronze:Defend","Decay"],"score":980,"play_id":"16ba82b0-c053-47ef-98df-edd4e4fede16","local_time":"20210120231634","is_ascension_mode":true,"campfire_choices":[{"data":"bronze:Replicate","floor":1,"key":"SMITH"},{"data":"bronze:Library","floor":6,"key":"SMITH"},{"data":"bronze:Optimize","floor":13,"key":"SMITH"},{"data":"bronze:Strike","floor":18,"key":"PURGE"},{"data":"bronze:Goto","floor":23,"key":"SMITH"},{"data":"downfall:Bewildered","floor":27,"key":"PURGE"},{"data":"bronze:Defend","floor":29,"key":"PURGE"},{"floor":35,"key":"RECALL"},{"data":"Pride","floor":40,"key":"PURGE"},{"data":"bronze:Defend","floor":44,"key":"PURGE"},{"data":"bronze:Fortify","floor":46,"key":"PURGE"}],"circlet_count":0,"master_deck":["bronze:Strike+1","bronze:Strike","bronze:Defend","bronze:Replicate+1","bronze:Goto+1","bronze:WhirlingStrike","bronze:Library+1","bronze:Branch+1","bronze:Separator","bronze:BitShift","bronze:Optimize+1","bronze:Return","bronze:Turbo","bronze:RecursiveStrike","bronze:BronzeOrb","bronze:BuggyMess+1","bronze:ChosenStrike+1","bronze:CutThrough+1","bronze:Constructor","bronze:Safeguard","bronze:FineTuning+1","bronze:Shield+1","bronze:Break","bronze:CleanCode","bronze:CutThrough","bronze:OilSpill","bronze:ChildClass+1","bronze:Assembly","bronze:Separator+1","bronze:CutThrough","bronze:FollowUp"],"relics":["Cursed Key","Pen Nib","Old Coin","FaceOfCleric","Regal Pillow","Peace Pipe","Coffee Dripper","Toy Ornithopter","CaptainsWheel","White Beast Statue","Whetstone","Matryoshka","bronze:ElectromagneticCoil","downfall:HeartBlessingGreen","downfall:HeartBlessingRed","Potion Belt","Calipers","OrangePellets","Thread and Needle","Gambling Chip"],"acts_visited":["Exordium","TheCity","TheBeyond"],"potions_floor_usage":[4,14,16,22,28,28,28,33,36,39,43,50,50,50],"damage_taken":[{"damage":3,"enemies":"2 Louse","floor":2,"turns":3},{"damage":3,"enemies":"downfall:FleeingMerchant","floor":4,"turns":4},{"damage":0,"enemies":"Cultist","floor":5,"turns":4},{"damage":25,"enemies":"3 Sentries","floor":9,"turns":5},{"damage":0,"enemies":"Gremlin Nob","floor":11,"turns":3},{"damage":7,"enemies":"Jaw Worm","floor":12,"turns":2},{"damage":0,"enemies":"3 Sentries","floor":14,"turns":4},{"damage":19,"enemies":"Large Slime","floor":15,"turns":4},{"damage":3,"enemies":"SI_SHIV_ARCHETYPE","floor":16,"turns":6},{"damage":2,"enemies":"Chosen","floor":19,"turns":3},{"damage":0,"enemies":"Spheric Guardian","floor":20,"turns":3},{"damage":35,"enemies":"Shelled Parasite and Fungi","floor":21,"turns":6},{"damage":0,"enemies":"downfall:FleeingMerchant","floor":22,"turns":4},{"damage":27,"enemies":"Snake Plant","floor":25,"turns":3},{"damage":0,"enemies":"Sentry and Sphere","floor":26,"turns":3},{"damage":13,"enemies":"Book of Stabbing","floor":28,"turns":5},{"damage":0,"enemies":"3 Cultists","floor":32,"turns":4},{"damage":9,"enemies":"DF_ARCHETYPE_CLAW","floor":33,"turns":7},{"damage":15,"enemies":"3 Darklings","floor":36,"turns":9},{"damage":4,"enemies":"Orb Walker","floor":37,"turns":4},{"damage":0,"enemies":"Sphere and 2 Shapes","floor":38,"turns":3},{"damage":20,"enemies":"downfall:FleeingMerchant","floor":39,"turns":4},{"damage":0,"enemies":"downfall:FleeingMerchant","floor":42,"turns":2},{"damage":0,"enemies":"Transient","floor":43,"turns":5},{"damage":53,"enemies":"Nemesis","floor":45,"turns":5},{"damage":0,"enemies":"Nemesis","floor":48,"turns":4},{"damage":0,"enemies":"Spire Growth","floor":49,"turns":3},{"damage":0,"enemies":"WA_ARCHETYPE_DIVINITY","floor":50,"turns":7}],"seed_played":"3320431599375317362","potions_obtained":[{"floor":2,"key":"bronze:BuildAFunctionPotion"},{"floor":9,"key":"DistilledChaos"},{"floor":11,"key":"bronze:FreeFunctionsPotion"},{"floor":14,"key":"DistilledChaos"},{"floor":15,"key":"Dexterity Potion"},{"floor":16,"key":"Regen Potion"},{"floor":19,"key":"LiquidMemories"},{"floor":25,"key":"Block Potion"},{"floor":28,"key":"hexamod:SoulburnPotion"},{"floor":32,"key":"ColorlessPotion"},{"floor":33,"key":"GamblersBrew"},{"floor":36,"key":"Dexterity Potion"},{"floor":37,"key":"Ancient Potion"},{"floor":39,"key":"hexamod:SoulburnPotion"},{"floor":42,"key":"Energy Potion"},{"floor":43,"key":"champ:CounterPotion"},{"floor":45,"key":"bronze:FreeFunctionsPotion"}],"is_trial":false,"path_per_floor":["R","M","?","$","M","R","T","?","E","?","E","M","R","E","M","B",null,"R","M","M","M","$","R","T","M","M","R","E","R","?","?","M","B",null,"R","M","M","M","$","R","T","$","M","R","E","R","$","?","M","B",null],"character_chosen":"THE_AUTOMATON","items_purchased":["bronze:Library","bronze:Constructor","Toy Ornithopter","CaptainsWheel","OrangePellets","bronze:CutThrough"],"campfire_rested":0,"item_purchase_floors":[4,22,22,22,42,47],"current_hp_per_floor":[70,67,67,64,64,64,64,64,39,39,40,34,34,35,17,15,75,75,74,75,41,42,42,42,16,17,17,34,34,34,18,19,16,89,89,78,75,76,62,62,62,63,69,69,17,17,17,18,19,35],"gold":159,"neow_bonus":"BOSS_RELIC","is_daily":false,"chose_seed":false,"campfire_upgraded":4,"win_rate":0.0,"timestamp":1611152194,"path_taken":["R","M","?","?","M","R","T","?","E","?","E","?","R","E","M","BOSS","R","M","?","M","$","R","T","M","M","R","E","R","?","?","M","BOSS","R","M","M","M","$","R","T","$","M","R","E","R","$","?","M","BOSS"],"items_purchased_type":["Card","Card","Relic","Relic","Relic","Card"],"build_version":"2020-12-22","purchased_purges":2,"victory":true,"max_hp_per_floor":[70,70,70,70,70,70,70,70,70,70,71,72,72,73,74,75,75,75,76,77,78,79,79,79,80,81,81,82,82,82,87,88,89,89,89,90,91,92,93,93,93,94,95,95,96,96,96,97,98,99],"card_choices":[{"not_picked":["bronze:FineTuning","bronze:BronzeArmor"],"picked":"bronze:Fortify","floor":2},{"not_picked":["bronze:BuggyMess","bronze:DelayedGuard"],"picked":"bronze:WhirlingStrike","floor":4},{"not_picked":["bronze:BuggyMess","bronze:Repair"],"picked":"bronze:Branch","floor":5},{"not_picked":["bronze:DelayedGuard","bronze:Overheat"],"picked":"bronze:Separator","floor":9},{"not_picked":["bronze:Shell","bronze:WhirlingStrike"],"picked":"bronze:BitShift","floor":11},{"not_picked":["bronze:BugBarrage","bronze:NullPointer"],"picked":"bronze:Optimize","floor":12},{"not_picked":["bronze:ShipIt","bronze:WhirlingStrike"],"picked":"bronze:Return","floor":14},{"not_picked":["bronze:Allocate","bronze:DelayedSlice"],"picked":"bronze:Turbo","floor":15},{"not_picked":["bronze:CleanCode","bronze:ThunderWave"],"picked":"bronze:RecursiveStrike","floor":16},{"not_picked":["bronze:GetLatest","bronze:FineTuning"],"picked":"bronze:BronzeOrb","floor":19},{"not_picked":["bronze:Separator","bronze:Iterate+1"],"picked":"bronze:BuggyMess+1","floor":20},{"not_picked":["bronze:Iterate","bronze:BronzeArmor+1"],"picked":"bronze:ChosenStrike+1","floor":21},{"not_picked":["bronze:Turbo","bronze:Invalidate"],"picked":"bronze:CutThrough+1","floor":22},{"not_picked":["bronze:Allocate","bronze:Philosophize"],"picked":"bronze:Safeguard","floor":25},{"not_picked":["bronze:Constructor","bronze:Separator"],"picked":"bronze:FineTuning+1","floor":26},{"not_picked":["bronze:InfiniteBeams+1","bronze:Iterate"],"picked":"bronze:Shield+1","floor":28},{"not_picked":["bronze:Flail","bronze:Branch+1"],"picked":"bronze:Break","floor":32},{"not_picked":["bronze:BurnOut","bronze:Verify"],"picked":"bronze:CleanCode","floor":33},{"not_picked":["bronze:BuggyMess","bronze:DelayedSlice+1"],"picked":"bronze:CutThrough","floor":36},{"not_picked":["bronze:ClassDefault+1","bronze:WhirlingStrike"],"picked":"bronze:OilSpill","floor":37},{"not_picked":["bronze:Backtrace+1","bronze:CutThrough"],"picked":"bronze:ChildClass+1","floor":38},{"not_picked":["bronze:Frontload+1","bronze:Deprecate+1","bronze:InfiniteBeams+1"],"picked":"SKIP","floor":39},{"not_picked":["bronze:DelayedGuard","bronze:Shield","bronze:Turbo"],"picked":"SKIP","floor":42},{"not_picked":["bronze:FineTuning+1","bronze:DelayedSlice+1"],"picked":"bronze:Assembly","floor":43},{"not_picked":["bronze:Safeguard+1","bronze:Turbo"],"picked":"bronze:Separator+1","floor":45},{"not_picked":["bronze:Boost","bronze:BitShift+1"],"picked":"bronze:FollowUp","floor":49}],"player_experience":895730,"relics_obtained":[{"floor":7,"key":"Pen Nib"},{"floor":9,"key":"Old Coin"},{"floor":11,"key":"Regal Pillow"},{"floor":14,"key":"Peace Pipe"},{"floor":24,"key":"White Beast Statue"},{"floor":28,"key":"Whetstone"},{"floor":41,"key":"Potion Belt"},{"floor":41,"key":"Calipers"},{"floor":45,"key":"Thread and Needle"},{"floor":48,"key":"Gambling Chip"}],"event_choices":[{"cards_removed":["bronze:Strike"],"damage_healed":0,"gold_gain":0,"player_choice":"Offered Basic","damage_taken":0,"max_hp_gain":0,"max_hp_loss":0,"event_name":"Bonfire Elementals","floor":3,"gold_loss":0},{"cards_removed":["Injury"],"damage_healed":0,"gold_gain":0,"player_choice":"Forget","damage_taken":0,"max_hp_gain":0,"max_hp_loss":0,"event_name":"Living Wall","floor":8,"gold_loss":0},{"damage_healed":0,"gold_gain":0,"player_choice":"Trade","damage_taken":0,"relics_obtained":["FaceOfCleric"],"max_hp_gain":0,"max_hp_loss":0,"event_name":"FaceTrader","floor":10,"gold_loss":0},{"damage_healed":0,"gold_gain":0,"player_choice":"Stole Relic","damage_taken":0,"relics_obtained":["Matryoshka"],"max_hp_gain":0,"max_hp_loss":0,"event_name":"Addict","floor":30,"gold_loss":0,"cards_obtained":["Pride"]}],"is_beta":false,"boss_relics":[{"not_picked":["Snecko Eye","Busted Crown"],"picked":"Coffee Dripper"},{"not_picked":["Runic Pyramid","SlaversCollar"],"picked":"bronze:ElectromagneticCoil"}],"items_purged_floors":[22,42],"is_endless":false,"potions_floor_spawned":[2,9,11,14,15,16,19,25,26,28,32,33,36,37,38,39,42,43,45,48,49],"ascension_level":3}}