{"host":"vhkdq3pn44gqx0jn","time":1611182156,"event":{"mods":["AchievementEnabler","BaseMod","Downfall","Hermit","Minty Spire (QoL Compilation)","StSLib","The Cursed","The Servant 0.9.4"],"gold_per_floor":[99,111,127,144,2,33,56,41,41,41,4,104,133,151,171,268,268,268,284,16,16,31,60,60,80,109,209,9,22,22,33,48,146,146,146,158,158,349,349,364,414,115,144,44,56,56,56,87,103,103,103,131,7,7,7,7,7,7],"floor_reached":56,"language":"ENG","playtime":6345,"items_purged":["champ:Defend"],"score":855,"play_id":"4a7f9e6c-8180-44ad-917a-74bc1653dd5f","local_time":"20210120223556","is_ascension_mode":false,"campfire_choices":[{"data":"champ:Taunt","floor":1,"key":"SMITH"},{"data":"champ:StanceDance","floor":9,"key":"SMITH"},{"floor":18,"key":"RECALL"},{"floor":28,"key":"REST"},{"data":"champ:ArenaPreparation","floor":30,"key":"SMITH"},{"data":"champ:FanOfKnives","floor":35,"key":"SMITH"},{"data":"expansioncontent:QuickStudy","floor":44,"key":"SMITH"},{"data":"champ:DefensiveShout","floor":46,"key":"SMITH"},{"data":"champ:Duel","floor":47,"key":"SMITH"},{"data":"champ:Improvising","floor":54,"key":"SMITH"}],"circlet_count":0,"master_deck":["champ:Strike","champ:Strike","champ:Execute","champ:Taunt+1","champ:AdrenalArmor","champ:DefensiveShout+1","champ:ShieldWall","champ:Haymaker","champ:StanceDance+1","champ:RisingSlash","champ:BringItOn+1","champ:GutPunch","champ:GutPunch","champ:Duel+1","champ:Circumvent","champ:EnGarde","champ:ArenaPreparation+1","champ:BringItOn","champ:StrikeOfGenius","champ:Encircle","champ:LastStand","champ:HeartStrike","champ:PreciseThrust+1","champ:FanOfKnives+1","champ:TornadoPunch","champ:FlashCut+1","champ:FanOfKnives","champ:SteelEdge","champ:Improvising+1","champ:RapidStrikes+1","champ:CalledShot+1","champ:Shatter+1","champ:BringItOn+1","expansioncontent:QuickStudy+1","champ:HeartStrike+1","champ:RapidStrikes+1","champ:StanceDance+1","champ:Improvising+1"],"relics":["champ:ChampionCrownUpgraded","Lantern","champ:DefensiveTrainingManual","Gambling Chip","Letter Opener","Shuriken","Enchiridion","WingedGreaves","Bottled Flame","downfall:HeartBlessingRed","downfall:HeartBlessingBlue","Astrolabe","PreservedInsect","Incense Burner","Strawberry","downfall:HeartBlessingGreen","Ancient Tea Set","Toy Ornithopter"],"acts_visited":["Exordium","TheCity","TheBeyond","TheEnding"],"potions_floor_usage":[16,23,33,33,33,50,50,50,55,56],"damage_taken":[{"damage":11,"enemies":"2 Louse","floor":2,"turns":3},{"damage":31,"enemies":"Jaw Worm","floor":3,"turns":6},{"damage":15,"enemies":"Small Slimes","floor":4,"turns":3},{"damage":20,"enemies":"downfall:FleeingMerchant","floor":5,"turns":4},{"damage":10,"enemies":"Gremlin Nob","floor":6,"turns":4},{"damage":20,"enemies":"downfall:FleeingMerchant","floor":8,"turns":4},{"damage":20,"enemies":"downfall:FleeingMerchant","floor":11,"turns":4},{"damage":71,"enemies":"downfall:Heads","floor":12,"turns":5},{"damage":28,"enemies":"3 Sentries","floor":13,"turns":6},{"damage":10,"enemies":"Blue Slaver","floor":14,"turns":2},{"damage":30,"enemies":"Exordium Thugs","floor":15,"turns":3},{"damage":32,"enemies":"IC_STATUS_ARCHETYPE","floor":16,"turns":5},{"damage":20,"enemies":"Spheric Guardian","floor":19,"turns":3},{"damage":14,"enemies":"downfall:FleeingMerchant","floor":20,"turns":4},{"damage":25,"enemies":"Snecko","floor":22,"turns":4},{"damage":63,"enemies":"Book of Stabbing","floor":23,"turns":4},{"damage":50,"enemies":"Chosen and Byrds","floor":25,"turns":3},{"damage":48,"enemies":"Gremlin Leader","floor":26,"turns":6},{"damage":15,"enemies":"Snake Plant","floor":29,"turns":2},{"damage":40,"enemies":"Shelled Parasite and Fungi","floor":31,"turns":2},{"damage":15,"enemies":"Centurion and Healer","floor":32,"turns":3},{"damage":78,"enemies":"DF_ARCHETYPE_CLAW","floor":33,"turns":6},{"damage":20,"enemies":"Orb Walker","floor":36,"turns":2},{"damage":40,"enemies":"downfall:FleeingMerchant","floor":38,"turns":2},{"damage":36,"enemies":"3 Shapes","floor":40,"turns":2},{"damage":12,"enemies":"Nemesis","floor":43,"turns":3},{"damage":15,"enemies":"Spire Growth","floor":45,"turns":4},{"damage":30,"enemies":"Reptomancer","floor":48,"turns":2},{"damage":65,"enemies":"Maw","floor":49,"turns":3},{"damage":158,"enemies":"SI_POISON_ARCHETYPE","floor":50,"turns":7},{"damage":47,"enemies":"downfall:CharBossMerchant","floor":52,"turns":6},{"damage":90,"enemies":"downfall:NeowBoss","floor":55,"turns":8},{"damage":221,"enemies":"downfall:NeowBossFinal","floor":56,"turns":8}],"seed_played":"4099546565521439020","potions_obtained":[{"floor":6,"key":"Strength Potion"},{"floor":12,"key":"SteroidPotion"},{"floor":13,"key":"BlessingOfTheForge"},{"floor":14,"key":"Dexterity Potion"},{"floor":16,"key":"DuplicationPotion"},{"floor":22,"key":"Regen Potion"},{"floor":23,"key":"SpeedPotion"},{"floor":31,"key":"AttackPotion"},{"floor":36,"key":"champ:UltimateStancePotion"},{"floor":40,"key":"EssenceOfSteel"},{"floor":45,"key":"AttackPotion"},{"floor":48,"key":"LiquidMemories"}],"is_trial":false,"path_per_floor":["R","M","M","M","$","E","T","$","R","?","$","?","E","M","M","B",null,"R","M","$","?","M","E","T","M","E","?","R","M","R","M","M","B",null,"R","M","?","$","$","M","T","$","E","R","M","R","R","E","M","B",null,"E","$","R","B","B"],"character_chosen":"THE_CHAMP","items_purchased":["champ:StanceDance","champ:GutPunch","Shuriken","expansioncontent:QuickStudy","Incense Burner","PowerPotion","champ:TechniquePotion"],"campfire_rested":1,"item_purchase_floors":[5,11,20,38,42,53,53],"current_hp_per_floor":[99,98,97,92,92,92,92,92,92,92,92,71,63,63,63,61,99,99,99,90,74,74,78,78,78,65,65,107,107,107,107,107,69,109,109,109,109,109,109,103,103,103,108,108,108,108,108,108,108,53,116,104,104,104,113,0,0,0],"gold":7,"neow_bonus":"TEN_PERCENT_HP_BONUS","is_daily":false,"chose_seed":false,"campfire_upgraded":8,"win_rate":0.0,"timestamp":1611182156,"path_taken":["R","M","M","M","$","E","T","$","R","?","$","?","E","M","M","BOSS","R","M","$","?","M","E","T","M","E","?","R","M","R","M","M","BOSS","R","M","?","?","$","?","T","?","E","R","M","R","R","E","M","BOSS","E","$","R","BOSS","BOSS"],"items_purchased_type":["Card","Card","Relic","Card","Relic","Potion","Potion"],"build_version":"2020-12-22","purchased_purges":1,"victory":false,"max_hp_per_floor":[99,99,99,99,99,99,99,99,99,99,99,99,99,99,99,99,99,99,99,99,99,99,99,99,99,99,99,109,109,109,109,109,109,109,109,109,109,109,109,109,109,109,116,116,116,116,116,116,116,116,116,116,116,116,116,116,116,116],"card_choices":[{"not_picked":["champ:Circumvent","champ:Lariat"],"picked":"champ:AdrenalArmor","floor":2},{"not_picked":["champ:FocusedDefense","champ:PerfectedStrike"],"picked":"champ:DefensiveShout","floor":3},{"not_picked":["champ:CrownThrow","champ:TornadoPunch"],"picked":"champ:ShieldWall","floor":4},{"not_picked":["champ:Backstep","champ:RecklessLeap"],"picked":"champ:Haymaker","floor":5},{"not_picked":["champ:ShieldThrow","champ:SetATrap"],"picked":"champ:RisingSlash","floor":6},{"not_picked":["champ:Parry","champ:CalledShot"],"picked":"champ:BringItOn","floor":8},{"not_picked":["champ:FanOfKnives","champ:Haymaker"],"picked":"champ:GutPunch","floor":11},{"not_picked":["champ:AdrenalArmor","champ:RapidStrikes"],"picked":"champ:Duel","floor":12},{"not_picked":["champ:AdrenalArmor","champ:DefensiveShout"],"picked":"champ:EnGarde","floor":13},{"not_picked":["champ:TornadoPunch","champ:Circumvent"],"picked":"champ:ArenaPreparation","floor":14},{"not_picked":["champ:HoldFirm","champ:TornadoPunch"],"picked":"champ:BringItOn","floor":15},{"not_picked":["champ:SteelEdge","champ:GladiatorForm"],"picked":"champ:StrikeOfGenius","floor":16},{"not_picked":["champ:BladeFlurry","champ:Haymaker"],"picked":"champ:Encircle","floor":19},{"not_picked":["champ:DefensiveShout","champ:SetATrap+1"],"picked":"champ:LastStand","floor":20},{"not_picked":["champ:EndlessRage","champ:FlashCut"],"picked":"champ:HeartStrike","floor":22},{"not_picked":["champ:SkillfulDodge+1","champ:PreemptiveStrike"],"picked":"champ:PreciseThrust+1","floor":23},{"not_picked":["champ:FlashCut","champ:EnGarde+1"],"picked":"champ:FanOfKnives","floor":25},{"not_picked":["champ:SetATrap+1","champ:CheapShot"],"picked":"champ:TornadoPunch","floor":26},{"not_picked":["champ:PreciseThrust","champ:SkillfulDodge"],"picked":"champ:FlashCut+1","floor":29},{"not_picked":["champ:ArenaPreparation","champ:TornadoPunch+1"],"picked":"champ:FanOfKnives","floor":31},{"not_picked":["champ:DefensiveShout","champ:CrookedStrike+1","champ:Circumvent"],"picked":"SKIP","floor":32},{"not_picked":["champ:LastStand","champ:SwordThrow"],"picked":"champ:SteelEdge","floor":33},{"not_picked":["champ:FanOfKnives","champ:FlashCut"],"picked":"champ:Shatter+1","floor":36},{"not_picked":["champ:RecklessLeap","champ:FlashCut+1"],"picked":"champ:BringItOn+1","floor":38},{"not_picked":["champ:DefensiveShout","champ:EnGarde","champ:GutPunch"],"picked":"SKIP","floor":40},{"not_picked":["champ:ShieldWall","champ:HeavySlash"],"picked":"champ:HeartStrike+1","floor":43},{"not_picked":["champ:Backstep+1","champ:StanceDance"],"picked":"champ:RapidStrikes+1","floor":45},{"not_picked":["champ:BladeFlurry+1","champ:TornadoPunch"],"picked":"champ:StanceDance+1","floor":48},{"not_picked":["champ:FlashCut","champ:PerfectedStrike+1"],"picked":"champ:Improvising","floor":49},{"not_picked":["champ:PreciseThrust","champ:IronFortress+1","champ:BladeFlurry+1"],"picked":"SKIP","floor":52}],"player_experience":116756,"relics_obtained":[{"floor":6,"key":"Lantern"},{"floor":7,"key":"champ:DefensiveTrainingManual"},{"floor":13,"key":"Letter Opener"},{"floor":21,"key":"Enchiridion"},{"floor":23,"key":"WingedGreaves"},{"floor":26,"key":"Bottled Flame"},{"floor":41,"key":"PreservedInsect"},{"floor":43,"key":"Strawberry"},{"floor":48,"key":"Ancient Tea Set"},{"floor":52,"key":"Toy Ornithopter"}],"event_choices":[],"is_beta":false,"boss_relics":[{"not_picked":["Busted Crown","SlaversCollar"],"picked":"champ:ChampionCrownUpgraded"},{"not_picked":["Velvet Choker","Runic Pyramid"],"picked":"Astrolabe"}],"items_purged_floors":[5],"is_endless":false,"potions_floor_spawned":[6,12,13,14,15,16,19,22,23,31,32,36,40,45,48],"killed_by":"downfall:NeowBossFinal","ascension_level":0}}