{"host":"p090fjik2phvjstn","time":1611187120,"event":{"mods":["AchievementEnabler","BaseMod","Block Reminder","Colored Powertips","Minty Spire (QoL Compilation)","Quick Restart","Synergy Search"],"gold_per_floor":[115,115,115,135,153,153,197,197,197,220,17,17,38,113,113,242,242,257,35,59,72,86,86,109,109,109,128,166,190,190,204,204,329,329,352,685,704,704,165,165,200,200,200,118,135,10,37,55,55,55],"floor_reached":51,"language":"ENG","playtime":3891,"items_purged":["Strike_G","Strike_G","Strike_G"],"score":874,"play_id":"49ffbdf6-c1ba-43db-98c5-36401d34ba0a","local_time":"20210120235840","is_ascension_mode":true,"campfire_choices":[{"data":"Crippling Poison","floor":6,"key":"SMITH"},{"data":"Leg Sweep","floor":8,"key":"SMITH"},{"data":"All Out Attack","floor":12,"key":"SMITH"},{"data":"Well Laid Plans","floor":15,"key":"SMITH"},{"floor":23,"key":"REST"},{"data":"Footwork","floor":25,"key":"SMITH"},{"floor":32,"key":"REST"},{"floor":40,"key":"REST"},{"data":"Envenom","floor":42,"key":"SMITH"},{"floor":49,"key":"REST"}],"circlet_count":0,"master_deck":["Strike_G","Defend_G","Defend_G","Defend_G","Defend_G","Survivor","Neutralize","Predator","Crippling Poison+1","Predator","Leg Sweep+1","All Out Attack+1","Well Laid Plans+1","Glass Knife","Flying Knee+1","Dagger Spray+1","Footwork+1","Backflip","Dodge and Roll+1","Leg Sweep","PiercingWail","Envenom+1","Prepared","Malaise","Noxious Fumes","Noxious Fumes","Dash+1","PiercingWail+1"],"relics":["SacredBark","Paper Crane","Pear","Eternal Feather","SlaversCollar","Dream Catcher","Lizard Tail","Sundial","Empty Cage","Vajra","Sling","Potion Belt","Darkstone Periapt","Pocketwatch"],"acts_visited":["Exordium","TheCity","TheBeyond"],"potions_floor_usage":[7,7,16,16,21,21,28,31,35,35,37,37,41,47,50],"damage_taken":[{"damage":0,"enemies":"2 Louse","floor":1,"turns":3},{"damage":0,"enemies":"Jaw Worm","floor":4,"turns":4},{"damage":0,"enemies":"Cultist","floor":5,"turns":4},{"damage":10,"enemies":"3 Sentries","floor":7,"turns":6},{"damage":4,"enemies":"Exordium Wildlife","floor":10,"turns":5},{"damage":0,"enemies":"Blue Slaver","floor":13,"turns":4},{"damage":5,"enemies":"Slime Boss","floor":16,"turns":9},{"damage":14,"enemies":"Shell Parasite","floor":18,"turns":11},{"damage":7,"enemies":"Chosen","floor":20,"turns":5},{"damage":14,"enemies":"3 Cultists","floor":21,"turns":5},{"damage":5,"enemies":"Chosen and Byrds","floor":22,"turns":6},{"damage":7,"enemies":"Centurion and Healer","floor":24,"turns":7},{"damage":14,"enemies":"Snake Plant","floor":27,"turns":6},{"damage":36,"enemies":"Book of Stabbing","floor":28,"turns":6},{"damage":4,"enemies":"Cultist and Chosen","floor":29,"turns":8},{"damage":7,"enemies":"Shelled Parasite and Fungi","floor":31,"turns":8},{"damage":38,"enemies":"Automaton","floor":33,"turns":16},{"damage":18,"enemies":"3 Darklings","floor":35,"turns":6},{"damage":7,"enemies":"3 Shapes","floor":37,"turns":2},{"damage":7,"enemies":"Nemesis","floor":41,"turns":9},{"damage":45,"enemies":"3 Darklings","floor":45,"turns":7},{"damage":14,"enemies":"Giant Head","floor":47,"turns":9},{"damage":44,"enemies":"Maw","floor":48,"turns":11},{"damage":40,"enemies":"Time Eater","floor":50,"turns":18}],"seed_played":"-5435306428930007105","potions_obtained":[{"floor":1,"key":"ColorlessPotion"},{"floor":5,"key":"CunningPotion"},{"floor":7,"key":"Energy Potion"},{"floor":13,"key":"Explosive Potion"},{"floor":18,"key":"Energy Potion"},{"floor":27,"key":"CunningPotion"},{"floor":28,"key":"SpeedPotion"},{"floor":29,"key":"Swift Potion"},{"floor":35,"key":"EntropicBrew"},{"floor":45,"key":"DistilledChaos"},{"floor":48,"key":"FearPotion"}],"is_trial":false,"path_per_floor":["M","?","?","M","M","R","E","R","T","M","$","R","M","T","R","B",null,"M","$","M","M","M","R","M","R","T","M","E","M","?","M","R","B",null,"M","?","M","?","$","R","E","R","T","$","M","$","E","M","R","B",null],"character_chosen":"THE_SILENT","items_purchased":["All Out Attack","Strength Potion","Dream Catcher","Catalyst","Vajra","Sling","Malaise","Noxious Fumes"],"campfire_rested":4,"item_purchase_floors":[11,11,19,19,39,39,39,44],"current_hp_per_floor":[70,63,46,46,46,46,36,36,46,42,42,42,42,42,51,46,72,58,58,51,37,32,68,61,73,73,59,23,19,19,12,51,13,63,45,45,38,38,38,77,70,80,80,80,35,35,21,17,56,16],"gold":55,"neow_bonus":"BOSS_RELIC","is_daily":false,"chose_seed":false,"campfire_upgraded":6,"win_rate":0.0,"timestamp":1611187120,"path_taken":["M","?","?","M","M","R","E","R","T","M","$","R","M","?","R","BOSS","M","$","M","M","M","R","M","R","T","M","E","M","?","M","R","BOSS","M","?","M","?","$","R","E","R","T","?","M","$","E","M","R","BOSS"],"items_purchased_type":["Card","Potion","Relic","Card","Relic","Relic","Card","Card"],"build_version":"2020-12-22","purchased_purges":3,"victory":true,"max_hp_per_floor":[70,70,70,70,70,70,70,70,80,80,80,80,80,80,80,80,80,80,80,80,80,80,80,80,80,80,80,80,80,80,80,80,80,80,80,80,80,80,80,80,80,80,80,80,80,80,80,80,80,80],"card_choices":[{"not_picked":["Heel Hook","Distraction"],"picked":"Predator","floor":1},{"not_picked":["Dodge and Roll","Setup"],"picked":"Crippling Poison","floor":4},{"not_picked":["Endless Agony","Quick Slash"],"picked":"Predator","floor":5},{"not_picked":["Distraction","Flying Knee"],"picked":"Leg Sweep","floor":7},{"not_picked":["Dagger Throw","Finisher"],"picked":"Deadly Poison","floor":10},{"not_picked":["Dodge and Roll","Cloak And Dagger"],"picked":"Well Laid Plans","floor":13},{"not_picked":["Venomology","Unload"],"picked":"Glass Knife","floor":16},{"not_picked":["Reflex+1","Concentrate"],"picked":"Flying Knee+1","floor":18},{"not_picked":["Slice","Predator"],"picked":"Dagger Spray+1","floor":20},{"not_picked":["Dagger Throw+1","Flying Knee"],"picked":"Footwork","floor":21},{"not_picked":["Underhanded Strike","Slice+1","Blade Dance+1"],"picked":"SKIP","floor":22},{"not_picked":["Catalyst","Sucker Punch"],"picked":"Backflip","floor":23},{"not_picked":["Flying Knee","Prepared","Dagger Spray"],"picked":"SKIP","floor":24},{"not_picked":["Tactician","Outmaneuver","Corpse Explosion"],"picked":"SKIP","floor":27},{"not_picked":["Deflect","Flying Knee+1"],"picked":"Dodge and Roll+1","floor":28},{"not_picked":["Blade Dance","Cloak And Dagger","Backstab"],"picked":"SKIP","floor":29},{"not_picked":["Cloak And Dagger+1","Backflip"],"picked":"PiercingWail","floor":31},{"not_picked":["After Image","Grand Finale"],"picked":"Envenom","floor":33},{"not_picked":["Quick Slash","Endless Agony","Flying Knee+1"],"picked":"SKIP","floor":35},{"not_picked":["Dagger Throw+1","Underhanded Strike+1"],"picked":"Prepared","floor":37},{"not_picked":["Accuracy+1","Outmaneuver+1","Backflip"],"picked":"SKIP","floor":41},{"not_picked":["Grand Finale","Underhanded Strike+1"],"picked":"Noxious Fumes","floor":45},{"not_picked":["Well Laid Plans+1","Grand Finale"],"picked":"Dash+1","floor":47},{"not_picked":["Outmaneuver+1","Acrobatics","Eviscerate+1"],"picked":"SKIP","floor":48},{"not_picked":["Sucker Punch+1","Dagger Spray"],"picked":"PiercingWail+1","floor":49}],"player_experience":512829,"relics_obtained":[{"floor":7,"key":"Paper Crane"},{"floor":9,"key":"Pear"},{"floor":14,"key":"Eternal Feather"},{"floor":26,"key":"Lizard Tail"},{"floor":28,"key":"Sundial"},{"floor":41,"key":"Potion Belt"},{"floor":43,"key":"Darkstone Periapt"},{"floor":47,"key":"Pocketwatch"}],"event_choices":[{"cards_removed":["Strike_G"],"damage_healed":0,"gold_gain":0,"player_choice":"Card Removal","damage_taken":7,"max_hp_gain":0,"max_hp_loss":0,"event_name":"Golden Wing","floor":2,"gold_loss":0},{"damage_healed":0,"gold_gain":0,"player_choice":"Take Damage","damage_taken":17,"relics_obtained":["Golden Idol"],"max_hp_gain":0,"max_hp_loss":0,"event_name":"Golden Idol","floor":3,"gold_loss":0},{"damage_healed":0,"gold_gain":0,"player_choice":"Read","damage_taken":0,"max_hp_gain":0,"max_hp_loss":0,"event_name":"The Library","floor":30,"gold_loss":0,"cards_obtained":["Leg Sweep"]},{"damage_healed":0,"gold_gain":333,"player_choice":"Gave Idol","damage_taken":0,"max_hp_gain":0,"max_hp_loss":0,"event_name":"The Moai Head","floor":36,"relics_lost":["Golden Idol"],"gold_loss":0},{"cards_removed":["Defend_G"],"damage_healed":0,"gold_gain":0,"player_choice":"Removed Skill","damage_taken":0,"max_hp_gain":0,"max_hp_loss":0,"event_name":"Falling","floor":38,"gold_loss":0}],"is_beta":false,"boss_relics":[{"not_picked":["Fusion Hammer","Runic Pyramid"],"picked":"SlaversCollar"},{"not_picked":["Sozu","Tiny House"],"picked":"Empty Cage"}],"items_purged_floors":[11,39,46],"is_endless":false,"potions_floor_spawned":[1,5,7,13,18,27,28,29,35,45,48],"ascension_level":5}}