{"host":"u7lm8z2rvb4dg2oo","time":1611124246,"event":{"mods":["AchievementEnabler","BaseMod","Bestiary","Block Reminder","Colored Map","Colored Powertips","Curses Come First","DeckTracker","Googly Eyes","Highlight Path","Minty Spire (QoL Compilation)","Quick Restart","StSLib"],"gold_per_floor":[115,130,143,154,169,208,234,234,234,234,234,282,332,354,354,354,354],"floor_reached":16,"language":"ENG","playtime":590,"items_purged":[],"score":165,"play_id":"47035759-4c62-473c-b6b2-45f8f3263e98","local_time":"20210120013046","is_ascension_mode":true,"campfire_choices":[{"data":"Blade Dance","floor":8.0,"key":"SMITH"},{"data":"Blade Dance","floor":10.0,"key":"SMITH"},{"floor":15.0,"key":"REST"}],"circlet_count":0,"master_deck":["Strike_G","Strike_G","Strike_G","Strike_G","Strike_G","Defend_G","Defend_G","Defend_G","Defend_G","Defend_G","Survivor","Neutralize","Blade Dance+1","Dagger Spray","Masterful Stab","Crippling Poison","Cloak And Dagger","Blade Dance+1","Bane","Burst"],"relics":["Ring of the Snake","CeramicFish","Question Card","Golden Idol","Oddly Smooth Stone","Pen Nib"],"acts_visited":["Exordium"],"potions_floor_usage":[],"damage_taken":[{"damage":0.0,"enemies":"Jaw Worm","floor":1.0,"turns":3.0},{"damage":1.0,"enemies":"Cultist","floor":2.0,"turns":3.0},{"damage":0.0,"enemies":"2 Louse","floor":3.0,"turns":2.0},{"damage":0.0,"enemies":"2 Fungi Beasts","floor":4.0,"turns":2.0},{"damage":0.0,"enemies":"Exordium Wildlife","floor":5.0,"turns":2.0},{"damage":32.0,"enemies":"Lagavulin","floor":6.0,"turns":7.0},{"damage":0.0,"enemies":"Lots of Slimes","floor":7.0,"turns":2.0},{"damage":17.0,"enemies":"Gremlin Nob","floor":13.0,"turns":4.0},{"damage":0.0,"enemies":"Large Slime","floor":14.0,"turns":4.0},{"damage":39,"enemies":"The Guardian","floor":16,"turns":14}],"seed_played":"-6633929109951932135","potions_obtained":[{"floor":3.0,"key":"Energy Potion"},{"floor":4.0,"key":"Ancient Potion"},{"floor":5.0,"key":"FearPotion"}],"is_trial":false,"path_per_floor":["M","M","M","M","M","E","M","R","T","R","?","T","E","M","R","B"],"character_chosen":"THE_SILENT","items_purchased":[],"campfire_rested":1,"item_purchase_floors":[],"current_hp_per_floor":[63,62,62,62,62,30,30,30,30,30,30,30,13,13,32,0,0],"gold":354,"neow_bonus":"THREE_CARDS","is_daily":false,"chose_seed":false,"campfire_upgraded":2,"win_rate":0.0,"timestamp":1611124246,"path_taken":["M","M","M","M","M","E","M","R","T","R","?","?","E","M","R","BOSS"],"items_purchased_type":[],"build_version":"2020-12-22","purchased_purges":0,"victory":false,"max_hp_per_floor":[70,70,70,70,70,70,70,70,70,70,65,65,65,65,65,65,65],"card_choices":[{"not_picked":["Underhanded Strike","Quick Slash"],"picked":"Blade Dance","floor":0.0},{"not_picked":["Dagger Throw","Acrobatics"],"picked":"Dagger Spray","floor":1.0},{"not_picked":["Quick Slash","Setup","Acrobatics"],"picked":"SKIP","floor":2.0},{"not_picked":["Dagger Throw","Flechettes"],"picked":"Masterful Stab","floor":3.0},{"not_picked":["Slice","Leg Sweep"],"picked":"Crippling Poison","floor":4.0},{"not_picked":["Expertise","Concentrate","Deflect"],"picked":"SKIP","floor":5.0},{"not_picked":["Dodge and Roll","Crippling Poison"],"picked":"Cloak And Dagger","floor":6.0},{"not_picked":["Infinite Blades","Poisoned Stab"],"picked":"Blade Dance","floor":7.0},{"not_picked":["Dodge and Roll","Dagger Throw","Underhanded Strike"],"picked":"Bane","floor":13.0},{"not_picked":["Acrobatics","Catalyst","Backflip"],"picked":"Burst","floor":14.0}],"player_experience":1014624,"relics_obtained":[{"floor":6.0,"key":"CeramicFish"},{"floor":9.0,"key":"Question Card"},{"floor":12.0,"key":"Oddly Smooth Stone"},{"floor":13.0,"key":"Pen Nib"}],"event_choices":[{"damage_healed":0.0,"max_hp_gain":0.0,"max_hp_loss":5.0,"gold_gain":0.0,"event_name":"Golden Idol","player_choice":"Lose Max HP","floor":11.0,"gold_loss":0.0,"damage_taken":0.0,"relics_obtained":["Golden Idol"]}],"is_beta":false,"boss_relics":[],"items_purged_floors":[],"is_endless":false,"potions_floor_spawned":[3,4,5],"killed_by":"The Guardian","ascension_level":9}}