{"host":"qekv59dthhdg54sz","time":1611121420,"event":{"mods":["AchievementEnabler","BaseMod","Colored Map","DeckTracker","KOR Keyword Fix","Minty Spire (QoL Compilation)","Rare Cards Sparkle","StSLib","SuperFastMode"],"gold_per_floor":[119,44,94,53,53,53,73,99,99,132,45,56,91,106,106,183,183,200,200,200,100,25,25,50,50,50,61,61,61,75,75,75,146,146,162,37,62,73,73,73],"floor_reached":39,"language":"KOR","playtime":797,"items_purged":["Defend_P","Strike_P","Strike_P"],"score":1026,"play_id":"7bfe8dee-262c-4657-bf31-c940e5b63539","local_time":"20210120144340","is_ascension_mode":true,"campfire_choices":[{"data":"BattleHymn","floor":6.0,"key":"SMITH"},{"data":"Meditate","floor":15.0,"key":"SMITH"},{"data":"ConjureBlade","floor":23.0,"key":"SMITH"},{"data":"Establishment","floor":25.0,"key":"SMITH"},{"floor":29.0,"key":"REST"},{"data":"Worship","floor":32.0,"key":"SMITH"}],"circlet_count":0,"master_deck":["AscendersBane","Defend_P","Defend_P","Defend_P","Eruption+1","Vigilance","SandsOfTime","BattleHymn+1","TalkToTheHand","FearNoEvil","Worship+1","Meditate+1","ConjureBlade+1","Establishment+1","EmptyBody","Tantrum","Swivel+1"],"relics":["PureWater","NeowsBlessing","Art of War","Gremlin Horn","Meat on the Bone","Nunchaku","SlaversCollar","StrikeDummy","Torii","Coffee Dripper","WingedGreaves"],"acts_visited":["Exordium","TheCity","TheBeyond"],"potions_floor_usage":[35],"damage_taken":[{"damage":0.0,"enemies":"Jaw Worm","floor":1.0,"turns":1.0},{"damage":0.0,"enemies":"Cultist","floor":7.0,"turns":1.0},{"damage":0.0,"enemies":"Gremlin Nob","floor":8.0,"turns":1.0},{"damage":22.0,"enemies":"3 Sentries","floor":10.0,"turns":4.0},{"damage":2.0,"enemies":"2 Louse","floor":12.0,"turns":3.0},{"damage":0.0,"enemies":"Lagavulin","floor":13.0,"turns":3.0},{"damage":10.0,"enemies":"Exordium Thugs","floor":14.0,"turns":3.0},{"damage":0.0,"enemies":"Slime Boss","floor":16.0,"turns":4.0},{"damage":20.0,"enemies":"3 Byrds","floor":18.0,"turns":5.0},{"damage":24.0,"enemies":"Book of Stabbing","floor":24.0,"turns":4.0},{"damage":27.0,"enemies":"Shell Parasite","floor":27.0,"turns":4.0},{"damage":1.0,"enemies":"Snecko","floor":30.0,"turns":3.0},{"damage":18.0,"enemies":"Automaton","floor":33.0,"turns":6.0},{"damage":23,"enemies":"Orb Walker","floor":35,"turns":4},{"damage":2,"enemies":"Mind Bloom Boss Battle","floor":37,"turns":5},{"damage":35,"enemies":"3 Shapes","floor":38,"turns":4},{"damage":12,"enemies":"3 Darklings","floor":39,"turns":2}],"seed_played":"4446795961132854546","potions_obtained":[{"floor":7.0,"key":"Dexterity Potion"},{"floor":13.0,"key":"SpeedPotion"},{"floor":14.0,"key":"Block Potion"},{"floor":27.0,"key":"DistilledChaos"},{"floor":33.0,"key":"PowerPotion"},{"floor":38,"key":"Dexterity Potion"}],"is_trial":false,"path_per_floor":["M","$","?","$","?","R","M","E","T","E","$","M","E","M","R","B",null,"M","?","?","$","?","R","E","R","T","M","$","R","M","$","R","B",null,"M","$","?","M","M"],"character_chosen":"WATCHER","items_purchased":["BattleHymn","Meditate"],"campfire_rested":1,"item_purchase_floors":[4,11],"current_hp_per_floor":[61,61,61,61,61,61,61,61,61,39,39,37,37,39,39,39,61,41,41,41,41,41,41,29,29,29,14,14,34,45,45,45,39,61,38,38,36,13,1,1],"gold":73,"neow_bonus":"THREE_ENEMY_KILL","is_daily":false,"chose_seed":false,"campfire_upgraded":5,"win_rate":0.0,"timestamp":1611121420,"path_taken":["M","$","?","?","?","R","M","E","T","E","$","M","E","M","R","BOSS","M","?","?","$","?","R","E","R","T","M","?","R","?","$","R","BOSS","M","$","?","M","M"],"items_purchased_type":["Card","Card"],"build_version":"2020-12-22","purchased_purges":3,"victory":false,"max_hp_per_floor":[68,68,68,68,68,68,68,68,68,68,68,68,68,68,68,68,68,68,68,68,68,68,68,68,68,68,68,68,68,68,68,68,68,68,68,68,68,68,68,68],"card_choices":[{"not_picked":["EmptyFist","Consecrate"],"picked":"SandsOfTime","floor":1.0},{"not_picked":["WindmillStrike","ForeignInfluence"],"picked":"TalkToTheHand","floor":7.0},{"not_picked":["EmptyBody","ForeignInfluence"],"picked":"FearNoEvil","floor":8.0},{"not_picked":["Halt","Omniscience"],"picked":"Worship","floor":10.0},{"not_picked":["CutThroughFate","Meditate","Consecrate"],"picked":"SKIP","floor":12.0},{"not_picked":["Perseverance","FlurryOfBlows","Weave"],"picked":"SKIP","floor":13.0},{"not_picked":["SandsOfTime","FlyingSleeves","DeceiveReality"],"picked":"SKIP","floor":14.0},{"not_picked":["LessonLearned","Brilliance"],"picked":"ConjureBlade","floor":16.0},{"not_picked":["ThirdEye","Protect","Evaluate"],"picked":"SKIP","floor":18.0},{"not_picked":["FlyingSleeves","Vengeance+1"],"picked":"Establishment","floor":24.0},{"not_picked":["Pray","Evaluate"],"picked":"EmptyBody","floor":27.0},{"not_picked":["DeceiveReality","BattleHymn"],"picked":"Tantrum","floor":30.0},{"not_picked":["WheelKick","CutThroughFate"],"picked":"Swivel+1","floor":35},{"not_picked":["Nirvana","DeceiveReality+1","Consecrate+1"],"picked":"SKIP","floor":38}],"player_experience":785522,"relics_obtained":[{"floor":8.0,"key":"Art of War"},{"floor":9.0,"key":"Gremlin Horn"},{"floor":10.0,"key":"Meat on the Bone"},{"floor":13.0,"key":"Nunchaku"},{"floor":24.0,"key":"StrikeDummy"},{"floor":26.0,"key":"Torii"},{"floor":37,"key":"WingedGreaves"}],"event_choices":[{"damage_healed":0.0,"max_hp_gain":0.0,"max_hp_loss":0.0,"gold_gain":50.0,"event_name":"Golden Shrine","player_choice":"Pray","floor":3.0,"gold_loss":0.0,"damage_taken":0.0},{"damage_healed":0.0,"max_hp_gain":0.0,"max_hp_loss":0.0,"gold_gain":0.0,"event_name":"Upgrade Shrine","player_choice":"Upgraded","floor":5.0,"gold_loss":0.0,"damage_taken":0.0,"cards_upgraded":["Eruption"]},{"damage_healed":0.0,"max_hp_gain":0.0,"max_hp_loss":0.0,"gold_gain":0.0,"event_name":"Ghosts","player_choice":"Ignored","floor":19.0,"gold_loss":0.0,"damage_taken":0.0},{"cards_removed":["Strike_P"],"damage_healed":0.0,"max_hp_gain":0.0,"max_hp_loss":0.0,"gold_gain":0.0,"event_name":"Back to Basics","player_choice":"Elegance","floor":20.0,"gold_loss":0.0,"damage_taken":0.0},{"cards_removed":["Strike_P"],"damage_healed":0.0,"max_hp_gain":0.0,"max_hp_loss":0.0,"gold_gain":0.0,"event_name":"Beggar","player_choice":"Gave Gold","floor":22.0,"gold_loss":75.0,"damage_taken":0.0},{"damage_healed":0,"gold_gain":0,"player_choice":"Fight","damage_taken":0,"max_hp_gain":0,"max_hp_loss":0,"event_name":"MindBloom","floor":37,"gold_loss":0}],"is_beta":false,"boss_relics":[{"not_picked":["Ectoplasm","Velvet Choker"],"picked":"SlaversCollar"},{"not_picked":["Tiny House","Philosopher\u0027s Stone"],"picked":"Coffee Dripper"}],"items_purged_floors":[2,21,36],"is_endless":false,"potions_floor_spawned":[7,13,14,16,27,33,38],"killed_by":"3 Darklings","ascension_level":20}}