{"host":"cmxkjr0hek4mqvmn","time":1611113223,"event":{"mods":["BaseMod","Beaked The Cultist","Better Match","Better Skull","Better Third Choice","BetterRewards","Clawfect","Colored Map","Displayed Cursed Tome","Duelist Mod","GifTheSpireLib","Hermit","Hubris","JesterMod","Mimic Mod","Minty Spire (QoL Compilation)","Quick Restart","Robot Space Explorer","StSLib","The Bladedancer","The Blue Laboratory","The Cursed","Thieving Mod","Waifu the Spire"],"gold_per_floor":[113,113,113,13,13,13,53,53,53,97,113,133,133,212,212,341,341,363,387,387,387,415,415,14,14,40,65,65,79,111,111,111],"floor_reached":31,"language":"ENG","playtime":1785,"items_purged":[],"score":333,"play_id":"2d15f02a-fa5e-4b20-a29c-cb5d044a80d6","local_time":"20210119222703","is_ascension_mode":true,"campfire_choices":[{"data":"Gash","floor":6.0,"key":"SMITH"},{"data":"FTL","floor":8.0,"key":"SMITH"},{"data":"Clawfect:ClawSnap","floor":13.0,"key":"SMITH"},{"data":"Chaos","floor":15.0,"key":"SMITH"},{"data":"Electrodynamics","floor":23.0,"key":"SMITH"},{"data":"Clawfect:ClawForOne","floor":25.0,"key":"SMITH"}],"circlet_count":0,"master_deck":["Gash","Gash","Gash+1","Gash+1","Gash+1","Defend_B+1","Defend_B","Defend_B","Defend_B","Defend_B","Madness+1","Capacitor","Conserve Battery","Clawfect:ClawSnap+1","Chaos+1","Electrodynamics+1","Clawfect:ClawLightning","Clawfect:ClawForTheEyes+1","Clawfect:ClawSnap+1","Clawfect:ClawForOne+1","FTL+1","Loop"],"relics":["Clawfect:DRClaw","NeowsBlessing","Golden Idol","Symbiotic Virus","Anchor","Smiling Mask","CeramicFish","Nuclear Battery","hubris:Icosahedron","FaceOfCleric","Bottled Tornado"],"acts_visited":["Exordium","TheCity"],"potions_floor_usage":[31],"damage_taken":[{"damage":0.0,"enemies":"Jaw Worm","floor":1.0,"turns":1.0},{"damage":0.0,"enemies":"Gremlin Nob","floor":7.0,"turns":1.0},{"damage":0.0,"enemies":"Lagavulin","floor":10.0,"turns":2.0},{"damage":0.0,"enemies":"Small Slimes","floor":11.0,"turns":3.0},{"damage":0.0,"enemies":"2 Louse","floor":12.0,"turns":4.0},{"damage":0.0,"enemies":"3 Sentries","floor":14.0,"turns":6.0},{"damage":29.0,"enemies":"Hexaghost","floor":16.0,"turns":9.0},{"damage":8.0,"enemies":"Shell Parasite","floor":18.0,"turns":5.0},{"damage":11.0,"enemies":"3 Byrds","floor":19.0,"turns":4.0},{"damage":22.0,"enemies":"3 Cultists","floor":22.0,"turns":5.0},{"damage":5,"enemies":"Snecko","floor":27,"turns":4},{"damage":18,"enemies":"Snake Plant","floor":29,"turns":4},{"damage":0,"enemies":"Sentry and Sphere","floor":30,"turns":3},{"damage":9,"enemies":"Centurion and Healer","floor":31,"turns":3}],"seed_played":"1503042867801297682","potions_obtained":[{"floor":7.0,"key":"blueLaboratory:BottledHope"},{"floor":11.0,"key":"AttackPotion"},{"floor":27,"key":"SteroidPotion"},{"floor":29,"key":"blueLaboratory:EnragingPotion"},{"floor":30,"key":"blueLaboratory:SystemWipe"}],"is_trial":false,"path_per_floor":["M","?","?","$","?","R","E","R","T","E","M","M","R","?","R","B",null,"M","M","?","?","M","R","$","R","T","M","?","M","M","M"],"character_chosen":"DEFECT","items_purchased":["Explosive Potion","blueLaboratory:CoolantVial","Bottled Tornado","Clawfect:ClawForOne"],"campfire_rested":0,"item_purchase_floors":[4,4,24,24],"current_hp_per_floor":[75,75,60,60,60,60,60,60,60,60,60,60,60,60,60,31,69,61,50,50,50,29,29,29,29,29,25,25,8,9,0,0],"gold":111,"neow_bonus":"THREE_ENEMY_KILL","is_daily":false,"chose_seed":false,"campfire_upgraded":6,"win_rate":0.0,"timestamp":1611113223,"path_taken":["M","?","?","?","?","R","E","R","T","E","?","M","R","?","R","BOSS","M","M","?","?","?","R","?","R","T","M","?","M","M","?"],"items_purchased_type":["Potion","Potion","Relic","Card"],"build_version":"2020-12-22","purchased_purges":0,"victory":false,"max_hp_per_floor":[75,75,75,75,69,69,69,69,69,69,69,69,69,69,69,69,69,69,69,69,69,70,70,70,70,70,71,71,72,73,73,73],"card_choices":[{"not_picked":["Clawfect:ScrapingClaw","Hello World","Steam"],"picked":"SKIP","floor":1.0},{"not_picked":["Clawfect:ScrapingClaw","Clawfect:ClawpileDriver"],"picked":"FTL","floor":7.0},{"not_picked":["Redo","Chaos"],"picked":"Capacitor","floor":10.0},{"not_picked":["Turbo","Clawfect:Clawter"],"picked":"Conserve Battery","floor":11.0},{"not_picked":["Auto Shields","Stack"],"picked":"Clawfect:ClawSnap","floor":12.0},{"not_picked":["Conserve Battery","Clawfect:ClawingBeam"],"picked":"Chaos","floor":14.0},{"not_picked":["Seek","Machine Learning"],"picked":"Electrodynamics","floor":16.0},{"not_picked":["Rebound","Clawfect:ScrapingClaw"],"picked":"Clawfect:ClawLightning","floor":18.0},{"not_picked":["Steam","Conserve Battery"],"picked":"Clawfect:ClawForTheEyes+1","floor":19.0},{"not_picked":["Hyperbeam","Clawfect:ClawForTheEyes+1"],"picked":"Clawfect:ClawSnap+1","floor":22.0},{"not_picked":["Leap+1","Clawfect:ClawpileDriver+1"],"picked":"FTL","floor":27},{"not_picked":["Biased Cognition","Leap","Clawfect:ClawpileDriver+1"],"picked":"SKIP","floor":29},{"not_picked":["Darkness","Consume"],"picked":"Loop","floor":30}],"player_experience":610449,"relics_obtained":[{"floor":7.0,"key":"Symbiotic Virus"},{"floor":9.0,"key":"Anchor"},{"floor":10.0,"key":"Smiling Mask"}],"event_choices":[{"damage_healed":0.0,"max_hp_gain":0.0,"max_hp_loss":0.0,"gold_gain":0.0,"event_name":"Living Wall","player_choice":"Grow","floor":2.0,"gold_loss":0.0,"damage_taken":0.0,"cards_upgraded":["Gash"]},{"damage_healed":75.0,"max_hp_gain":0.0,"max_hp_loss":75.0,"gold_gain":0.0,"event_name":"betterThird:BetterShining","player_choice":"Upgrade","floor":3.0,"gold_loss":0.0,"damage_taken":15.0,"cards_upgraded":["Defend_B","Gash"]},{"damage_healed":0.0,"max_hp_gain":0.0,"max_hp_loss":6.0,"gold_gain":0.0,"event_name":"Golden Idol","player_choice":"Lose Max HP","floor":5.0,"gold_loss":0.0,"damage_taken":0.0,"relics_obtained":["Golden Idol"]},{"damage_healed":0.0,"max_hp_gain":0.0,"max_hp_loss":0.0,"gold_gain":0.0,"event_name":"Dead Adventurer","player_choice":"Searched \u00273\u0027 times","floor":14.0,"gold_loss":0.0,"damage_taken":0.0,"relics_obtained":["CeramicFish"]},{"damage_healed":0.0,"max_hp_gain":0.0,"max_hp_loss":0.0,"gold_gain":0.0,"event_name":"FaceTrader","player_choice":"Trade","floor":21.0,"gold_loss":0.0,"damage_taken":0.0,"relics_obtained":["FaceOfCleric"]},{"damage_healed":0,"gold_gain":0,"player_choice":"Upgraded","damage_taken":0,"max_hp_gain":0,"max_hp_loss":0,"event_name":"Upgrade Shrine","floor":28,"gold_loss":0,"cards_upgraded":["FTL"]}],"is_beta":false,"boss_relics":[{"not_picked":["hubris:VirtuousBlindfold","Inserter"],"picked":"Nuclear Battery"}],"items_purged_floors":[],"is_endless":false,"potions_floor_spawned":[7,11,27,29,30],"killed_by":"Centurion and Healer","ascension_level":1}}