{"host":"xkfvvb2eqyo6l3km","time":1611123187,"event":{"mods":["AchievementEnabler","AlwaysNeverKeys","BaseMod","Better Third Choice","BetterRewards","Block Reminder","Card Forge","Colored Map","Colored Powertips","DeckTracker","Energized Spire","Force Act Four","Hubris","Jorbs\u0027s Wanderer Trilogy","Minty Spire (QoL Compilation)","Permanent Neow","Quick Restart","Replay The Spire","Spicy Shops","StSLib","The Blackbeard","The Blue Laboratory","The Cursed","The Disciple","The Hierophant","The Necromancer","The Sage","The Valiant","vexMod"],"gold_per_floor":[113,126,139,183,200,229,229,261,261,261,275,304,379,409,409,514,514,530,547,563,563,575,575,608,608,632,666,685,105,105,140,140,238,238,258,67,8,27,41,67,67,98,98,118,118,118,0,350,350,350,350,350,27,52,52],"floor_reached":56,"language":"ENG","playtime":3697,"items_purged":["Strike_B","Defend_B","Strike_B"],"score":1549,"play_id":"c4620736-bf40-4117-a469-7dd8712a4b3b","local_time":"20210120041307","is_ascension_mode":true,"campfire_choices":[{"data":"Buffer","floor":7,"key":"SMITH"},{"data":"White Noise","floor":10,"key":"SMITH"},{"data":"ReplayTheSpireMod:Calculation Training","floor":15,"key":"SMITH"},{"data":"Auto Shields","floor":23,"key":"SMITH"},{"data":"Redo","floor":25,"key":"SMITH"},{"floor":30,"key":"REST"},{"data":"ReplayTheSpireMod:Calculation Training","floor":32,"key":"SMITH"},{"floor":45,"key":"REST"},{"floor":49,"key":"DIG"},{"data":"Mind Blast","floor":52,"key":"SMITH"}],"circlet_count":0,"master_deck":["Strike_B","Strike_B+1","Defend_B","Defend_B","Zap","Dualcast","White Noise+1","Beam Cell+1","Redo+1","Conserve Battery","Self Repair","Cold Snap+1","Machine Learning","Ball Lightning","Buffer+1","Force Field","ReplayTheSpireMod:Calculation Training+1","Seek","Undo","Leap+1","Auto Shields+1","White Noise","Defragment+1","Defragment+1","Coolheaded","Lockon","Mind Blast+1","ReplayTheSpireMod:Calculation Training+1","Echo Form","Crystallizer","Glacier","Loop","BootSequence","Melter+1","Go for the Eyes+1","Coolheaded","Glacier+1"],"relics":["Cracked Core","Hammer of Thor","Seething Fire","Anvil of the Gods","Anchor","ClockworkSouvenir","Counterbalance","vexMod:MemoryStick","Geode","Pen Nib","Replay:Bottled Snecko","Blood Vial","PreservedInsect","SlaversCollar","CaptainsWheel","Gremlin Food","sagemod:Red_Beast_Statue","BargainBundle","Tiny Chest","Pondfish Scales","Replay:Ancient Bell","Potion Belt","Kunai","Calipers","vexMod:TimeEaterHat","hubris:MedicalManual","Darkstone Periapt","The Courier","vexMod:InvisibilityCloak","Mummified Hand","Red Mask","Ring of Panic","Ring of Greed","Old Coin","Blue Doll","DataDisk","Replay:Bottled Eggs","Lantern","Whetstone"],"acts_visited":["Exordium","TheCity","TheBeyond","TheEnding"],"potions_floor_usage":[2,5,12,24,50,50,55,55,55,55,55],"damage_taken":[{"damage":0,"enemies":"2 Louse","floor":1,"turns":2},{"damage":5,"enemies":"Small Slimes","floor":2,"turns":3},{"damage":1,"enemies":"Jaw Worm","floor":3,"turns":3},{"damage":0,"enemies":"Lots of Slimes","floor":5,"turns":5},{"damage":7,"enemies":"Gremlin Nob","floor":6,"turns":5},{"damage":17,"enemies":"3 Sentries","floor":8,"turns":6},{"damage":0,"enemies":"Large Slime","floor":11,"turns":5},{"damage":0,"enemies":"Lagavulin","floor":12,"turns":5},{"damage":0,"enemies":"Gremlin Nob","floor":14,"turns":4},{"damage":20,"enemies":"The Guardian","floor":16,"turns":12},{"damage":15,"enemies":"3 Byrds","floor":18,"turns":6},{"damage":0,"enemies":"Chosen","floor":19,"turns":5},{"damage":0,"enemies":"Snecko","floor":20,"turns":8},{"damage":19,"enemies":"Centurion and Healer","floor":22,"turns":11},{"damage":10,"enemies":"Slavers","floor":24,"turns":3},{"damage":33,"enemies":"Gremlin Leader","floor":27,"turns":7},{"damage":0,"enemies":"Sentry and Sphere","floor":28,"turns":9},{"damage":0,"enemies":"Replay:Snechameleon","floor":31,"turns":5},{"damage":0,"enemies":"Champ","floor":33,"turns":38},{"damage":5,"enemies":"Orb Walker","floor":35,"turns":6},{"damage":0,"enemies":"3 Shapes","floor":38,"turns":6},{"damage":10,"enemies":"Sphere and 2 Shapes","floor":39,"turns":8},{"damage":64,"enemies":"Reptomancer","floor":40,"turns":7},{"damage":0,"enemies":"Giant Head","floor":42,"turns":9},{"damage":31,"enemies":"Jaw Worm Horde","floor":44,"turns":8},{"damage":55,"enemies":"Donu and Deca","floor":50,"turns":10},{"damage":98,"enemies":"Shield and Spear","floor":54,"turns":8},{"damage":19,"enemies":"The Heart","floor":55,"turns":14}],"seed_played":"-6991958351209186166","potions_obtained":[{"floor":2,"key":"blueLaboratory:BottleOfVodka"},{"floor":3,"key":"blueLaboratory:CoolantVial"},{"floor":4,"key":"blueLaboratory:BottleOfRum"},{"floor":8,"key":"PowerPotion"},{"floor":12,"key":"Toxic Potion"},{"floor":14,"key":"blueLaboratory:NullPotion"},{"floor":16,"key":"blueLaboratory:HorrorPotion"},{"floor":22,"key":"LiquidMemories"},{"floor":27,"key":"PowerPotion"},{"floor":38,"key":"Regen Potion"},{"floor":42,"key":"Regen Potion"},{"floor":54,"key":"AttackPotion"}],"is_trial":false,"path_per_floor":["M","M","M","?","M","E","R","E","T","R","M","E","?","E","R","B",null,"M","M","M","?","M","R","E","R","T","E","M","$","R","E","R","B",null,"M","$","?","M","M","E","T","E","T","M","R","?","?","?","R_BF","B",null,"R","$","E","B",null],"character_chosen":"DEFECT","items_purchased":["Anchor","ClockworkSouvenir","White Noise","blueLaboratory:EmptyBottle","Beam Cell","Redo","Defragment","Coolheaded","BargainBundle","Lockon","Mind Blast","Tiny Chest","Dexterity Potion","Glacier","Loop","vexMod:TimeEaterHat","Replay:Bottled Eggs","Lantern"],"campfire_rested":2,"item_purchase_floors":[0,0,0,0,0,0,29,29,29,29,29,29,29,36,36,36,53,53],"current_hp_per_floor":[51,46,45,45,52,52,52,42,42,42,49,56,45,54,54,43,75,67,75,75,75,63,63,55,55,55,31,40,40,62,71,71,75,75,75,75,75,75,75,18,18,34,34,12,34,59,59,77,77,46,99,99,99,8,13],"gold":52,"neow_bonus":"","is_daily":false,"chose_seed":false,"campfire_upgraded":7,"win_rate":0.0,"timestamp":1611123187,"path_taken":["M","M","M","?","M","E","R","E","T","R","M","E","?","E","R","BOSS","M","M","M","?","M","R","E","R","T","E","M","$","R","E","R","BOSS","M","?","?","M","?","E","?","E","T","M","R","?","?","?","R_BF","BOSS","R","$","E","BOSS"],"items_purchased_type":["Relic","Relic","Card","Potion","Card","Card","Card","Card","Relic","Card","Card","Relic","Potion","Card","Card","Relic","Relic","Relic"],"build_version":"2020-12-22","purchased_purges":3,"victory":true,"max_hp_per_floor":[75,75,75,75,75,75,75,75,75,75,75,75,75,75,75,75,75,75,75,75,75,75,75,75,75,75,75,75,75,75,75,75,75,75,75,75,75,75,75,75,75,75,75,75,75,81,81,99,99,99,99,99,99,99,99],"card_choices":[{"not_picked":["Streamline","Hologram","Compile Driver"],"picked":"SKIP","floor":1},{"not_picked":["Barrage","Turbo"],"picked":"Conserve Battery","floor":2},{"not_picked":["Turbo","Panic Button"],"picked":"Self Repair","floor":3},{"not_picked":["ReplayTheSpireMod:Repulse","ReplayTheSpireMod:Reroute Power"],"picked":"Cold Snap","floor":4},{"not_picked":["Rebound","Redo"],"picked":"Machine Learning","floor":4},{"not_picked":["Conserve Battery","Beam Cell"],"picked":"Ball Lightning","floor":5},{"not_picked":["Panic Button","FTL"],"picked":"Buffer","floor":6},{"not_picked":["Panic Button","Hello World","Fission"],"picked":"SKIP","floor":8},{"not_picked":["Sweeping Beam","Panic Button","Gash"],"picked":"SKIP","floor":11},{"not_picked":["Reprogram","Storm"],"picked":"Force Field","floor":12},{"not_picked":["BasicCrystalCard","Reinforced Body"],"picked":"ReplayTheSpireMod:Calculation Training","floor":14},{"not_picked":["ReplayTheSpireMod:Fabricate Wheel","ReplayTheSpireMod:Omega Cannon"],"picked":"Seek","floor":16},{"not_picked":["Steam","Rebound"],"picked":"Undo","floor":18},{"not_picked":["Barrage","Hologram+1","Steam"],"picked":"SKIP","floor":19},{"not_picked":["Barrage","Go for the Eyes+1"],"picked":"Leap+1","floor":20},{"not_picked":["Multi-Cast","Static Discharge"],"picked":"Auto Shields","floor":22},{"not_picked":["Chaos+1","Rip and Tear+1","Beam Cell"],"picked":"SKIP","floor":24},{"not_picked":["ReplayTheSpireMod:Repulse+1","Stack","Turbo"],"picked":"SKIP","floor":27},{"not_picked":["ReplayTheSpireMod:Reroute Power","ReplayTheSpireMod:GoodbyeWorld"],"picked":"White Noise","floor":28},{"not_picked":["Skim","Cold Snap+1"],"picked":"ReplayTheSpireMod:Calculation Training","floor":31},{"not_picked":["Multi-Cast","Seek"],"picked":"Echo Form","floor":33},{"not_picked":["hubris:Lust","Hallucinations"],"picked":"Regret","floor":34},{"not_picked":["SwitchConfidence","hubris:Despair"],"picked":"hubris:Lust","floor":34},{"not_picked":["vexMod:UltimateCard","CommonCold"],"picked":"hubris:Envy","floor":34},{"not_picked":["Reprogram","Panic Button+1"],"picked":"Crystallizer","floor":35},{"not_picked":["Stack","Go for the Eyes"],"picked":"BootSequence","floor":38},{"not_picked":["Coolheaded","hubris:Ukulele+1"],"picked":"Melter+1","floor":39},{"not_picked":["Streamline","Compile Driver+1","ReplaySolidLightProjector+1"],"picked":"SKIP","floor":40},{"not_picked":["Panic Button+1","Scrape+1"],"picked":"Go for the Eyes","floor":42},{"not_picked":["Leap+1","Sweeping Beam+1"],"picked":"Coolheaded","floor":44},{"not_picked":["Auto Shields","Skim"],"picked":"Glacier+1","floor":54}],"player_experience":268757,"relics_obtained":[{"floor":4,"key":"vexMod:MemoryStick"},{"floor":6,"key":"Geode"},{"floor":8,"key":"Pen Nib"},{"floor":9,"key":"Replay:Bottled Snecko"},{"floor":12,"key":"Blood Vial"},{"floor":14,"key":"PreservedInsect"},{"floor":24,"key":"CaptainsWheel"},{"floor":26,"key":"Gremlin Food"},{"floor":27,"key":"sagemod:Red_Beast_Statue"},{"floor":31,"key":"Pondfish Scales"},{"floor":40,"key":"Darkstone Periapt"},{"floor":41,"key":"The Courier"},{"floor":42,"key":"vexMod:InvisibilityCloak"},{"floor":43,"key":"Mummified Hand"},{"floor":48,"key":"Ring of Panic"},{"floor":48,"key":"Ring of Greed"},{"floor":48,"key":"Old Coin"},{"floor":48,"key":"Blue Doll"},{"floor":49,"key":"DataDisk"},{"floor":54,"key":"Whetstone"}],"event_choices":[{"damage_healed":0,"gold_gain":75,"player_choice":"Gold","damage_taken":11,"max_hp_gain":0,"max_hp_loss":0,"event_name":"betterThird:BetterGoop","floor":13,"gold_loss":0},{"damage_healed":0,"gold_gain":0,"player_choice":"Ignored","damage_taken":0,"max_hp_gain":0,"max_hp_loss":0,"event_name":"NoteForYourself","floor":21,"gold_loss":0},{"damage_healed":0,"gold_gain":0,"player_choice":"Paid Gold","damage_taken":0,"relics_obtained":["hubris:MedicalManual"],"max_hp_gain":0,"max_hp_loss":0,"event_name":"WeMeetAgain","floor":37,"gold_loss":59},{"damage_healed":19,"gold_gain":0,"player_choice":"Writhe","damage_taken":0,"max_hp_gain":0,"max_hp_loss":0,"event_name":"Winding Halls","floor":46,"gold_loss":0,"cards_obtained":["Writhe"]},{"damage_healed":0,"gold_gain":0,"player_choice":"Paid","damage_taken":0,"relics_obtained":["Red Mask"],"max_hp_gain":0,"max_hp_loss":0,"event_name":"Tomb of Lord Red Mask","floor":47,"gold_loss":118}],"is_beta":false,"boss_relics":[{"not_picked":["vexMod:TanglingVine","Sozu"],"picked":"SlaversCollar"},{"not_picked":["vexMod:MysteryBossChallenge","ReplayTheSpireMod:DimensionalGlitch"],"picked":"Replay:Ancient Bell"},{"not_picked":["Art of War","Bag of Preparation"],"picked":"Potion Belt"},{"not_picked":["Replay:Bottled Flurry","hubris:TinFlute"],"picked":"Kunai"},{"not_picked":["Prayer Wheel","sagemod:Blowpipe"],"picked":"Calipers"}],"items_purged_floors":[0,29,29],"is_endless":false,"potions_floor_spawned":[2,3,8,12,14,16,18,20,22,27,38,42,54],"ascension_level":1}}