{"host":"jgqxb38yl0c1w101","time":1611128565,"event":{"mods":["2.2 Compatiblity","AchievementEnabler","BaseMod","Colored Map","Downfall","Hermit","Hubris","Minty Spire (QoL Compilation)","StSLib"],"gold_per_floor":[99,118,130,430,530,559,559,587,487,498,498,524,524,524,540,637,637,637,653,671,684,684,684,684],"floor_reached":22,"language":"ENG","playtime":1469,"items_purged":[],"score":224,"play_id":"b5f3d9c4-d120-4e76-8741-29c57f60e8c6","local_time":"20210120024245","is_ascension_mode":true,"campfire_choices":[{"floor":1.0,"key":"RECALL"},{"floor":9,"key":"REST"},{"floor":11,"key":"REST"},{"data":"bronze:Repulsor","floor":13,"key":"SMITH"},{"data":"bronze:SpaghettiCode","floor":18,"key":"SMITH"}],"circlet_count":0,"master_deck":["bronze:Strike","bronze:Strike","bronze:Strike","bronze:Strike","bronze:Defend","bronze:Defend","bronze:Defend","bronze:Defend","bronze:Replicate","bronze:Goto","bronze:InfiniteLoop","bronze:Repulsor+1","bronze:Branch","downfall:Icky","downfall:Icky","bronze:Turbo","bronze:Optimize","bronze:Separator","bronze:CleanCode","bronze:Iterate","bronze:Deprecate","bronze:SpaghettiCode+1","bronze:NullPointer","bronze:Optimize","bronze:Refactor"],"relics":["bronze:BronzeCore","Happy Flower","hubris:CuriousFeather","White Beast Statue","downfall:HeartBlessingRed","Lizard Tail","bronze:MakeshiftBattery"],"acts_visited":["Exordium","TheCity"],"potions_floor_usage":[12,16,16,20],"damage_taken":[{"damage":0.0,"enemies":"Small Slimes","floor":2.0,"turns":3.0},{"damage":9.0,"enemies":"Jaw Worm","floor":3.0,"turns":3.0},{"damage":40.0,"enemies":"3 Sentries","floor":6.0,"turns":10.0},{"damage":8.0,"enemies":"Lagavulin","floor":8.0,"turns":5.0},{"damage":6,"enemies":"Cultist","floor":10,"turns":3},{"damage":14,"enemies":"3 Sentries","floor":12,"turns":6},{"damage":27,"enemies":"Exordium Thugs","floor":15,"turns":3},{"damage":18,"enemies":"WA_ARCHETYPE_RETAIN","floor":16,"turns":5},{"damage":9,"enemies":"Shell Parasite","floor":19,"turns":3},{"damage":23,"enemies":"Centurion and Healer","floor":20,"turns":3},{"damage":28,"enemies":"3 Cultists","floor":21,"turns":4},{"damage":12,"enemies":"Sentry and Sphere","floor":22,"turns":4}],"seed_played":"-8629864625945077385","potions_obtained":[{"floor":6.0,"key":"CultistPotion"},{"floor":8,"key":"Block Potion"},{"floor":10,"key":"FearPotion"},{"floor":12,"key":"Dexterity Potion"},{"floor":15,"key":"Strength Potion"},{"floor":16,"key":"SteroidPotion"},{"floor":19,"key":"Energy Potion"},{"floor":20,"key":"FearPotion"},{"floor":21,"key":"BlessingOfTheForge"}],"is_trial":false,"path_per_floor":["R","M","M","?","?","E","T","E","R","M","R","E","R","?","M","B",null,"R","M","M","M","M"],"character_chosen":"THE_AUTOMATON","items_purchased":[],"campfire_rested":2,"item_purchase_floors":[],"current_hp_per_floor":[70,70,61,61,61,21,21,13,34,28,49,35,35,35,8,35,70,70,61,38,10,0,0,0],"gold":684,"neow_bonus":"ONE_RANDOM_RARE_CARD","is_daily":false,"chose_seed":false,"campfire_upgraded":2,"win_rate":0.0,"timestamp":1611128565,"path_taken":["R","M","M","?","?","E","T","E","R","?","R","E","R","?","M","BOSS","R","M","M","M","M"],"items_purchased_type":[],"build_version":"2020-12-22","purchased_purges":0,"victory":false,"max_hp_per_floor":[70,70,70,70,70,70,70,70,70,70,70,70,70,70,70,70,70,70,70,70,70,70,70,70],"card_choices":[{"not_picked":["bronze:DelayedGuard","bronze:Deprecate"],"picked":"bronze:Repulsor","floor":2.0},{"not_picked":["bronze:Backtrace","bronze:ClassDefault"],"picked":"bronze:Branch","floor":3.0},{"not_picked":["bronze:Safeguard","bronze:BitShift"],"picked":"bronze:Turbo","floor":6.0},{"not_picked":["bronze:Philosophize","bronze:Frontload"],"picked":"bronze:Optimize","floor":8},{"not_picked":["bronze:Shell","bronze:DigitalCarnage"],"picked":"bronze:Separator","floor":10},{"not_picked":["bronze:Invalidate","bronze:Constructor"],"picked":"bronze:CleanCode","floor":12},{"not_picked":["bronze:Terminator","bronze:BitShift"],"picked":"bronze:Deprecate","floor":15},{"not_picked":["bronze:Assembly","bronze:Mutator"],"picked":"bronze:SpaghettiCode","floor":16},{"not_picked":["bronze:Allocate","bronze:Shield"],"picked":"bronze:NullPointer","floor":19},{"not_picked":["bronze:Overload+1","bronze:ChildClass"],"picked":"bronze:Optimize","floor":20},{"not_picked":["bronze:CutThrough","bronze:ForceShield"],"picked":"bronze:Refactor","floor":21}],"player_experience":184047,"relics_obtained":[{"floor":6.0,"key":"Happy Flower"},{"floor":7.0,"key":"hubris:CuriousFeather"},{"floor":8,"key":"White Beast Statue"},{"floor":12,"key":"Lizard Tail"}],"event_choices":[],"is_beta":false,"boss_relics":[{"not_picked":["hubris:VirtuousBlindfold","Cursed Key"],"picked":"bronze:MakeshiftBattery"}],"items_purged_floors":[],"is_endless":false,"potions_floor_spawned":[6,8,10,12,15,16,19,20,21],"killed_by":"Sentry and Sphere","ascension_level":2}}