{"host":"nn0usk9aafse27ii","time":1611168914,"event":{"mods":["BaseMod","Colored Map","Highlight Path","Minty Spire (QoL Compilation)","Robot Space Explorer","Shop Mod","StSLib"],"gold_per_floor":[109,123,198,209,221,221,240,240,240,260,14,30,44,70,70,173,173,188,199,212,232,252,252,252,263,263,45,45,45,45,20,20,117,117,127,127,177,77,177,177,177,177,177,193,208,263,277,295,295,295,295],"floor_reached":50,"language":"ENG","playtime":62840,"items_purged":["Writhe","Strike_G"],"score":473,"play_id":"f30f1350-c98e-4fe3-99b5-5f8293cfb51c","local_time":"20210120105514","is_ascension_mode":false,"campfire_choices":[{"data":"Cloak And Dagger","floor":6.0,"key":"SMITH"},{"floor":8.0,"key":"REST"},{"data":"Caltrops","floor":15.0,"key":"SMITH"},{"floor":23,"key":"REST"},{"data":"Envenom","floor":28,"key":"SMITH"},{"data":"Terror","floor":32,"key":"SMITH"},{"floor":40,"key":"RECALL"},{"data":"Adrenaline","floor":42,"key":"SMITH"},{"data":"Panache","floor":49,"key":"SMITH"}],"circlet_count":0,"master_deck":["Strike_G","Strike_G","Strike_G","Defend_G","Defend_G","Defend_G","Defend_G","Defend_G","Survivor","Neutralize","Dagger Throw","Deflect","Dagger Spray","Cloak And Dagger+1","Tactician","Panache+1","Caltrops+1","Dagger Spray","Noxious Fumes","Bane","Envenom+1","Cloak And Dagger","All Out Attack+1","Calculated Gamble","Acrobatics+1","Footwork+1","Terror+1","Iron Wave+1","Blade Dance","Adrenaline+1","CurseOfTheBell","Adrenaline","Cloak And Dagger+1","Outmaneuver+1","Accuracy+1"],"relics":["Ring of the Snake","Art of War","Eternal Feather","Dream Catcher","Runic Pyramid","Gremlin Horn","Molten Egg 2","Juzu Bracelet","Calling Bell","Bag of Marbles","Pear","Ice Cream","Prayer Wheel","Thread and Needle"],"acts_visited":["Exordium","TheCity","TheBeyond"],"potions_floor_usage":[21,25,45,46,50],"damage_taken":[{"damage":0.0,"enemies":"Small Slimes","floor":1.0,"turns":4.0},{"damage":0.0,"enemies":"Jaw Worm","floor":2.0,"turns":4.0},{"damage":0.0,"enemies":"Cultist","floor":4.0,"turns":5.0},{"damage":4.0,"enemies":"Exordium Thugs","floor":5.0,"turns":6.0},{"damage":7.0,"enemies":"3 Louse","floor":7.0,"turns":5.0},{"damage":0.0,"enemies":"Blue Slaver","floor":10.0,"turns":5.0},{"damage":6.0,"enemies":"Red Slaver","floor":12.0,"turns":3.0},{"damage":12.0,"enemies":"Exordium Thugs","floor":13.0,"turns":4.0},{"damage":11.0,"enemies":"Lagavulin","floor":14.0,"turns":4.0},{"damage":19.0,"enemies":"Hexaghost","floor":16.0,"turns":10.0},{"damage":5.0,"enemies":"3 Byrds","floor":18.0,"turns":3.0},{"damage":17.0,"enemies":"Spheric Guardian","floor":19.0,"turns":5.0},{"damage":31.0,"enemies":"Snake Plant","floor":20.0,"turns":4.0},{"damage":1,"enemies":"Snecko","floor":21,"turns":5},{"damage":13,"enemies":"Shelled Parasite and Fungi","floor":22,"turns":10},{"damage":4,"enemies":"Snake Plant","floor":25,"turns":5},{"damage":14,"enemies":"Champ","floor":33,"turns":12},{"damage":6,"enemies":"Orb Walker","floor":35,"turns":5},{"damage":0,"enemies":"Mind Bloom Boss Battle","floor":37,"turns":8},{"damage":0,"enemies":"3 Shapes","floor":44,"turns":2},{"damage":8,"enemies":"Spire Growth","floor":45,"turns":4},{"damage":0,"enemies":"2 Orb Walkers","floor":46,"turns":3},{"damage":14,"enemies":"Maw","floor":47,"turns":8},{"damage":7,"enemies":"4 Shapes","floor":48,"turns":5},{"damage":74,"enemies":"Time Eater","floor":50,"turns":7}],"seed_played":"-5256699949784387361","potions_obtained":[{"floor":2.0,"key":"DistilledChaos"},{"floor":12.0,"key":"DistilledChaos"},{"floor":13.0,"key":"SteroidPotion"},{"floor":14.0,"key":"Block Potion"},{"floor":18.0,"key":"Ancient Potion"},{"floor":22,"key":"LiquidMemories"},{"floor":33,"key":"AttackPotion"},{"floor":35,"key":"LiquidBronze"},{"floor":44,"key":"Weak Potion"},{"floor":48,"key":"SmokeBomb"}],"is_trial":false,"path_per_floor":["M","M","?","M","M","R","M","R","T","M","$","M","M","E","R","B",null,"M","M","M","M","M","R","?","M","T","$","R","?","?","$","R","B",null,"M","?","?","$","?","R","?","R","T","M","M","?","M","M","R","B"],"character_chosen":"THE_SILENT","items_purchased":["Panache","Caltrops","Juzu Bracelet","Blade Dance"],"campfire_rested":2,"item_purchase_floors":[11,11,27,31],"current_hp_per_floor":[70,70,59,59,55,55,48,69,69,69,69,63,51,40,52,33,70,65,48,17,16,3,39,39,35,35,35,53,47,47,47,65,51,80,74,74,74,74,74,76,76,76,76,76,68,68,54,47,68,0,0],"gold":295,"neow_bonus":"RANDOM_COMMON_RELIC","is_daily":false,"chose_seed":false,"campfire_upgraded":6,"win_rate":0.0,"timestamp":1611168914,"path_taken":["M","M","?","M","M","R","M","R","T","M","$","M","M","E","R","BOSS","M","M","M","M","M","R","?","M","T","$","R","?","?","$","R","BOSS","M","?","?","$","?","R","?","R","T","M","M","?","M","M","R","BOSS"],"items_purchased_type":["Card","Card","Relic","Card"],"build_version":"2020-12-22","purchased_purges":2,"victory":false,"max_hp_per_floor":[70,70,70,70,70,70,70,70,70,70,70,70,70,70,70,70,70,70,70,70,70,70,70,70,70,70,70,70,70,70,70,70,70,80,80,76,76,76,76,76,76,76,76,76,76,76,76,76,76,76,76],"card_choices":[{"not_picked":["Outmaneuver","PiercingWail"],"picked":"Dagger Throw","floor":1.0},{"not_picked":["Poisoned Stab","Prepared"],"picked":"Deflect","floor":2.0},{"not_picked":["Dagger Throw","Sucker Punch"],"picked":"Dagger Spray","floor":4.0},{"not_picked":["Acrobatics","Calculated Gamble"],"picked":"Cloak And Dagger","floor":5.0},{"not_picked":["Eviscerate","Dodge and Roll"],"picked":"Well Laid Plans","floor":7.0},{"not_picked":["Endless Agony","All Out Attack"],"picked":"Tactician","floor":10.0},{"not_picked":["Unload","Prepared"],"picked":"Dagger Spray","floor":12.0},{"not_picked":["Deflect","Outmaneuver"],"picked":"Noxious Fumes","floor":13.0},{"not_picked":["Poisoned Stab","Calculated Gamble"],"picked":"Bane","floor":14.0},{"not_picked":["A Thousand Cuts","Doppelganger"],"picked":"Envenom","floor":16.0},{"not_picked":["Outmaneuver","PiercingWail+1"],"picked":"Cloak And Dagger","floor":18.0},{"not_picked":["Backflip","Infinite Blades"],"picked":"All Out Attack+1","floor":19.0},{"not_picked":["Masterful Stab","Footwork","Deadly Poison"],"picked":"SKIP","floor":20.0},{"not_picked":["PiercingWail","Bouncing Flask"],"picked":"Calculated Gamble","floor":21},{"not_picked":["Bane+1","Leg Sweep+1"],"picked":"Acrobatics+1","floor":22},{"not_picked":["Bane","Choke"],"picked":"Footwork+1","floor":23},{"not_picked":["Bane","Infinite Blades"],"picked":"Terror","floor":25},{"not_picked":["Tools of the Trade","Wraith Form v2"],"picked":"Adrenaline","floor":33},{"not_picked":["Deflect+1","Dagger Throw+1","All Out Attack+1"],"picked":"SKIP","floor":35},{"not_picked":["Dodge and Roll+1","Distraction"],"picked":"Adrenaline","floor":44},{"not_picked":["Deflect","Deadly Poison+1","Dash+1"],"picked":"SKIP","floor":44},{"not_picked":["Tactician","Blade Dance+1"],"picked":"Cloak And Dagger+1","floor":45},{"not_picked":["Outmaneuver+1","Dagger Spray+1","Phantasmal Killer"],"picked":"SKIP","floor":45},{"not_picked":["Deadly Poison","Sucker Punch+1"],"picked":"Outmaneuver+1","floor":46},{"not_picked":["Cloak And Dagger","Acrobatics+1"],"picked":"Accuracy+1","floor":47},{"not_picked":["Backflip","Cloak And Dagger+1","Outmaneuver+1"],"picked":"SKIP","floor":47},{"not_picked":["Deflect","Blade Dance+1","Dodge and Roll"],"picked":"SKIP","floor":48},{"not_picked":["Footwork+1","Flying Knee+1","Underhanded Strike+1"],"picked":"SKIP","floor":48}],"player_experience":367427,"relics_obtained":[{"floor":9.0,"key":"Eternal Feather"},{"floor":14.0,"key":"Dream Catcher"},{"floor":26,"key":"Molten Egg 2"},{"floor":34,"key":"Bag of Marbles"},{"floor":34,"key":"Pear"},{"floor":34,"key":"Ice Cream"},{"floor":37,"key":"Prayer Wheel"},{"floor":46,"key":"Thread and Needle"}],"event_choices":[{"damage_healed":0.0,"max_hp_gain":0.0,"max_hp_loss":0.0,"gold_gain":75.0,"event_name":"World of Goop","player_choice":"Gather Gold","floor":3.0,"gold_loss":0.0,"damage_taken":11.0},{"damage_healed":0,"gold_gain":0,"player_choice":"Opened","damage_taken":0,"relics_obtained":["Gremlin Horn"],"max_hp_gain":0,"max_hp_loss":0,"event_name":"The Mausoleum","floor":24,"gold_loss":0,"cards_obtained":["Writhe"]},{"damage_healed":0,"gold_gain":0,"player_choice":"","damage_taken":6,"max_hp_gain":0,"max_hp_loss":0,"event_name":"Knowing Skull","floor":29,"potions_obtained":[],"gold_loss":0,"cards_obtained":[]},{"cards_removed":["Strike_G"],"damage_healed":0,"gold_gain":0,"player_choice":"Took Card","damage_taken":0,"max_hp_gain":0,"max_hp_loss":0,"event_name":"NoteForYourself","floor":30,"gold_loss":0,"cards_obtained":["Iron Wave"]},{"damage_healed":0,"gold_gain":0,"player_choice":"Max HP","damage_taken":0,"max_hp_gain":0,"max_hp_loss":4,"event_name":"Winding Halls","floor":36,"gold_loss":0},{"damage_healed":0,"gold_gain":0,"player_choice":"Fight","damage_taken":0,"max_hp_gain":0,"max_hp_loss":0,"event_name":"MindBloom","floor":37,"gold_loss":0},{"damage_healed":0,"gold_gain":100,"player_choice":"Pray","damage_taken":0,"max_hp_gain":0,"max_hp_loss":0,"event_name":"Golden Shrine","floor":39,"gold_loss":0},{"cards_removed":["Well Laid Plans"],"damage_healed":0,"gold_gain":0,"player_choice":"Removed Power","damage_taken":0,"max_hp_gain":0,"max_hp_loss":0,"event_name":"Falling","floor":41,"gold_loss":0},{"damage_healed":0,"gold_gain":0,"player_choice":"Fight","damage_taken":0,"max_hp_gain":0,"max_hp_loss":0,"event_name":"Mysterious Sphere","floor":46,"gold_loss":0}],"is_beta":false,"boss_relics":[{"not_picked":["Sozu","Runic Dome"],"picked":"Runic Pyramid"},{"not_picked":["Snecko Eye","HoveringKite"],"picked":"Calling Bell"}],"items_purged_floors":[27,38],"is_endless":false,"potions_floor_spawned":[2,12,13,14,18,22,33,35,44,48],"killed_by":"Time Eater","ascension_level":0}}