{"host":"9896qb24z3tkrupy","time":1611178622,"event":{"mods":["BaseMod","Downfall","Minty Spire (QoL Compilation)","Robot Space Explorer","StSLib"],"gold_per_floor":[99,141,171,171,207,8,59,44,92,92,92,149,149,185,218,524,524,424,478,511,205,244,274,274,370,409,409,435,178,78,126,165,480,630,530,584,644,644,695,797,848,93,135,144,61,121,121,163,202,211,211,313,66,66,75,75,75],"floor_reached":56,"language":"ENG","playtime":2813,"items_purged":["Normality","downfall:Malfunctioning"],"score":872,"play_id":"5ae3b7d5-0b88-4eec-a3a2-6f27a58a94c4","local_time":"20210120153702","daily_mods":["Cursed Run","Vintage","Midas"],"is_ascension_mode":false,"campfire_choices":[{"floor":1,"key":"RECALL"},{"floor":10,"key":"REST"},{"floor":13,"key":"REST"},{"floor":18,"key":"REST"},{"floor":30,"key":"REST"},{"floor":35,"key":"REST"},{"floor":47,"key":"REST"},{"floor":54,"key":"REST"}],"circlet_count":0,"master_deck":["RobotSpaceExplorer:Strike","RobotSpaceExplorer:Strike+1","RobotSpaceExplorer:Strike+1","RobotSpaceExplorer:Strike","RobotSpaceExplorer:Defend","RobotSpaceExplorer:Defend+1","RobotSpaceExplorer:Defend+1","RobotSpaceExplorer:Defend","RobotSpaceExplorer:Scan","RobotSpaceExplorer:MiniLasers+1","RobotSpaceExplorer:ScrapMissile+1","RobotSpaceExplorer:SurgingStrike+1","Mind Blast+1","RobotSpaceExplorer:Counterblock","Injury","RobotSpaceExplorer:SurgingStrike+1","RobotSpaceExplorer:Multitool+1","RobotSpaceExplorer:ImprovisedAttack+1","RobotSpaceExplorer:ShockKick+1","RobotSpaceExplorer:FreezeRay+1","RobotSpaceExplorer:GlueShot+1","RobotSpaceExplorer:StunGrenade+1","RobotSpaceExplorer:ShockMissile+1","Injury","RobotSpaceExplorer:Smokescreen+1","Mind Blast+1","RobotSpaceExplorer:FreezeRay+1","RobotSpaceExplorer:GlueShot","expansioncontent:Hexaburn+1","RobotSpaceExplorer:Autoloader+1","RobotSpaceExplorer:StunGrenade+1","expansioncontent:Hexaburn+1","RobotSpaceExplorer:ScrapShield+1","RobotSpaceExplorer:SwiftStep","RobotSpaceExplorer:Ammunition+1","RobotSpaceExplorer:Probe+1","RobotSpaceExplorer:ScrapShield","downfall:Icky","Pain"],"relics":["Cursed Key","Darkstone Periapt","Du-Vu Doll","Frozen Egg 2","Akabeko","Molten Egg 2","Mummified Hand","MealTicket","Calipers","Singing Bowl","Runic Pyramid","downfall:HeartBlessingRed","Gremlin Horn","RobotSpaceExplorer:BottledGravity","Matryoshka","RobotSpaceExplorer:PlasmaHourglass","Question Card","Ornamental Fan","Bag of Marbles","War Paint","Whetstone","Omamori","DollysMirror","hexamod:BolsterEngine","downfall:HeartBlessingBlue","Pantograph","Prayer Wheel","Tiny House","downfall:HeartBlessingGreen","White Beast Statue","Smiling Mask","PreservedInsect","The Courier","CeramicFish","Strawberry","Unceasing Top","Eternal Feather","champ:Barbells","Vajra","Sundial","Centennial Puzzle","Bottled Lightning","bronze:BronzeIdol","Toy Ornithopter","Orichalcum"],"acts_visited":["Exordium","TheCity","TheBeyond","TheEnding"],"potions_floor_usage":[3,11,16,16,16,19,23,33,50,55,55],"damage_taken":[{"damage":2,"enemies":"Small Slimes","floor":2,"turns":4},{"damage":1,"enemies":"Jaw Worm","floor":3,"turns":2},{"damage":0,"enemies":"2 Louse","floor":5,"turns":2},{"damage":0,"enemies":"downfall:FleeingMerchant","floor":6,"turns":4},{"damage":0,"enemies":"downfall:FleeingMerchant","floor":8,"turns":4},{"damage":0,"enemies":"Gremlin Gang","floor":9,"turns":3},{"damage":0,"enemies":"Large Slime","floor":12,"turns":3},{"damage":0,"enemies":"2 Fungi Beasts","floor":14,"turns":2},{"damage":3,"enemies":"Gremlin Gang","floor":15,"turns":2},{"damage":50,"enemies":"DF_ARCHETYPE_STREAMLINE","floor":16,"turns":12},{"damage":0,"enemies":"3 Byrds","floor":19,"turns":3},{"damage":37,"enemies":"Shelled Parasite and Fungi","floor":20,"turns":4},{"damage":3,"enemies":"downfall:FleeingMerchant","floor":21,"turns":4},{"damage":7,"enemies":"Centurion and Healer","floor":22,"turns":6},{"damage":13,"enemies":"Snake Plant","floor":23,"turns":4},{"damage":0,"enemies":"Slavers","floor":25,"turns":2},{"damage":0,"enemies":"Sentry and Sphere","floor":26,"turns":3},{"damage":0,"enemies":"downfall:FleeingMerchant","floor":29,"turns":4},{"damage":0,"enemies":"Snecko","floor":31,"turns":1},{"damage":0,"enemies":"Chosen and Byrds","floor":32,"turns":2},{"damage":12,"enemies":"IC_MUSHROOM_ARCHETYPE","floor":33,"turns":3},{"damage":0,"enemies":"3 Darklings","floor":36,"turns":3},{"damage":0,"enemies":"3 Shapes","floor":37,"turns":1},{"damage":2,"enemies":"Writhing Mass","floor":39,"turns":3},{"damage":1,"enemies":"Giant Head","floor":40,"turns":5},{"damage":0,"enemies":"Sphere and 2 Shapes","floor":43,"turns":3},{"damage":0,"enemies":"3 Darklings","floor":46,"turns":1},{"damage":0,"enemies":"Transient","floor":48,"turns":5},{"damage":0,"enemies":"Sphere and 2 Shapes","floor":49,"turns":1},{"damage":9,"enemies":"WA_ARCHETYPE_DIVINITY","floor":50,"turns":8},{"damage":23,"enemies":"downfall:CharBossMerchant","floor":52,"turns":5},{"damage":51,"enemies":"downfall:NeowBoss","floor":55,"turns":13},{"damage":165,"enemies":"downfall:NeowBossFinal","floor":56,"turns":8}],"seed_played":"1563682770543095193","potions_obtained":[{"floor":2,"key":"RobotSpaceExplorer:RecyclePotion"},{"floor":3,"key":"Weak Potion"},{"floor":11,"key":"RobotSpaceExplorer:LiquidFusion"},{"floor":11,"key":"Fruit Juice"},{"floor":11,"key":"Swift Potion"},{"floor":12,"key":"SkillPotion"},{"floor":16,"key":"AttackPotion"},{"floor":19,"key":"Dexterity Potion"},{"floor":20,"key":"SteroidPotion"},{"floor":25,"key":"FairyPotion"},{"floor":31,"key":"AttackPotion"},{"floor":33,"key":"LiquidBronze"},{"floor":34,"key":"EntropicBrew"},{"floor":37,"key":"RobotSpaceExplorer:RecyclePotion"},{"floor":40,"key":"RobotSpaceExplorer:PlasmaFlask"},{"floor":52,"key":"PowerPotion"}],"is_trial":true,"path_per_floor":["R","M","M","?","M","$","T","$","M","R","?","M","R","M","M","B",null,"R","M","M","$","M","M","T","E","M","?","T","$","R","M","M","B",null,"R","M","M","?","M","E","T","$","M","?","$","M","R","M","M","B",null,"E","$","R","B","B"],"character_chosen":"RobotSpaceExplorer","items_purchased":["RobotSpaceExplorer:SurgingStrike+1","Mind Blast+1","RobotSpaceExplorer:Counterblock","RobotSpaceExplorer:ShockKick+1","RobotSpaceExplorer:FreezeRay+1","RobotSpaceExplorer:GlueShot","RobotSpaceExplorer:StunGrenade+1","DollysMirror","RobotSpaceExplorer:FreezeRay+1","RobotSpaceExplorer:GlueShot","expansioncontent:Hexaburn","hexamod:BolsterEngine","Strawberry","RobotSpaceExplorer:SwiftStep","RobotSpaceExplorer:Ammunition","RobotSpaceExplorer:Probe+1","Unceasing Top","Eternal Feather","champ:Barbells","RobotSpaceExplorer:LiquidFusion","Toy Ornithopter","Orichalcum"],"campfire_rested":7,"item_purchase_floors":[6,6,6,21,21,21,21,29,29,29,29,29,42,42,42,42,42,42,42,45,53,53],"current_hp_per_floor":[75,73,72,72,72,72,78,78,78,81,86,86,86,86,83,39,92,92,92,55,67,60,47,53,53,53,53,59,74,114,114,114,102,119,119,119,119,119,117,116,116,126,126,126,126,126,126,126,126,123,132,111,126,134,89,0,0],"gold":75,"neow_bonus":"","is_daily":false,"chose_seed":false,"campfire_upgraded":0,"win_rate":0.0,"timestamp":1611178622,"path_taken":["R","M","M","?","?","$","T","$","M","R","?","?","R","M","M","BOSS","R","M","M","$","M","M","T","E","M","?","?","$","R","M","M","BOSS","R","M","M","?","M","E","T","$","M","?","$","M","R","M","M","BOSS","E","$","R","BOSS","BOSS"],"items_purchased_type":["Card","Card","Card","Card","Card","Card","Card","Relic","Card","Card","Card","Relic","Relic","Card","Card","Card","Relic","Relic","Relic","Potion","Relic","Relic"],"build_version":"2020-12-22","purchased_purges":2,"victory":false,"max_hp_per_floor":[75,75,75,75,75,75,81,81,81,81,86,86,86,86,86,92,92,92,92,92,92,92,92,98,98,98,98,104,104,114,114,114,114,119,119,119,119,119,119,119,119,126,126,126,126,126,126,126,126,132,132,134,134,134,140,140,140],"card_choices":[{"not_picked":["RobotSpaceExplorer:Smokescreen","RobotSpaceExplorer:LaserBurst+1"],"picked":"RobotSpaceExplorer:ScrapMissile+1","floor":6},{"not_picked":["RobotSpaceExplorer:Reload","RobotSpaceExplorer:GlueShot"],"picked":"RobotSpaceExplorer:SurgingStrike+1","floor":8},{"not_picked":["RobotSpaceExplorer:ChargingLaser+1","RobotSpaceExplorer:HighVoltage+1"],"picked":"RobotSpaceExplorer:Multitool+1","floor":16},{"not_picked":["RobotSpaceExplorer:SwiftStep+1","RobotSpaceExplorer:Pulsar"],"picked":"RobotSpaceExplorer:ImprovisedAttack+1","floor":21},{"not_picked":["RobotSpaceExplorer:LuckyStrike+1","RobotSpaceExplorer:SurgingShield","RobotSpaceExplorer:LaserBurst+1"],"picked":"RobotSpaceExplorer:ShockMissile+1","floor":25},{"not_picked":["RobotSpaceExplorer:GlueShot","RobotSpaceExplorer:Jetpack","RobotSpaceExplorer:FrostMissile+1"],"picked":"RobotSpaceExplorer:Smokescreen+1","floor":29},{"not_picked":["RobotSpaceExplorer:Exploration","RobotSpaceExplorer:Explosion+1","RobotSpaceExplorer:TrailblazerForm+1"],"picked":"RobotSpaceExplorer:Autoloader+1","floor":33},{"not_picked":["RobotSpaceExplorer:FrostMissile+1","RobotSpaceExplorer:Electropulse+1","RobotSpaceExplorer:LaserBurst+1"],"picked":"RobotSpaceExplorer:StunGrenade+1","floor":34},{"not_picked":["expansioncontent:PolyBeam+1","expansioncontent:HyperBeam+1","expansioncontent:Chronoboost+1"],"picked":"expansioncontent:Hexaburn+1","floor":38},{"not_picked":["RobotSpaceExplorer:MiniBoosters+1","RobotSpaceExplorer:StarLightning+1","RobotSpaceExplorer:FranticSearch"],"picked":"RobotSpaceExplorer:ScrapShield+1","floor":40},{"not_picked":["RobotSpaceExplorer:SurgingShield","RobotSpaceExplorer:SelfCleaning","RobotSpaceExplorer:Accelerator+1","RobotSpaceExplorer:FreezingShield+1"],"picked":"Singing Bowl","floor":52}],"player_experience":905555,"relics_obtained":[{"floor":2,"key":"Frozen Egg 2"},{"floor":3,"key":"Akabeko"},{"floor":5,"key":"Molten Egg 2"},{"floor":9,"key":"Mummified Hand"},{"floor":12,"key":"MealTicket"},{"floor":14,"key":"Calipers"},{"floor":15,"key":"Singing Bowl"},{"floor":19,"key":"Gremlin Horn"},{"floor":20,"key":"RobotSpaceExplorer:BottledGravity"},{"floor":22,"key":"Matryoshka"},{"floor":23,"key":"RobotSpaceExplorer:PlasmaHourglass"},{"floor":24,"key":"Question Card"},{"floor":24,"key":"Ornamental Fan"},{"floor":25,"key":"Bag of Marbles"},{"floor":26,"key":"War Paint"},{"floor":28,"key":"Whetstone"},{"floor":28,"key":"Omamori"},{"floor":31,"key":"Pantograph"},{"floor":32,"key":"Prayer Wheel"},{"floor":36,"key":"White Beast Statue"},{"floor":37,"key":"Smiling Mask"},{"floor":39,"key":"PreservedInsect"},{"floor":40,"key":"The Courier"},{"floor":41,"key":"CeramicFish"},{"floor":43,"key":"Vajra"},{"floor":46,"key":"Sundial"},{"floor":48,"key":"Centennial Puzzle"},{"floor":49,"key":"Bottled Lightning"},{"floor":52,"key":"bronze:BronzeIdol"}],"event_choices":[{"damage_healed":0,"gold_gain":0,"player_choice":"Got Potions","damage_taken":0,"max_hp_gain":0,"max_hp_loss":0,"event_name":"Lab","floor":11,"gold_loss":0},{"damage_healed":0,"gold_gain":0,"player_choice":"Ignored","damage_taken":0,"max_hp_gain":0,"max_hp_loss":0,"event_name":"Vampires","floor":27,"gold_loss":0}],"is_beta":false,"boss_relics":[{"not_picked":["Sozu","Fusion Hammer"],"picked":"Runic Pyramid"},{"not_picked":["Busted Crown","Runic Dome"],"picked":"Tiny House"}],"items_purged_floors":[21,29],"is_endless":false,"potions_floor_spawned":[2,3,12,16,19,20,25,31,33,37,39,40,43,46,48,49,52],"killed_by":"downfall:NeowBossFinal","ascension_level":0}}