{"host":"pmq2bjxo3k17mhrw","time":1611148889,"event":{"mods":["BaseMod","Minty Spire (QoL Compilation)","Replay The Spire","StSLib"],"gold_per_floor":[119,119,44,44,44,86,86,126,150,6,39,39,39,54,54,194,294,319,346,346,364,61,61,61],"floor_reached":23,"language":"ZHS","playtime":708,"items_purged":["Strike_B"],"score":343,"play_id":"b7837122-dcd3-4aa5-a88e-49db04f8c8ca","local_time":"20210120212129","is_ascension_mode":true,"campfire_choices":[{"data":"Dualcast","floor":7.0,"key":"SMITH"},{"data":"Ball Lightning","floor":15.0,"key":"SMITH"}],"circlet_count":0,"master_deck":["Strike_B","Defend_B","Defend_B","Defend_B","Defend_B+1","Zap","Dualcast+1","Panic Button+1","Ball Lightning+1","Auto Shields","Fission","BasicCrystalCard","Coolheaded","Darkness","Defragment"],"relics":["Cracked Core","NeowsBlessing","Golden Idol","CeramicFish","Potion Belt","ReplayTheSpireMod:TigerMarble","Replay:Frozen Program","Replay:Wanted Poster","Gremlin Food","Runic Capacitor"],"acts_visited":["Exordium","TheCity"],"potions_floor_usage":[23],"damage_taken":[{"damage":0.0,"enemies":"2 Louse","floor":1.0,"turns":1.0},{"damage":0.0,"enemies":"Gremlin Nob","floor":6.0,"turns":1.0},{"damage":0.0,"enemies":"Lagavulin","floor":8.0,"turns":1.0},{"damage":0.0,"enemies":"Small Slimes","floor":11.0,"turns":3.0},{"damage":0.0,"enemies":"Cultist","floor":14.0,"turns":2.0},{"damage":13.0,"enemies":"The Guardian","floor":16.0,"turns":15.0},{"damage":2.0,"enemies":"3 Byrds","floor":18.0,"turns":6.0},{"damage":23.0,"enemies":"Shell Parasite","floor":19.0,"turns":7.0},{"damage":45,"enemies":"Gremlin Leader","floor":23,"turns":5}],"seed_played":"2316713436363198409","potions_obtained":[{"floor":6.0,"key":"SpeedPotion"},{"floor":8.0,"key":"FearPotion"},{"floor":13.0,"key":"Elixir"},{"floor":13.0,"key":"SneckoOil"},{"floor":13.0,"key":"Flashbang"},{"floor":18.0,"key":"FocusPotion"}],"is_trial":false,"path_per_floor":["M","?","$","?","$","E","R","E","T","$","M","?","?","M","R","B",null,"M","M","?","?","$","E"],"character_chosen":"DEFECT","items_purchased":["Replay:Frozen Program","Gremlin Food","Runic Capacitor"],"campfire_rested":0,"item_purchase_floors":[10,22,22],"current_hp_per_floor":[68,50,50,35,35,35,35,35,35,35,35,40,40,40,40,31,68,66,43,43,43,43,0,0],"gold":61,"neow_bonus":"THREE_ENEMY_KILL","is_daily":false,"chose_seed":false,"campfire_upgraded":2,"win_rate":0.0,"timestamp":1611148889,"path_taken":["M","?","$","?","$","E","R","E","T","$","M","?","?","M","R","BOSS","M","?","?","?","$","E"],"items_purchased_type":["Relic","Relic","Relic"],"build_version":"2020-12-22","purchased_purges":1,"victory":false,"max_hp_per_floor":[75,75,75,75,75,75,75,75,75,75,75,80,80,80,80,80,80,80,80,80,80,80,80,80],"card_choices":[{"not_picked":["Barrage","ReplayTheSpireMod:System Scan"],"picked":"Panic Button","floor":1.0},{"not_picked":["Self Repair","Barrage"],"picked":"Ball Lightning","floor":6.0},{"not_picked":["Reprogram","Ball Lightning","Gash"],"picked":"SKIP","floor":8.0},{"not_picked":["Compile Driver","Redo"],"picked":"Auto Shields","floor":11.0},{"not_picked":["Compile Driver","Streamline","ReplayTheSpireMod:Reroute Power"],"picked":"SKIP","floor":14.0},{"not_picked":["Meteor Strike","ReplayTheSpireMod:Omega Cannon"],"picked":"Fission","floor":16.0},{"not_picked":["Barrage","Rebound"],"picked":"BasicCrystalCard","floor":18.0},{"not_picked":["ReplayTheSpireMod:Repulse","Heatsinks+1"],"picked":"Coolheaded","floor":19.0}],"player_experience":216293,"relics_obtained":[{"floor":6.0,"key":"CeramicFish"},{"floor":8.0,"key":"Potion Belt"},{"floor":9.0,"key":"ReplayTheSpireMod:TigerMarble"}],"event_choices":[{"damage_healed":0.0,"max_hp_gain":0.0,"max_hp_loss":0.0,"gold_gain":0.0,"event_name":"Golden Idol","player_choice":"Take Damage","floor":2.0,"gold_loss":0.0,"damage_taken":18.0,"relics_obtained":["Golden Idol"]},{"damage_healed":0.0,"max_hp_gain":0.0,"max_hp_loss":0.0,"gold_gain":0.0,"event_name":"Shining Light","player_choice":"Entered Light","floor":4.0,"gold_loss":0.0,"damage_taken":15.0,"cards_upgraded":["Panic Button","Defend_B"]},{"damage_healed":0.0,"max_hp_gain":5.0,"max_hp_loss":0.0,"gold_gain":0.0,"event_name":"Big Fish","player_choice":"Donut","floor":12.0,"gold_loss":0.0,"damage_taken":0.0},{"damage_healed":0.0,"max_hp_gain":0.0,"max_hp_loss":0.0,"gold_gain":0.0,"event_name":"Lab","player_choice":"Got Potions","floor":13.0,"gold_loss":0.0,"damage_taken":0.0},{"damage_healed":0.0,"max_hp_gain":0.0,"max_hp_loss":0.0,"gold_gain":0.0,"event_name":"Ghosts","player_choice":"Ignored","floor":20.0,"gold_loss":0.0,"damage_taken":0.0},{"damage_healed":0.0,"max_hp_gain":0.0,"max_hp_loss":0.0,"gold_gain":0.0,"cards_transformed":["Strike_B","Strike_B"],"event_name":"Drug Dealer","player_choice":"Became Test Subject","floor":21.0,"gold_loss":0.0,"damage_taken":0.0,"cards_obtained":["Darkness","Defragment"]}],"is_beta":false,"boss_relics":[{"not_picked":["SlaversCollar","Kintsugi"],"picked":"Replay:Wanted Poster"}],"items_purged_floors":[3],"is_endless":false,"potions_floor_spawned":[6,8,18],"killed_by":"Gremlin Leader","ascension_level":8}}