{"host":"od1vj8rcw76m9syf","time":1611112651,"event":{"mods":["Arknights The Spire","BaseMod","Minty Spire (QoL Compilation)","StSLib"],"gold_per_floor":[110,110,126,141,151,185,185,201,201,201,217,242,342,357,357,455,455,471,489,489,489,509,509,527,547,594,594,594,594,605,24,24,123,123,140,156,202,252,252,281,292,308,333,46,46,57,89,105,105,105],"floor_reached":51,"language":"KOR","playtime":3939,"items_purged":["Pain"],"score":698,"play_id":"4f434994-cbd6-4306-94e9-be9b1793bb6e","local_time":"20210120121731","is_ascension_mode":false,"campfire_choices":[{"data":"ats:Soul Absorption","floor":7.0,"key":"SMITH"},{"data":"ats:Calcification","floor":10.0,"key":"SMITH"},{"data":"ats:Emotion Absorption","floor":15.0,"key":"SMITH"},{"floor":23.0,"key":"REST"},{"data":"ats:Calcification","floor":29.0,"key":"SMITH"},{"floor":32.0,"key":"REST"},{"data":"ats:Roar Of Ursus","floor":49,"key":"SMITH"}],"circlet_count":0,"master_deck":["ats:Strike C","ats:Strike G","ats:Strike S","ats:Strike V","ats:Armor Crushing Shot","ats:Defend","ats:Defend","ats:Defend","ats:Defend","ats:Emotion Absorption+1","ats:Calcification+1","ats:Neurotoxin","ats:Collapsing Strike","ats:Hammer On","ats:Soul Absorption+1","ats:Shadow Raid","ats:Hammer On","ats:Poison Spread","ats:Overload","ats:Childhood Dance","ats:Calcification+1","ats:Shell Defense","ats:Cat Scratch+1","ats:Revitalization+1","ats:Consecutive Shot Auto","ats:Powerful Strike","ats:Leaping Hammer+1","ats:True Silver Slash","ats:Shadow Raid","ats:Roar Of Ursus+1","ats:Charging Defense","ats:Ignite","ats:Powerful Strike","ats:Calcification","Secret Weapon","Flash of Steel","Impatience","ats:Childhood Dance+1","ats:Hammer On","ats:Explosion Area Strengthen","ats:Rapid Magazine","ats:Consecutive Shot Auto","ats:Explosion Area Strengthen","ats:Sunburst+1","ats:Healing Strengthening","ats:Explosion Area Strengthen"],"relics":["ats:Sanity","WarpedTongs","ats:Originium","Nunchaku","Question Card","ats:Military Tradition","Busted Crown","ats:Hidden Killer","Kunai","Letter Opener","Orichalcum","Regal Pillow","ats:Omniscience","FossilizedHelix","Lizard Tail","Smiling Mask","Vajra","Lantern","ats:Rhine Circuitry"],"acts_visited":["Exordium","TheCity","TheBeyond"],"potions_floor_usage":[40,50,50],"damage_taken":[{"damage":5.0,"enemies":"Jaw Worm","floor":1.0,"turns":7.0},{"damage":6.0,"enemies":"Cultist","floor":3.0,"turns":4.0},{"damage":2.0,"enemies":"Small Slimes","floor":4.0,"turns":4.0},{"damage":17.0,"enemies":"Exordium Thugs","floor":5.0,"turns":5.0},{"damage":7.0,"enemies":"Gremlin Nob","floor":6.0,"turns":4.0},{"damage":10.0,"enemies":"Exordium Wildlife","floor":8.0,"turns":5.0},{"damage":0.0,"enemies":"2 Fungi Beasts","floor":11.0,"turns":3.0},{"damage":7.0,"enemies":"Lagavulin","floor":12.0,"turns":5.0},{"damage":0.0,"enemies":"Looter","floor":14.0,"turns":2.0},{"damage":18.0,"enemies":"Hexaghost","floor":16.0,"turns":9.0},{"damage":11.0,"enemies":"Shell Parasite","floor":18.0,"turns":4.0},{"damage":19.0,"enemies":"Spheric Guardian","floor":19.0,"turns":4.0},{"damage":28.0,"enemies":"Snake Plant","floor":22.0,"turns":5.0},{"damage":28.0,"enemies":"Shelled Parasite and Fungi","floor":24.0,"turns":7.0},{"damage":13.0,"enemies":"3 Cultists","floor":25.0,"turns":6.0},{"damage":24.0,"enemies":"Centurion and Healer","floor":30.0,"turns":6.0},{"damage":66.0,"enemies":"Collector","floor":33.0,"turns":11.0},{"damage":0.0,"enemies":"Orb Walker","floor":35.0,"turns":3.0},{"damage":21.0,"enemies":"3 Darklings","floor":36.0,"turns":6.0},{"damage":19,"enemies":"2 Orb Walkers","floor":37,"turns":6},{"damage":0,"enemies":"Mind Bloom Boss Battle","floor":38,"turns":8},{"damage":15,"enemies":"Reptomancer","floor":40,"turns":8},{"damage":34,"enemies":"Maw","floor":41,"turns":10},{"damage":0,"enemies":"Jaw Worm Horde","floor":42,"turns":4},{"damage":0,"enemies":"Transient","floor":46,"turns":5},{"damage":19,"enemies":"Giant Head","floor":47,"turns":10},{"damage":0,"enemies":"4 Shapes","floor":48,"turns":3},{"damage":126,"enemies":"Donu and Deca","floor":50,"turns":11}],"seed_played":"1831832423828435321","potions_obtained":[{"floor":1.0,"key":"ColorlessPotion"},{"floor":3.0,"key":"Block Potion"},{"floor":6.0,"key":"Dexterity Potion"},{"floor":8.0,"key":"Strength Potion"},{"floor":12.0,"key":"Ancient Potion"},{"floor":18.0,"key":"Fruit Juice"},{"floor":19.0,"key":"LiquidMemories"},{"floor":30.0,"key":"Regen Potion"},{"floor":35.0,"key":"PowerPotion"},{"floor":36.0,"key":"FairyPotion"},{"floor":40,"key":"Swift Potion"},{"floor":46,"key":"DistilledChaos"}],"is_trial":false,"path_per_floor":["M","?","M","M","M","E","R","M","T","R","M","E","?","M","R","B",null,"M","M","?","?","M","R","M","M","T","?","T","R","M","$","R","B",null,"M","M","?","?","?","E","M","M","T","$","?","M","E","M","R","B",null],"character_chosen":"DOCTOR_CLASS","items_purchased":["Orichalcum","Regal Pillow","ats:True Silver Slash","ats:Shadow Raid","Lantern","ats:Rapid Magazine","ats:Consecutive Shot Auto","ats:Explosion Area Strengthen"],"campfire_rested":2,"item_purchase_floors":[31,31,31,31,44,44,44,44],"current_hp_per_floor":[62,62,57,57,42,36,36,28,28,28,29,23,23,24,24,8,65,61,47,34,34,16,38,37,32,32,32,32,32,19,19,56,12,75,75,61,49,65,55,67,44,47,47,47,47,61,46,50,50,9],"gold":105,"neow_bonus":"THREE_RARE_CARDS","is_daily":false,"chose_seed":false,"campfire_upgraded":5,"win_rate":0.0,"timestamp":1611112651,"path_taken":["M","?","?","M","M","E","R","M","T","R","M","E","?","M","R","BOSS","M","M","?","?","M","R","M","M","T","?","?","R","?","$","R","BOSS","M","M","?","?","?","E","?","?","T","$","?","M","E","M","R","BOSS"],"items_purchased_type":["Relic","Relic","Card","Card","Relic","Card","Card","Card"],"build_version":"2020-12-22","purchased_purges":1,"victory":true,"max_hp_per_floor":[65,65,65,65,65,65,65,65,65,65,65,65,65,65,65,65,65,70,70,75,75,75,75,75,75,75,75,75,75,75,75,75,75,75,75,75,75,75,75,75,75,75,75,75,71,71,71,71,71,71],"card_choices":[{"not_picked":["ats:Durian","ats:Shadow Assault"],"picked":"ats:Calcification","floor":0.0},{"not_picked":["ats:Part Time Job","ats:Flame Of Heaven"],"picked":"ats:Neurotoxin","floor":1.0},{"not_picked":["ats:Revitalization","ats:Healing Drone"],"picked":"ats:Collapsing Strike","floor":3.0},{"not_picked":["ats:Cat Scratch","ats:Shell Defense"],"picked":"ats:Hammer On","floor":4.0},{"not_picked":["ats:Shell Defense","ats:Burning Ground"],"picked":"ats:Soul Absorption","floor":5.0},{"not_picked":["ats:Counter Healing Mode","ats:Neurotoxin"],"picked":"ats:Shadow Raid","floor":6.0},{"not_picked":["ats:Revitalization","ats:Steam Pump"],"picked":"ats:Hammer On","floor":8.0},{"not_picked":["ats:Steam Pump","ats:Fractured Body","ats:Shadow Raid"],"picked":"ats:Poison Spread","floor":11.0},{"not_picked":["ats:Ignite","ats:Curse Doll","ats:Consecutive Shot Auto"],"picked":"ats:Overload","floor":12.0},{"not_picked":["ats:Leaping Hammer","ats:Flame Of Heaven","ats:Healing Strengthening"],"picked":"ats:Childhood Dance","floor":14.0},{"not_picked":["ats:Fractured Body","ats:Durian","ats:Rat Pack"],"picked":"ats:Calcification","floor":16.0},{"not_picked":["ats:Childhood Dance"],"picked":"ats:Shell Defense","floor":18.0},{"not_picked":["ats:Leaping Hammer"],"picked":"ats:Cat Scratch+1","floor":19.0},{"not_picked":["ats:Rat Pack"],"picked":"ats:Revitalization+1","floor":22.0},{"not_picked":["ats:Ignite"],"picked":"ats:Consecutive Shot Auto","floor":24.0},{"not_picked":["ats:Healing Drone+1"],"picked":"ats:Powerful Strike","floor":25.0},{"not_picked":["ats:Apocalypse"],"picked":"ats:Leaping Hammer+1","floor":30.0},{"not_picked":["ats:Nebulous Foxfire"],"picked":"ats:Roar Of Ursus","floor":33.0},{"not_picked":["ats:Assault Order+1"],"picked":"ats:Charging Defense","floor":35.0},{"not_picked":["ats:Assault Order"],"picked":"ats:Ignite","floor":36.0},{"not_picked":["ats:Hammer On"],"picked":"ats:Powerful Strike","floor":37},{"not_picked":["ats:Powerful Strike+1"],"picked":"ats:Calcification","floor":38},{"not_picked":["Panacea"],"picked":"Secret Weapon","floor":39},{"not_picked":["Enlightenment"],"picked":"Flash of Steel","floor":39},{"not_picked":["Forethought"],"picked":"Impatience","floor":39},{"not_picked":["ats:Guardian Obelisk"],"picked":"ats:Childhood Dance+1","floor":40},{"not_picked":["ats:Leaping Hammer"],"picked":"ats:Hammer On","floor":41},{"not_picked":["ats:Apocalypse"],"picked":"ats:Explosion Area Strengthen","floor":42},{"not_picked":["ats:Cat Scratch+1"],"picked":"ats:Sunburst+1","floor":46},{"not_picked":["ats:Counter Healing Mode"],"picked":"ats:Healing Strengthening","floor":47},{"not_picked":["ats:Flame Of Heaven"],"picked":"ats:Explosion Area Strengthen","floor":48}],"player_experience":621696,"relics_obtained":[{"floor":6.0,"key":"ats:Originium"},{"floor":6.0,"key":"Nunchaku"},{"floor":9.0,"key":"Question Card"},{"floor":12.0,"key":"ats:Originium"},{"floor":12.0,"key":"ats:Military Tradition"},{"floor":26.0,"key":"ats:Hidden Killer"},{"floor":28.0,"key":"Letter Opener"},{"floor":37,"key":"FossilizedHelix"},{"floor":38,"key":"Lizard Tail"},{"floor":40,"key":"ats:Originium"},{"floor":40,"key":"Smiling Mask"},{"floor":43,"key":"Vajra"},{"floor":47,"key":"ats:Rhine Circuitry"}],"event_choices":[{"damage_healed":0.0,"max_hp_gain":0.0,"max_hp_loss":0.0,"gold_gain":0.0,"event_name":"Accursed Blacksmith","player_choice":"Rummage","floor":2.0,"gold_loss":0.0,"damage_taken":0.0,"relics_obtained":["WarpedTongs"],"cards_obtained":["Pain"]},{"damage_healed":0.0,"max_hp_gain":0.0,"max_hp_loss":0.0,"gold_gain":100.0,"event_name":"Golden Shrine","player_choice":"Pray","floor":13.0,"gold_loss":0.0,"damage_taken":0.0},{"damage_healed":0.0,"max_hp_gain":5.0,"max_hp_loss":0.0,"gold_gain":0.0,"event_name":"Forgotten Altar","player_choice":"Shed Blood","floor":20.0,"gold_loss":0.0,"damage_taken":18.0},{"damage_healed":0.0,"max_hp_gain":0.0,"max_hp_loss":0.0,"gold_gain":0.0,"event_name":"Ghosts","player_choice":"Ignored","floor":21.0,"gold_loss":0.0,"damage_taken":0.0},{"damage_healed":0.0,"max_hp_gain":0.0,"max_hp_loss":0.0,"gold_gain":0.0,"event_name":"The Mausoleum","player_choice":"Opened","floor":27.0,"gold_loss":0.0,"damage_taken":0.0,"relics_obtained":["Kunai"]},{"damage_healed":0,"gold_gain":0,"player_choice":"Fight","damage_taken":0,"max_hp_gain":0,"max_hp_loss":0,"event_name":"Mysterious Sphere","floor":37,"gold_loss":0},{"damage_healed":0,"gold_gain":0,"player_choice":"Fight","damage_taken":0,"max_hp_gain":0,"max_hp_loss":0,"event_name":"MindBloom","floor":38,"gold_loss":0},{"damage_healed":0,"gold_gain":0,"player_choice":"Memory 3","damage_taken":10,"max_hp_gain":0,"max_hp_loss":0,"event_name":"SensoryStone","floor":39,"gold_loss":0},{"damage_healed":0,"gold_gain":0,"player_choice":"Max HP","damage_taken":0,"max_hp_gain":0,"max_hp_loss":4,"event_name":"Winding Halls","floor":45,"gold_loss":0}],"is_beta":false,"boss_relics":[{"not_picked":["Fusion Hammer","Snecko Eye"],"picked":"Busted Crown"},{"not_picked":["Astrolabe","Sozu"],"picked":"ats:Omniscience"}],"items_purged_floors":[31],"is_endless":false,"potions_floor_spawned":[1,3,6,8,12,18,19,30,35,36,40,46,47],"ascension_level":0}}