{"host":"v1m5rkjj38qutr02","time":1611141674,"event":{"mods":["Act Like it!","BaseMod","Challenge The Spire","Conspire","Gensokyo","GungeonMod","Hallownest","Minty Spire (QoL Compilation)","Replay The Spire","StSLib","The Bug Knight","Youmu£®ªÍ∆«—˝√Œ£©"],"gold_per_floor":[117,189,114,114,126,126,126,126],"floor_reached":7,"language":"ZHS","playtime":188,"items_purged":[],"score":41,"play_id":"95947f69-aac3-4932-a749-e5316fcd7d3f","local_time":"20210120192114","is_ascension_mode":true,"campfire_choices":[{"data":"SwordExtraction","floor":6,"key":"SMITH"}],"circlet_count":0,"master_deck":["Strike_YM","Strike_YM","Strike_YM","Strike_YM","Defend_YM","Defend_YM","Defend_YM","Defend_YM","SlashOfPresentWorld","WheelOfPainOfLivingAndDead","TwoHundredYojanaInOneSlash","ReplayTheSpireMod:Splinters","HumanRealmSword","SwordExtraction+1","SpiritCuttingSword","LightFlashOfTheNetherworld"],"relics":["Runic Pyramid","Roukanken"],"acts_visited":["Exordium"],"potions_floor_usage":[],"damage_taken":[{"damage":0.0,"enemies":"2 Louse","floor":1.0,"turns":3.0},{"damage":0,"enemies":"Cultist","floor":5,"turns":2},{"damage":18,"enemies":"3 Sentries","floor":7,"turns":3}],"seed_played":"-5344283797426803614","potions_obtained":[{"floor":2.0,"key":"conspire:TimeTravelPotion"},{"floor":2.0,"key":"Languid Potion"}],"is_trial":false,"path_per_floor":["M","?","$","?","M","R","E"],"character_chosen":"YOUMU","items_purchased":["SwordExtraction","SpiritCuttingSword"],"campfire_rested":0,"item_purchase_floors":[3,3],"current_hp_per_floor":[75,75,75,80,80,80,62,62],"gold":126,"neow_bonus":"BOSS_RELIC","is_daily":false,"chose_seed":false,"campfire_upgraded":1,"win_rate":0.0,"timestamp":1611141674,"path_taken":["M","?","$","?","M","R","E"],"items_purchased_type":["Card","Card"],"build_version":"2020-12-22","purchased_purges":0,"victory":false,"max_hp_per_floor":[75,75,75,80,80,80,80,80],"card_choices":[{"not_picked":["CrescentMoonSlash","SlashOfDepartureFromHesitation"],"picked":"TwoHundredYojanaInOneSlash","floor":1.0},{"not_picked":["SwordOfBindingDesires","LotusPostureSlash"],"picked":"HumanRealmSword","floor":2.0},{"not_picked":["ConstancyOfTheConventionalTruth","LowerRealmReflectionSlash"],"picked":"LightFlashOfTheNetherworld","floor":5}],"player_experience":420963,"relics_obtained":[{"floor":2.0,"key":"Roukanken"}],"event_choices":[{"damage_healed":0,"gold_gain":0,"player_choice":"Donut","damage_taken":0,"max_hp_gain":5,"max_hp_loss":0,"event_name":"Big Fish","floor":4,"gold_loss":0}],"is_beta":false,"boss_relics":[],"items_purged_floors":[],"is_endless":false,"potions_floor_spawned":[],"killed_by":"3 Sentries","ascension_level":1}}