{"host":"fjaupvxe7fzqrf4j","time":1611142163,"event":{"mods":["ATMod(°¢èªMod)","BaseMod","Minty Spire (QoL Compilation)","StSLib"],"gold_per_floor":[110,110,110,134,149,192,235,271,271,305,341,375,411,442,442,535,535,548,397,416,316,316,352,365,386,386,429,465,506,549,436,436,529,529,544,559,559,237,568,604,635,668,668,712,732,768,824,888,888,913,963,963,963,251,345,370],"floor_reached":57,"language":"ZHS","playtime":1510,"items_purged":["BowlingBash","FlurryOfBlows","FollowUp+1"],"score":4765,"play_id":"c4523e8c-172a-45a2-80ab-fda2afa7efa1","local_time":"20210120192923","daily_mods":["SealedDeck","Heirloom","Time Dilation","Flight","Elite Swarm"],"is_ascension_mode":true,"campfire_choices":[{"data":"Adaptation","floor":15.0,"key":"SMITH"},{"floor":32.0,"key":"RECALL"},{"floor":49,"key":"REST"},{"floor":53,"key":"REST"}],"circlet_count":0,"master_deck":["AscendersBane","Tantrum+1","EmptyMind+1","Wallop+1","FearNoEvil+1","Adaptation+1","Adaptation+1","AT_ChampionStep+1","AT_CaressingTears+1","LessonLearned+1","Scrawl+1","Scrawl+1","Fasting2+1","DevaForm+1","Omniscience+1","MentalFortress+1","Omniscience+1","TalkToTheHand+1","Omniscience+1","MentalFortress+1"],"relics":["PureWater","AT_ATBox","TungstenRod","Golden Idol","Anchor","AT_BladeRuinedKing","Toxic Egg 2","Lantern","Letter Opener","Happy Flower","AT_LudenTempest","AT_BellDemon","Ancient Tea Set","Question Card","Fusion Hammer","AT_SeraphEmbrace","Blue Candle","AT_DeathDance","Tiny Chest","CaptainsWheel","Vajra","Thread and Needle","Pear","AT_ChloranthyRing","Blood Vial","Akabeko","MawBank","Turnip","Kunai","PreservedInsect","AT_TrinityForce","Mummified Hand","Orrery","Strawberry","Old Coin","Oddly Smooth Stone","Yang","White Beast Statue","Darkstone Periapt","Frozen Egg 2","AT_SpeedBoots","MealTicket","FossilizedHelix","Whetstone","Juzu Bracelet","AT_MibuBalloonWealth","Nunchaku","AT_GoldPhoenixTree","Art of War","Torii","Centennial Puzzle","Ice Cream","AT_EbonyIvory","Melange","Bag of Preparation","StoneCalendar"],"acts_visited":["Exordium","TheCity","TheBeyond","TheEnding"],"potions_floor_usage":[56,56],"damage_taken":[{"damage":0.0,"enemies":"2 Louse","floor":1.0,"turns":2.0},{"damage":3.0,"enemies":"Small Slimes","floor":4.0,"turns":3.0},{"damage":0.0,"enemies":"Jaw Worm","floor":5.0,"turns":2.0},{"damage":0.0,"enemies":"Gremlin Nob","floor":6.0,"turns":2.0},{"damage":0.0,"enemies":"Lagavulin","floor":7.0,"turns":3.0},{"damage":9.0,"enemies":"3 Sentries","floor":8.0,"turns":3.0},{"damage":0.0,"enemies":"Lagavulin","floor":10.0,"turns":3.0},{"damage":9.0,"enemies":"3 Sentries","floor":11.0,"turns":3.0},{"damage":0.0,"enemies":"Lagavulin","floor":12.0,"turns":2.0},{"damage":0.0,"enemies":"3 Sentries","floor":13.0,"turns":2.0},{"damage":0.0,"enemies":"Lagavulin","floor":14.0,"turns":3.0},{"damage":0.0,"enemies":"Slime Boss","floor":16.0,"turns":2.0},{"damage":0.0,"enemies":"Spheric Guardian","floor":18.0,"turns":1.0},{"damage":0.0,"enemies":"Shell Parasite","floor":20.0,"turns":1.0},{"damage":0.0,"enemies":"Book of Stabbing","floor":23.0,"turns":1.0},{"damage":0.0,"enemies":"Centurion and Healer","floor":24.0,"turns":1.0},{"damage":0.0,"enemies":"3 Cultists","floor":25.0,"turns":1.0},{"damage":0.0,"enemies":"Gremlin Leader","floor":27.0,"turns":1.0},{"damage":0.0,"enemies":"Book of Stabbing","floor":28.0,"turns":1.0},{"damage":0.0,"enemies":"Slavers","floor":29.0,"turns":1.0},{"damage":0.0,"enemies":"Book of Stabbing","floor":30.0,"turns":1.0},{"damage":0.0,"enemies":"Champ","floor":33.0,"turns":1.0},{"damage":0.0,"enemies":"Orb Walker","floor":35.0,"turns":1.0},{"damage":0.0,"enemies":"3 Darklings","floor":36.0,"turns":1.0},{"damage":0.0,"enemies":"Mind Bloom Boss Battle","floor":39.0,"turns":1.0},{"damage":0.0,"enemies":"Nemesis","floor":40.0,"turns":1.0},{"damage":0.0,"enemies":"Reptomancer","floor":41.0,"turns":1.0},{"damage":0,"enemies":"Nemesis","floor":42,"turns":1},{"damage":0,"enemies":"Giant Head","floor":44,"turns":1},{"damage":0,"enemies":"Jaw Worm Horde","floor":45,"turns":1},{"damage":0,"enemies":"Nemesis","floor":46,"turns":1},{"damage":0,"enemies":"Giant Head","floor":47,"turns":1},{"damage":0,"enemies":"Nemesis","floor":48,"turns":1},{"damage":0,"enemies":"Time Eater","floor":50,"turns":1},{"damage":0,"enemies":"Donu and Deca","floor":51,"turns":1},{"damage":0,"enemies":"Shield and Spear","floor":55,"turns":1},{"damage":0,"enemies":"The Heart","floor":56,"turns":4}],"seed_played":"-858882070552706044","potions_obtained":[{"floor":4.0,"key":"Strength Potion"},{"floor":6.0,"key":"FearPotion"},{"floor":8.0,"key":"BottledMiracle"},{"floor":16.0,"key":"GamblersBrew"},{"floor":30.0,"key":"Fruit Juice"},{"floor":35.0,"key":"AttackPotion"},{"floor":41,"key":"Ancient Potion"},{"floor":42,"key":"PowerPotion"},{"floor":46,"key":"DuplicationPotion"}],"is_trial":true,"path_per_floor":["M","?","?","M","M","E","E","E","T","E","E","E","E","E","R","B",null,"M","$","M","$","?","E","M","M","T","E","E","E","E","$","R","B",null,"M","M","?","$","?","E","E","E","T","E","M","E","E","E","R","B","B",null,"R","$","E","B",null],"character_chosen":"WATCHER","items_purchased":["Fasting2","Orrery","Strawberry","MentalFortress+1","Ice Cream","AT_EbonyIvory","Melange"],"campfire_rested":2,"item_purchase_floors":[19,38,38,54,54,54,54],"current_hp_per_floor":[61,66,42,39,39,39,39,33,33,33,24,24,30,30,30,30,62,62,62,62,62,83,83,83,83,83,93,93,93,98,98,98,98,98,98,98,98,105,105,105,105,105,105,105,105,105,105,105,105,105,105,105,105,105,105,105],"gold":370,"neow_bonus":"","is_daily":false,"chose_seed":false,"campfire_upgraded":1,"win_rate":0.0,"timestamp":1611142163,"path_taken":["M","?","?","?","M","E","E","E","T","E","E","E","E","E","R","BOSS","M","?","?","$","?","E","M","M","T","E","E","E","E","$","R","BOSS","M","?","?","$","?","E","E","E","T","E","M","E","E","E","R","BOSS","BOSS","R","$","E","BOSS"],"items_purchased_type":["Card","Relic","Relic","Card","Relic","Relic","Relic"],"build_version":"2020-12-22","purchased_purges":3,"victory":true,"max_hp_per_floor":[68,73,73,73,73,73,73,73,73,73,73,73,73,73,73,73,73,73,73,73,73,83,83,83,83,83,93,93,93,98,98,98,98,98,98,98,98,105,105,105,105,105,105,105,105,105,105,105,105,105,105,105,105,105,105,105],"card_choices":[{"not_picked":["DeceiveReality","LikeWater","ThirdEye"],"picked":"SKIP","floor":1.0},{"not_picked":["ThirdEye","Pray"],"picked":"FollowUp","floor":4.0},{"not_picked":["AT_RealFormLess","FlurryOfBlows","Crescendo"],"picked":"SKIP","floor":5.0},{"not_picked":["ConjureBlade","Alpha","AT_RealColorLess"],"picked":"SKIP","floor":6.0},{"not_picked":["ConjureBlade","DevaForm"],"picked":"Brilliance","floor":7.0},{"not_picked":["Judgement+1","Alpha+1"],"picked":"LessonLearned","floor":8.0},{"not_picked":["ConjureBlade+1","Judgement+1","Ragnarok"],"picked":"SKIP","floor":10.0},{"not_picked":["Devotion","MasterReality"],"picked":"Scrawl+1","floor":11.0},{"not_picked":["LessonLearned","MasterReality","Omniscience+1"],"picked":"SKIP","floor":12.0},{"not_picked":["Establishment","AT_IrregularMenstruation+1","ConjureBlade+1"],"picked":"SKIP","floor":13.0},{"not_picked":["DevaForm","Alpha+1"],"picked":"Scrawl+1","floor":14.0},{"not_picked":["ForeignInfluence+1","FearNoEvil","Collect+1","AT_OneInchPunch"],"picked":"SKIP","floor":18.0},{"not_picked":["ReachHeaven","ThirdEye+1","Vengeance+1","EmptyFist"],"picked":"SKIP","floor":20.0},{"not_picked":["Brilliance","Devotion","Establishment"],"picked":"DevaForm","floor":23.0},{"not_picked":["FollowUp","Protect+1","Halt+1","FlurryOfBlows"],"picked":"SKIP","floor":24.0},{"not_picked":["EmptyFist","FollowUp+1","WaveOfTheHand+1","Fasting2"],"picked":"SKIP","floor":25.0},{"not_picked":["DevaForm","Alpha+1","Wish+1"],"picked":"Omniscience+1","floor":27.0},{"not_picked":["Scrawl+1","AT_IrregularMenstruation+1","Vault+1","Devotion"],"picked":"SKIP","floor":28.0},{"not_picked":["AT_IrregularMenstruation+1","LessonLearned","SpiritShield+1","Wish+1"],"picked":"SKIP","floor":29.0},{"not_picked":["Brilliance","Devotion","Judgement+1","AT_ChampionKick"],"picked":"SKIP","floor":30.0},{"not_picked":["SandsOfTime","Halt+1","WindmillStrike","Crescendo+1"],"picked":"SKIP","floor":35.0},{"not_picked":["Weave","CrushJoints+1","AT_SoftenMuscles+1","Wireheading"],"picked":"SKIP","floor":36.0},{"not_picked":["CrushJoints+1","SpiritShield+1","DeceiveReality+1"],"picked":"MentalFortress","floor":38.0},{"not_picked":["Vault+1","AT_ChampionKick","Brilliance","ConjureBlade+1"],"picked":"SKIP","floor":40.0},{"not_picked":["AT_MachinaRedman+1","AT_RealColorLess","MasterReality","Scrawl+1"],"picked":"SKIP","floor":41},{"not_picked":["AT_MachinaRedman+1","AT_RealColorLess","MasterReality","Scrawl+1"],"picked":"SKIP","floor":41},{"not_picked":["LessonLearned","Brilliance","Wish+1"],"picked":"Omniscience+1","floor":42},{"not_picked":["SpiritShield+1","Scrawl+1","AT_IrregularMenstruation+1","Wish+1"],"picked":"SKIP","floor":44},{"not_picked":["EmptyFist","Fasting2+1","CrushJoints"],"picked":"TalkToTheHand+1","floor":45},{"not_picked":["Ragnarok","Judgement+1","LessonLearned","Brilliance"],"picked":"SKIP","floor":46},{"not_picked":["Wish+1","Brilliance","Ragnarok"],"picked":"Omniscience+1","floor":47},{"not_picked":["Scrawl+1","Blasphemy+1","Vault+1","SpiritShield+1"],"picked":"SKIP","floor":48},{"not_picked":["Blasphemy+1","AT_MachinaRedman+1","Wish+1","AT_ChampionKick"],"picked":"SKIP","floor":55}],"player_experience":484147,"relics_obtained":[{"floor":6.0,"key":"Anchor"},{"floor":7.0,"key":"AT_BladeRuinedKing"},{"floor":8.0,"key":"Toxic Egg 2"},{"floor":9.0,"key":"Lantern"},{"floor":10.0,"key":"Letter Opener"},{"floor":11.0,"key":"Happy Flower"},{"floor":12.0,"key":"AT_LudenTempest"},{"floor":13.0,"key":"AT_BellDemon"},{"floor":14.0,"key":"Ancient Tea Set"},{"floor":16.0,"key":"Question Card"},{"floor":18.0,"key":"AT_ArchangelStaff"},{"floor":20.0,"key":"Blue Candle"},{"floor":23.0,"key":"AT_DeathDance"},{"floor":23.0,"key":"Tiny Chest"},{"floor":24.0,"key":"CaptainsWheel"},{"floor":25.0,"key":"Vajra"},{"floor":27.0,"key":"Thread and Needle"},{"floor":27.0,"key":"Pear"},{"floor":28.0,"key":"AT_ChloranthyRing"},{"floor":28.0,"key":"Blood Vial"},{"floor":29.0,"key":"Akabeko"},{"floor":29.0,"key":"MawBank"},{"floor":30.0,"key":"Turnip"},{"floor":30.0,"key":"Kunai"},{"floor":33.0,"key":"PreservedInsect"},{"floor":36.0,"key":"Mummified Hand"},{"floor":39.0,"key":"Old Coin"},{"floor":39.0,"key":"Oddly Smooth Stone"},{"floor":40.0,"key":"Yang"},{"floor":40.0,"key":"White Beast Statue"},{"floor":41,"key":"Darkstone Periapt"},{"floor":42,"key":"Frozen Egg 2"},{"floor":42,"key":"AT_SpeedBoots"},{"floor":43,"key":"MealTicket"},{"floor":44,"key":"FossilizedHelix"},{"floor":44,"key":"Whetstone"},{"floor":45,"key":"Juzu Bracelet"},{"floor":46,"key":"AT_MibuBalloonWealth"},{"floor":46,"key":"Nunchaku"},{"floor":47,"key":"AT_GoldPhoenixTree"},{"floor":47,"key":"Art of War"},{"floor":48,"key":"Torii"},{"floor":48,"key":"Centennial Puzzle"},{"floor":55,"key":"Bag of Preparation"},{"floor":55,"key":"StoneCalendar"}],"event_choices":[{"damage_healed":0.0,"max_hp_gain":5.0,"max_hp_loss":0.0,"gold_gain":0.0,"event_name":"Big Fish","player_choice":"Donut","floor":2.0,"gold_loss":0.0,"damage_taken":0.0},{"damage_healed":0.0,"max_hp_gain":0.0,"max_hp_loss":0.0,"gold_gain":0.0,"event_name":"Golden Idol","player_choice":"Take Damage","floor":3.0,"gold_loss":0.0,"damage_taken":25.0,"relics_obtained":["Golden Idol"]},{"cards_removed":["Brilliance"],"damage_healed":11.0,"max_hp_gain":10.0,"max_hp_loss":0.0,"gold_gain":0.0,"event_name":"Bonfire Elementals","player_choice":"Offered Rare","floor":22.0,"gold_loss":0.0,"damage_taken":0.0},{"cards_removed":["Crescendo"],"damage_healed":0.0,"max_hp_gain":0.0,"max_hp_loss":0.0,"gold_gain":0.0,"event_name":"Falling","player_choice":"Removed Skill","floor":37.0,"gold_loss":0.0,"damage_taken":0.0},{"damage_healed":0.0,"max_hp_gain":0.0,"max_hp_loss":0.0,"gold_gain":0.0,"event_name":"MindBloom","player_choice":"Fight","floor":39.0,"gold_loss":0.0,"damage_taken":0.0}],"is_beta":false,"boss_relics":[{"not_picked":["Cursed Key","Astrolabe"],"picked":"Fusion Hammer"},{"not_picked":["Tiny House","Runic Dome"],"picked":"AT_TrinityForce"}],"items_purged_floors":[19,21,31],"is_endless":false,"potions_floor_spawned":[4,6,8,10,11,16,23,24,25,27,28,30,35,36,41,42,44,45,46,47,48,55],"ascension_level":20}}