{"host":"s35zr3gblm7slh1q","time":1611163846,"event":{"mods":["BaseMod","Colored Powertips","Downfall","Hermit","Highlight Path","Marisa????????","Minty Spire (QoL Compilation)","Permanent Neow","StSLib","The Disciple"],"gold_per_floor":[119,130,130,60,60,89,101,101,177,177,197,229,72,89,89,193,193,212,224,50,69,69,99,99,112,137,137,137],"floor_reached":27,"language":"ENG","playtime":1577,"items_purged":[],"score":268,"play_id":"2a5dbd85-703e-439a-9c6d-cb5ef20014b0","local_time":"20210120123046","is_ascension_mode":false,"campfire_choices":[{"data":"Keepsakes","floor":8,"key":"SMITH"},{"floor":10,"key":"RECALL"},{"floor":15,"key":"REST"},{"floor":24,"key":"REST"}],"circlet_count":0,"master_deck":["Accelerando+1","Allegro","Ritenuto","Allegro","Strike_Br","Strike_Br","Strike_Br","Strike_Br","Defend_Br","Defend_Br","Defend_Br","SecondHand","PatternShift","Goo","Echoward","Keepsakes+1","Flash of Steel","HandsUpB","BeatsPerMinute","LockedScales","WindUp","LockedThread","Echoward","SlimeSpray","OracleForm","LockedBlood+1","LockedWhetstone","Apotheosis","Engulf","Goo","Analog","EscortCommand+1","LockedPlans+1"],"relics":["Chronometer","PreservedInsect","Bronze Scales","Sundial","Dream Catcher","Ancient Tea Set","SlaversCollar","Pear","Tiny Chest"],"acts_visited":["Exordium","TheCity"],"potions_floor_usage":[12,12,16,16,21],"damage_taken":[{"damage":1,"enemies":"2 Louse","floor":1,"turns":4},{"damage":0,"enemies":"Cultist","floor":2,"turns":4},{"damage":9,"enemies":"Lagavulin","floor":6,"turns":5},{"damage":0,"enemies":"Small Slimes","floor":7,"turns":3},{"damage":0,"enemies":"Red Slaver","floor":11,"turns":2},{"damage":0,"enemies":"3 Sentries","floor":12,"turns":2},{"damage":4,"enemies":"2 Fungi Beasts","floor":14,"turns":3},{"damage":23,"enemies":"The Guardian","floor":16,"turns":9},{"damage":19,"enemies":"Chosen","floor":18,"turns":5},{"damage":4,"enemies":"Shell Parasite","floor":19,"turns":4},{"damage":17,"enemies":"Cultist and Chosen","floor":21,"turns":8},{"damage":34,"enemies":"Slavers","floor":23,"turns":5},{"damage":29,"enemies":"Shelled Parasite and Fungi","floor":25,"turns":5},{"damage":8,"enemies":"Centurion and Healer","floor":27,"turns":3}],"seed_played":"-391447192343845746","potions_obtained":[{"floor":1,"key":"DistilledChaos"},{"floor":6,"key":"Explosive Potion"},{"floor":12,"key":"hexamod:SoulburnPotion"},{"floor":14,"key":"DistilledChaos"},{"floor":19,"key":"FearPotion"},{"floor":23,"key":"Explosive Potion"}],"is_trial":false,"path_per_floor":["M","M","?","$","?","E","M","R","T","R","M","E","$","M","R","B",null,"M","M","$","M","?","E","R","M","T","M"],"character_chosen":"CHRONO_CLASS","items_purchased":["Keepsakes","Ancient Tea Set","Apotheosis"],"campfire_rested":2,"item_purchase_floors":[4,13,20],"current_hp_per_floor":[64,64,64,64,64,55,55,55,55,55,55,55,55,51,65,42,65,46,45,45,37,37,13,35,6,6,0,0],"gold":137,"neow_bonus":"RANDOM_COMMON_RELIC","is_daily":false,"chose_seed":false,"campfire_upgraded":1,"win_rate":0.0,"timestamp":1611163846,"path_taken":["M","M","?","?","?","E","M","R","T","R","?","E","$","M","R","BOSS","M","M","$","M","?","E","R","?","T","M"],"items_purchased_type":["Card","Relic","Card"],"build_version":"2020-12-22","purchased_purges":0,"victory":false,"max_hp_per_floor":[65,65,65,65,65,65,65,65,65,65,65,65,65,65,65,65,65,65,65,65,65,65,75,75,75,75,75,75],"card_choices":[{"not_picked":["Stagnate","LockedAnchor"],"picked":"Goo","floor":1},{"not_picked":["CrunchTime","LockedAnchor"],"picked":"Echoward","floor":2},{"not_picked":["HandsUpC","Engulf"],"picked":"BeatsPerMinute","floor":6},{"not_picked":["BiteCommand","FormalWear"],"picked":"LockedScales","floor":7},{"not_picked":["BeatsPerMinute","LockedMedicine"],"picked":"WindUp","floor":11},{"not_picked":["LockedAnchor","HandsUpB"],"picked":"LockedThread","floor":12},{"not_picked":["LockedBlood","WindUp"],"picked":"Echoward","floor":14},{"not_picked":["BeatsPerMinute","HandsUpC"],"picked":"SlimeSpray","floor":15},{"not_picked":["OverTime","Flay"],"picked":"OracleForm","floor":16},{"not_picked":["Break+1","LockedTornado"],"picked":"LockedBlood+1","floor":18},{"not_picked":["BiteCommand","LockedOrichalcum"],"picked":"LockedWhetstone","floor":19},{"not_picked":["WakeUpCall","HandsUpB"],"picked":"Engulf","floor":21},{"not_picked":["Goo","Pendulum"],"picked":"Analog","floor":23},{"not_picked":["LockedAnchor","ShortSighted+1"],"picked":"EscortCommand+1","floor":24},{"not_picked":["HandsUpC","ReapSow"],"picked":"LockedPlans+1","floor":25}],"player_experience":371937,"relics_obtained":[{"floor":6,"key":"Bronze Scales"},{"floor":9,"key":"Sundial"},{"floor":12,"key":"Dream Catcher"},{"floor":23,"key":"Pear"},{"floor":26,"key":"Tiny Chest"}],"event_choices":[{"cards_removed":["Defend_Br"],"damage_healed":0,"gold_gain":0,"player_choice":"Offered Basic","damage_taken":0,"max_hp_gain":0,"max_hp_loss":0,"event_name":"Bonfire Elementals","floor":3,"gold_loss":0},{"damage_healed":0,"gold_gain":0,"player_choice":"2 cards matched","damage_taken":0,"max_hp_gain":0,"max_hp_loss":0,"event_name":"Match and Keep!","floor":5,"gold_loss":0,"cards_obtained":["Flash of Steel","HandsUpB"]},{"damage_healed":0,"gold_gain":0,"player_choice":"Copied","damage_taken":0,"max_hp_gain":0,"max_hp_loss":0,"event_name":"Duplicator","floor":22,"gold_loss":0,"cards_obtained":["Goo"]}],"is_beta":false,"boss_relics":[{"not_picked":["Pandora\u0027s Box","Calling Bell"],"picked":"SlaversCollar"}],"items_purged_floors":[],"is_endless":false,"potions_floor_spawned":[1,6,12,14,19,23],"killed_by":"Centurion and Healer","ascension_level":0}}