{"host":"7uuqqk35leady37t","time":1611117395,"event":{"mods":["BaseMod","Colored Map","Colored Powertips","Marisa£®ÏF”Í°°ƒß¿Ì…≥£©","Minty Spire (QoL Compilation)","Relic Stats","Remilia£®¿Ÿ√◊¿Ú—«£©","Replay The Spire","Robot Space Explorer","StSLib","The Bug Knight","The Servant 0.9.4","UnlockEverythingMod","Waifu the Spire","Yuri Mod","[IsaacMod]“‘»ˆº‚À˛"],"gold_per_floor":[115,128,145,145,145,171,186,203,274,287,307,319,337,352,352,352,352],"floor_reached":16,"language":"ZHS","playtime":1389,"items_purged":[],"score":110,"play_id":"74fa7344-7711-4791-8add-f8d70e811232","local_time":"20210120123635","is_ascension_mode":false,"campfire_choices":[],"circlet_count":0,"master_deck":["HollowMod:NailStrikeStart","HollowMod:NailStrikeStart","HollowMod:NailStrikeStart","HollowMod:QuickDashStart","HollowMod:QuickDashStart","HollowMod:QuickDashStart","HollowMod:QuickDashStart+1","HollowMod:FocusHealStart+1","HollowMod:PogoStrike","Regret","HollowMod:SharpenedNail+1","HollowMod:HeavyBlow","HollowMod:MonarchWings","HollowMod:ZotesMagnificence","HollowMod:BlackTendrils","HollowMod:CrystalDash","HollowMod:TaintedHusks","HollowMod:PureNailStrike","HollowMod:HowlingWraiths","HollowMod:CycloneSlash","HollowMod:DashSlash","HollowMod:DungDefenderAura"],"relics":["HollowMod:VesselMask","HushsDoor","SteamSale","Garlic","Lizard Tail","Gremlin Horn"],"acts_visited":["Exordium"],"potions_floor_usage":[6,13,16,16,16],"damage_taken":[{"damage":6,"enemies":"Small Slimes","floor":1,"turns":3},{"damage":0,"enemies":"2 Louse","floor":2,"turns":2},{"damage":0,"enemies":"Jaw Worm","floor":3,"turns":3},{"damage":40,"enemies":"HollowMod:MossKnight","floor":6,"turns":12},{"damage":0,"enemies":"2 Fungi Beasts","floor":7,"turns":2},{"damage":0,"enemies":"Exordium Wildlife","floor":8,"turns":2},{"damage":9,"enemies":"Gremlin Gang","floor":10,"turns":3},{"damage":3,"enemies":"3 Louse","floor":11,"turns":3},{"damage":0,"enemies":"Looter","floor":12,"turns":2},{"damage":10,"enemies":"Exordium Thugs","floor":13,"turns":3},{"damage":4,"enemies":"3 Louse","floor":14,"turns":2},{"damage":59,"enemies":"Fading Forest","floor":16,"turns":6}],"seed_played":"1014049341652606131","potions_obtained":[{"floor":1,"key":"DuplicationPotion"},{"floor":7,"key":"Fire Potion"},{"floor":8,"key":"GamblersBrew"},{"floor":10,"key":"Toxic Potion"},{"floor":13,"key":"PowerPotion"}],"is_trial":false,"path_per_floor":["M","M","M","?","?","E","M","M","T","M","M","M","M","M","R_BF","B"],"character_chosen":"THE_BUGKNIGHT","items_purchased":[],"campfire_rested":0,"item_purchase_floors":[],"current_hp_per_floor":[72,72,72,57,57,29,29,29,29,26,30,30,20,16,16,0,0],"gold":352,"neow_bonus":"RANDOM_EVENT","is_daily":false,"chose_seed":false,"campfire_upgraded":0,"win_rate":0.0,"timestamp":1611117395,"path_taken":["M","M","M","?","?","E","?","M","T","M","M","M","M","M","R_BF","BOSS"],"items_purchased_type":[],"build_version":"2020-12-22","purchased_purges":0,"victory":false,"max_hp_per_floor":[75,75,75,75,75,75,75,75,75,75,75,75,75,75,75,75,75],"relic_stats":{"Lizard Tail":37,"Gremlin Horn":[8,8],"counters":[12,43],"obtain_stats":[{"KeepersGift":0,"Lizard Tail":6,"Gremlin Horn":9,"HollowMod:VesselMask":0,"Garlic":0,"HushsDoor":0,"SteamSale":0},{"KeepersGift":0,"Lizard Tail":4,"Gremlin Horn":6,"HollowMod:VesselMask":0,"Garlic":0,"HushsDoor":0,"SteamSale":0},{"KeepersGift":0,"Lizard Tail":20,"Gremlin Horn":24,"HollowMod:VesselMask":0,"Garlic":0,"HushsDoor":0,"SteamSale":0}]},"card_choices":[{"not_picked":[],"picked":"ChaosCard","floor":0},{"not_picked":["HollowMod:BlackTendrils","HollowMod:HowlingWraiths"],"picked":"HollowMod:SharpenedNail","floor":1},{"not_picked":["HollowMod:NewGlowingWomb","HollowMod:DesolateDive"],"picked":"HollowMod:HeavyBlow","floor":2},{"not_picked":["HollowMod:InfectedCysts","HollowMod:HowlingWraiths"],"picked":"HollowMod:MonarchWings","floor":3},{"not_picked":["HollowMod:NewLittleFool","HollowMod:GoodIntentions"],"picked":"HollowMod:ZotesMagnificence","floor":6},{"not_picked":["HollowMod:SiblingsSouls","HollowMod:NewLittleFool"],"picked":"HollowMod:BlackTendrils","floor":7},{"not_picked":["HollowMod:BlackTendrils","HollowMod:DreamGate"],"picked":"HollowMod:CrystalDash","floor":8},{"not_picked":["HollowMod:NewLittleFool","Bomb"],"picked":"HollowMod:TaintedHusks","floor":10},{"not_picked":["HollowMod:LifebloodCocoon","HollowMod:VengefulSpirit"],"picked":"HollowMod:PureNailStrike","floor":11},{"not_picked":["HollowMod:SharpenedNail","Bomb"],"picked":"HollowMod:HowlingWraiths","floor":12},{"not_picked":["HollowMod:ShapeofUnn","HollowMod:HeavyBlow"],"picked":"HollowMod:CycloneSlash","floor":13},{"not_picked":["Bomb","HollowMod:CoiledNail"],"picked":"HollowMod:DashSlash","floor":14}],"player_experience":61619,"relics_obtained":[{"floor":6,"key":"Lizard Tail"},{"floor":9,"key":"Gremlin Horn"}],"event_choices":[{"damage_healed":0,"gold_gain":0,"player_choice":"Box","damage_taken":0,"relics_obtained":["Garlic"],"max_hp_gain":0,"max_hp_loss":0,"event_name":"Big Fish","floor":0,"gold_loss":0,"cards_obtained":["Regret"]},{"damage_healed":0,"gold_gain":0,"player_choice":"Entered Light","damage_taken":15,"max_hp_gain":0,"max_hp_loss":0,"event_name":"Shining Light","floor":4,"gold_loss":0,"cards_upgraded":["HollowMod:QuickDashStart","HollowMod:SharpenedNail"]}],"is_beta":false,"boss_relics":[],"items_purged_floors":[],"is_endless":false,"potions_floor_spawned":[1,7,8,10,12,13],"killed_by":"Fading Forest","ascension_level":0}}