{"host":"7qqg3hyzrz6apiso","time":1611161104,"event":{"mods":["AchievementEnabler","BaseMod","Better Debug","Colored Map","Colored Powertips","KOR Keyword Fix","Keyboard Shortcuts","Minty Spire (QoL Compilation)","Permanent Neow","Quick Restart","StSLib","SuperFastMode"],"gold_per_floor":[116,116,291,10,10,10,24,24,78,111,134,134,148,22,22,146,146,170,191,116,136,156,156,22,57,82,82,100,150,164,180,180,180,180],"floor_reached":33,"language":"KOR","playtime":1347,"items_purged":["Doubt","Strike_B"],"score":347,"play_id":"f2019c6e-b961-40f1-b2a4-a6a9dd4b0544","local_time":"20210121014504","is_ascension_mode":true,"campfire_choices":[{"data":"Zap","floor":6.0,"key":"SMITH"},{"data":"Skim","floor":8.0,"key":"SMITH"},{"data":"Meteor Strike","floor":12.0,"key":"SMITH"},{"floor":15.0,"key":"REST"},{"data":"Turbo","floor":23.0,"key":"SMITH"},{"floor":27,"key":"REST"},{"floor":32,"key":"REST"}],"circlet_count":0,"master_deck":["Strike_B","Strike_B","Strike_B","Defend_B","Defend_B","Defend_B","Defend_B","Zap+1","Dualcast","Go for the Eyes","Mayhem+1","Skim+1","Meteor Strike+1","Leap","Conserve Battery","Turbo+1","Hyperbeam","CurseOfTheBell","Melter+1","FTL","Conserve Battery+1","Gash"],"relics":["Cracked Core","Ice Cream","Golden Idol","PreservedInsect","Bottled Lightning","Calling Bell","Boot","HornCleat","Lizard Tail","Eternal Feather","Bag of Marbles"],"acts_visited":["Exordium","TheCity"],"potions_floor_usage":[31,33],"damage_taken":[{"damage":1.0,"enemies":"Cultist","floor":1.0,"turns":3.0},{"damage":2.0,"enemies":"Jaw Worm","floor":7.0,"turns":3.0},{"damage":23.0,"enemies":"3 Sentries","floor":10.0,"turns":6.0},{"damage":4.0,"enemies":"Small Slimes","floor":11.0,"turns":3.0},{"damage":1.0,"enemies":"Blue Slaver","floor":13.0,"turns":3.0},{"damage":1.0,"enemies":"Hexaghost","floor":16.0,"turns":8.0},{"damage":30.0,"enemies":"Shell Parasite","floor":18.0,"turns":6.0},{"damage":4.0,"enemies":"3 Byrds","floor":19.0,"turns":5.0},{"damage":19.0,"enemies":"Centurion and Healer","floor":21.0,"turns":7.0},{"damage":13.0,"enemies":"Snake Plant","floor":22.0,"turns":5.0},{"damage":18,"enemies":"Gremlin Leader","floor":25,"turns":5},{"damage":17,"enemies":"Snecko","floor":28,"turns":5},{"damage":5,"enemies":"Centurion and Healer","floor":30,"turns":3},{"damage":19,"enemies":"Snake Plant","floor":31,"turns":4},{"damage":59,"enemies":"Champ","floor":33,"turns":9}],"seed_played":"5195239204280940330","potions_obtained":[{"floor":7.0,"key":"Block Potion"},{"floor":10.0,"key":"PowerPotion"},{"floor":19.0,"key":"Strength Potion"},{"floor":28,"key":"Energy Potion"}],"is_trial":false,"path_per_floor":["M","?","?","$","?","R","M","R","T","E","M","R","M","$","R","B",null,"M","M","?","M","M","R","$","E","T","R","M","?","M","M","R","B"],"character_chosen":"DEFECT","items_purchased":["Mayhem","Skim","Turbo","DuplicationPotion","FTL"],"campfire_rested":3,"item_purchase_floors":[4,4,14,14,24],"current_hp_per_floor":[67,67,67,67,67,67,65,65,65,42,38,38,37,37,57,56,65,35,31,31,12,34,34,34,16,16,48,31,31,26,7,39,0,0],"gold":180,"neow_bonus":"ONE_RARE_RELIC","is_daily":false,"chose_seed":false,"campfire_upgraded":4,"win_rate":0.0,"timestamp":1611161104,"path_taken":["M","?","?","$","?","R","M","R","T","E","?","R","M","$","R","BOSS","M","M","?","M","M","R","$","E","T","R","M","?","?","M","R","BOSS"],"items_purchased_type":["Card","Card","Card","Potion","Card"],"build_version":"2020-12-22","purchased_purges":2,"victory":false,"max_hp_per_floor":[68,68,68,68,68,68,68,68,68,68,68,68,68,68,68,68,68,68,68,68,68,68,68,68,68,68,68,68,68,68,68,68,68,68],"card_choices":[{"not_picked":["Compile Driver","Beam Cell"],"picked":"Go for the Eyes","floor":1.0},{"not_picked":["Beam Cell","Hologram","Consume"],"picked":"SKIP","floor":7.0},{"not_picked":["Go for the Eyes","Redo","Meteor Strike"],"picked":"SKIP","floor":10.0},{"not_picked":["Go for the Eyes","Redo"],"picked":"Meteor Strike","floor":10.0},{"not_picked":["Steam","Coolheaded"],"picked":"Leap","floor":11.0},{"not_picked":["Doom and Gloom","Recycle"],"picked":"Conserve Battery","floor":13.0},{"not_picked":["Fission","Rainbow"],"picked":"Hyperbeam","floor":16.0},{"not_picked":["Compile Driver","Chaos","Redo"],"picked":"SKIP","floor":18.0},{"not_picked":["Tempest+1","Turbo","Stack+1"],"picked":"SKIP","floor":19.0},{"not_picked":["Barrage+1","Conserve Battery"],"picked":"Melter+1","floor":21.0},{"not_picked":["Redo+1","Steam","Stack"],"picked":"SKIP","floor":22.0},{"not_picked":["Redo","Thunder Strike"],"picked":"Conserve Battery+1","floor":25},{"not_picked":["Stack","Streamline","Auto Shields"],"picked":"SKIP","floor":28},{"not_picked":["Barrage","Blizzard","Leap"],"picked":"SKIP","floor":30},{"not_picked":["Turbo","Defragment"],"picked":"Gash","floor":31}],"player_experience":138895,"relics_obtained":[{"floor":9.0,"key":"PreservedInsect"},{"floor":10.0,"key":"Bottled Lightning"},{"floor":17.0,"key":"Boot"},{"floor":17.0,"key":"HornCleat"},{"floor":17.0,"key":"Lizard Tail"},{"floor":25,"key":"Eternal Feather"},{"floor":26,"key":"Bag of Marbles"}],"event_choices":[{"damage_healed":0.0,"max_hp_gain":0.0,"max_hp_loss":0.0,"gold_gain":0.0,"event_name":"Golden Idol","player_choice":"Take Wound","floor":2.0,"gold_loss":0.0,"damage_taken":0.0,"relics_obtained":["Golden Idol"],"cards_obtained":["Injury"]},{"damage_healed":0.0,"max_hp_gain":0.0,"max_hp_loss":0.0,"gold_gain":175.0,"event_name":"Liars Game","player_choice":"AGREE","floor":3.0,"gold_loss":0.0,"damage_taken":0.0,"cards_obtained":["Doubt"]},{"damage_healed":0.0,"max_hp_gain":0.0,"max_hp_loss":0.0,"gold_gain":0.0,"event_name":"Upgrade Shrine","player_choice":"Upgraded","floor":5.0,"gold_loss":0.0,"damage_taken":0.0,"cards_upgraded":["Mayhem"]},{"cards_removed":["Injury"],"damage_healed":0.0,"max_hp_gain":0.0,"max_hp_loss":0.0,"gold_gain":0.0,"event_name":"Beggar","player_choice":"Gave Gold","floor":20.0,"gold_loss":75.0,"damage_taken":0.0},{"damage_healed":0,"gold_gain":100,"player_choice":"Bet on Murderer","damage_taken":0,"max_hp_gain":0,"max_hp_loss":0,"event_name":"The Joust","floor":29,"gold_loss":50}],"is_beta":false,"boss_relics":[{"not_picked":["Runic Pyramid","FrozenCore"],"picked":"Calling Bell"}],"items_purged_floors":[4,24],"is_endless":false,"potions_floor_spawned":[7,10,19,28],"killed_by":"Champ","ascension_level":6}}