{"host":"j7au2ovow4c9pz79","time":1611178457,"event":{"mods":["AchievementEnabler","BaseMod","Better Third Choice","BetterRewards","Colored Powertips","Defuse TimeMaze Blight","Energized Spire","Googly Eyes","Hubris","Infinite Spire","Minty Spire (QoL Compilation)","Quick Restart","Replay The Spire","Spicy Shops","StSLib","SuperFastMode","Transform Curses"],"gold_per_floor":[117,129,129,129,141,141,159,177,229,249,261,279,279,294,294,294,294],"floor_reached":16,"language":"ENG","playtime":482,"items_purged":[],"score":98,"play_id":"e1baeea6-494d-4d0a-880b-b5a28250edc3","local_time":"20210120223417","is_ascension_mode":false,"campfire_choices":[{"data":"Survivor","floor":6,"key":"SMITH"},{"data":"Outmaneuver","floor":15,"key":"SMITH"}],"circlet_count":0,"master_deck":["Strike_G","Strike_G+1","Strike_G","Strike_G","Strike_G+1","Defend_G","Defend_G","Defend_G","Defend_G","Defend_G","Survivor+1","Neutralize","Footwork","Deflect","Neutralize","Bane","Backflip","Slice","Sucker Punch","Dagger Throw","Outmaneuver+1","Sucker Punch"],"relics":["Ring of the Snake","NeowsBlessing","Whetstone"],"acts_visited":["Exordium"],"potions_floor_usage":[7,8,10],"damage_taken":[{"damage":0,"enemies":"Cultist","floor":1,"turns":1},{"damage":0,"enemies":"Small Slimes","floor":2,"turns":1},{"damage":0,"enemies":"2 Louse","floor":5,"turns":1},{"damage":11,"enemies":"Exordium Thugs","floor":7,"turns":10},{"damage":0,"enemies":"3 Louse","floor":8,"turns":5},{"damage":0,"enemies":"Lots of Slimes","floor":10,"turns":6},{"damage":7,"enemies":"Large Slime","floor":11,"turns":6},{"damage":0,"enemies":"2 Fungi Beasts","floor":12,"turns":4},{"damage":2,"enemies":"Blue Slaver","floor":14,"turns":4},{"damage":77,"enemies":"Fading Forest","floor":16,"turns":9}],"seed_played":"-2364383487759784755","potions_obtained":[{"floor":2,"key":"SneckoOil"},{"floor":5,"key":"EssenceOfSteel"},{"floor":7,"key":"Swift Potion"},{"floor":11,"key":"DuplicationPotion"}],"is_trial":false,"path_per_floor":["M","M","?","?","M","R","M","M","T","M","M","M","?","M","R","B"],"character_chosen":"THE_SILENT","items_purchased":[],"campfire_rested":0,"item_purchase_floors":[],"current_hp_per_floor":[70,70,75,75,75,75,64,64,64,64,57,57,57,55,55,0,0],"gold":294,"neow_bonus":"THREE_ENEMY_KILL","is_daily":false,"chose_seed":false,"campfire_upgraded":2,"win_rate":0.0,"timestamp":1611178457,"path_taken":["M","?","?","?","?","R","M","M","T","M","M","M","?","M","R","BOSS"],"items_purchased_type":[],"build_version":"2020-12-22","purchased_purges":0,"victory":false,"max_hp_per_floor":[70,70,75,75,75,75,75,75,75,75,75,75,75,75,75,75,75],"card_choices":[{"not_picked":["Sucker Punch","Quick Slash"],"picked":"Footwork","floor":1},{"not_picked":["Sucker Punch","ReplayTheSpireMod:Scrap Shanks"],"picked":"Deflect","floor":2},{"not_picked":["ReplayTheSpireMod:Tripwire","Backflip"],"picked":"Bane","floor":5},{"not_picked":["PiercingWail","hubris:SlightOfHand"],"picked":"Backflip","floor":7},{"not_picked":["Backflip","Quick Slash"],"picked":"Slice","floor":8},{"not_picked":["Backflip","Slice"],"picked":"Sucker Punch","floor":10},{"not_picked":["ReplayTheSpireMod:Tripwire","ReplayTheSpireMod:Shiv Toss"],"picked":"Dagger Throw","floor":11},{"not_picked":["Burst","Backflip"],"picked":"Outmaneuver","floor":12},{"not_picked":["Acrobatics","Blade Dance"],"picked":"Sucker Punch","floor":14}],"player_experience":1889173,"relics_obtained":[{"floor":9,"key":"Whetstone"}],"event_choices":[{"damage_healed":0,"gold_gain":0,"player_choice":"Donut","damage_taken":0,"max_hp_gain":5,"max_hp_loss":0,"event_name":"Big Fish","floor":3,"gold_loss":0},{"damage_healed":0,"gold_gain":0,"player_choice":"1 cards matched","damage_taken":0,"max_hp_gain":0,"max_hp_loss":0,"event_name":"Match and Keep!","floor":4,"gold_loss":0,"cards_obtained":["Neutralize"]}],"is_beta":false,"boss_relics":[],"items_purged_floors":[],"is_endless":false,"potions_floor_spawned":[2,5,7,11],"killed_by":"Fading Forest","ascension_level":0}}