{"host":"t79ymbxmbcpigau4","time":1611180411,"event":{"mods":["BaseMod","Hermit","Minty Spire (QoL Compilation)","Random Character Button","Replay The Spire","StSLib","The Bug Knight","The Cursed","everything is the same but u backflip on backflip","slay the spire mod where everything is the same but ironclad has a cowboy hat"],"gold_per_floor":[109,109,284,249,249,275,275,304,304,24,42,42,42,42,42,42,42,137,137,156,156,156,169,189,189,36,36,36,36,135,135,152,152,152,250,250,269,269,281,281,281],"floor_reached":40,"language":"ENG","playtime":1959,"items_purged":["Doubt"],"score":411,"play_id":"589e0710-dc23-47f7-87db-0824265cc976","local_time":"20210120230651","is_ascension_mode":false,"campfire_choices":[{"data":"Jack Of All Trades","floor":7,"key":"SMITH"},{"floor":17,"key":"REST"},{"floor":25,"key":"REST"},{"floor":27,"key":"REST"},{"data":"Rampage","floor":31,"key":"SMITH"},{"floor":34,"key":"REST"}],"circlet_count":0,"master_deck":["Strike_R","Strike_R","Strike_R","Defend_R","Defend_R","Defend_R","Bash+1","Cleave","Jack Of All Trades+1","Twin Strike","Shrug It Off","Run Through+1","Berserk+1","Twin Strike+1","ReplayReversal","Rampage+1","Battle Trance+1"],"relics":["Burning Blood","Paper Frog","Thread and Needle","Torii","Oddly Smooth Stone","Onion Ring","Ring of Misfortune","ReplayTheSpireMod:Ring of Exchange","ReplayTheSpireMod:Shallot","ClockworkSouvenir","Sundial","Gremlin Food","Shuriken","Replay:Grab Bag","Replay:Bronze Core","ReplayTheSpireMod:DimensionalGlitch","Replay:Drink Me"],"acts_visited":["Exordium","TheCity","TheBeyond"],"potions_floor_usage":[18],"damage_taken":[{"damage":22,"enemies":"Small Slimes","floor":1,"turns":4},{"damage":51,"enemies":"Gremlin Nob","floor":6,"turns":5},{"damage":18,"enemies":"Replay:BlueRogue","floor":8,"turns":6},{"damage":1,"enemies":"2 Louse","floor":11,"turns":3},{"damage":15,"enemies":"Slime Boss","floor":18,"turns":10},{"damage":1,"enemies":"Spheric Guardian","floor":20,"turns":4},{"damage":1,"enemies":"Chosen","floor":23,"turns":3},{"damage":40,"enemies":"3 Cultists","floor":24,"turns":7},{"damage":25,"enemies":"Centurion and Healer","floor":32,"turns":4},{"damage":19,"enemies":"Champ","floor":35,"turns":9},{"damage":32,"enemies":"3 Shapes","floor":37,"turns":4},{"damage":15,"enemies":"3 Darklings","floor":39,"turns":6},{"damage":8,"enemies":"Sphere and 2 Shapes","floor":40,"turns":2}],"seed_played":"-8239104119775390394","potions_obtained":[{"floor":8,"key":"FearPotion"},{"floor":11,"key":"Energy Potion"},{"floor":24,"key":"Cursed Concoction"}],"is_trial":false,"path_per_floor":["M","?","?","?","?","E","R","E","T","$","M","PTL","PTL","?","?","T","R","B",null,"M","?","$","M","M","R","$","R","T","?","?","R","M","?","R","B",null,"M","?","M","M"],"character_chosen":"IRONCLAD","items_purchased":["Oddly Smooth Stone","Shrug It Off","Gremlin Food"],"campfire_rested":4,"item_purchase_floors":[10,10,26],"current_hp_per_floor":[64,57,57,77,77,32,32,20,20,20,25,25,25,22,22,22,46,37,80,80,80,80,80,46,70,70,80,80,80,80,80,61,52,76,63,60,31,31,19,11,11],"gold":281,"neow_bonus":"UPGRADE_CARD","is_daily":false,"chose_seed":false,"campfire_upgraded":2,"win_rate":0.0,"timestamp":1611180411,"path_taken":["M","?","?","?","?","E","R","E","T","$","?","PTL","PTL","?","?","?","R","BOSS","M","?","$","M","M","R","$","R","T","?","?","R","?","?","R","BOSS","M","?","?","M"],"items_purchased_type":["Relic","Card","Relic"],"build_version":"2020-12-22","purchased_purges":1,"victory":false,"max_hp_per_floor":[80,80,80,80,80,80,80,80,80,80,80,80,80,80,80,80,80,80,80,80,80,80,80,80,80,80,80,80,80,80,80,80,80,80,80,60,60,60,60,60,60],"card_choices":[{"not_picked":["Shockwave","Wild Strike"],"picked":"Cleave","floor":1},{"not_picked":["Dual Wield","Headbutt"],"picked":"Twin Strike","floor":6},{"not_picked":["Carnage","Ghostly Armor","Clash"],"picked":"SKIP","floor":8},{"not_picked":["ReplayTheSpireMod:Corrosion Curse","ReplayTheSpireMod:Limb From Limb"],"picked":"Run Through","floor":11},{"not_picked":["Juggernaut","Replay:Many Hands"],"picked":"Berserk","floor":18},{"not_picked":["Anger","Shrug It Off"],"picked":"Twin Strike","floor":20},{"not_picked":["Dropkick","Clothesline"],"picked":"ReplayReversal","floor":23},{"not_picked":["Run Through","Perfected Strike"],"picked":"Rampage","floor":24},{"not_picked":["Ghostly Armor","Anger"],"picked":"Battle Trance+1","floor":32},{"not_picked":["Fiend Fire","Impervious"],"picked":"Demon Form","floor":35},{"not_picked":["Headbutt","Anger","Warcry+1"],"picked":"SKIP","floor":37},{"not_picked":["Carnage+1","Dark Embrace+1","Massacre+1"],"picked":"SKIP","floor":39}],"player_experience":208848,"relics_obtained":[{"floor":6,"key":"Paper Frog"},{"floor":8,"key":"Thread and Needle"},{"floor":9,"key":"Torii"},{"floor":15,"key":"Ring of Misfortune"},{"floor":15,"key":"ReplayTheSpireMod:Ring of Exchange"},{"floor":16,"key":"ReplayTheSpireMod:Shallot"},{"floor":28,"key":"Shuriken"}],"event_choices":[{"cards_removed":["Strike_R"],"damage_healed":0,"gold_gain":0,"player_choice":"Card Removal","damage_taken":7,"max_hp_gain":0,"max_hp_loss":0,"event_name":"Golden Wing","floor":2,"gold_loss":0},{"damage_healed":0,"gold_gain":175,"player_choice":"AGREE","damage_taken":0,"max_hp_gain":0,"max_hp_loss":0,"event_name":"Liars Game","floor":3,"gold_loss":0,"cards_obtained":["Doubt"]},{"damage_healed":20,"gold_gain":0,"player_choice":"Healed","damage_taken":0,"max_hp_gain":0,"max_hp_loss":0,"event_name":"The Cleric","floor":4,"gold_loss":35},{"damage_healed":0,"gold_gain":0,"player_choice":"1 cards matched","damage_taken":0,"max_hp_gain":0,"max_hp_loss":0,"event_name":"Match and Keep!","floor":5,"gold_loss":0,"cards_obtained":["Jack Of All Trades"]},{"damage_healed":0,"gold_gain":0,"player_choice":"Success","damage_taken":3,"relics_obtained":["Onion Ring"],"max_hp_gain":0,"max_hp_loss":0,"event_name":"Scrap Ooze","floor":14,"gold_loss":0},{"damage_healed":0,"gold_gain":99,"player_choice":"Stole From Cult","damage_taken":0,"max_hp_gain":0,"max_hp_loss":0,"event_name":"Nest","floor":30,"gold_loss":0},{"damage_healed":0,"gold_gain":0,"player_choice":"Stopped","damage_taken":9,"max_hp_gain":0,"max_hp_loss":0,"event_name":"Cursed Tome","floor":33,"gold_loss":0},{"damage_healed":0,"gold_gain":0,"player_choice":"Upgraded","damage_taken":0,"max_hp_gain":0,"max_hp_loss":0,"event_name":"Upgrade Shrine","floor":38,"gold_loss":0,"cards_upgraded":["Berserk"]}],"is_beta":false,"boss_relics":[{"not_picked":["ReplayTheSpireMod:EnergyBall","Philosopher\u0027s Stone"],"picked":"ClockworkSouvenir"},{"not_picked":["Busted Crown","Sozu"],"picked":"Replay:Grab Bag"},{"not_picked":["Runic Dome","ReplayTheSpireMod:Onyx Gauntlets"],"picked":"Replay:Bronze Core"},{"not_picked":["Velvet Choker","Electric Blood"],"picked":"ReplayTheSpireMod:DimensionalGlitch"},{"not_picked":["Black Blood","SlaversCollar"],"picked":"Replay:Drink Me"}],"items_purged_floors":[10],"is_endless":false,"potions_floor_spawned":[8,11,24,35],"killed_by":"Sphere and 2 Shapes","ascension_level":0}}