{"host":"k8m8rgjz9e2or23k","time":1611130304,"event":{"mods":["Act Like it!","BaseMod","Better Sensory Stone","Hallownest","Minty Spire (QoL Compilation)","Pale of the Ancients","StSLib","The Bug Knight","Waifu the Spire"],"gold_per_floor":[117,117,132,57,57,57,77,92,92,127,30,30,50,66,66,66,66],"floor_reached":16,"language":"ZHS","playtime":714,"items_purged":[],"score":102,"play_id":"62e4f393-a4f5-406c-9765-392acaf7a517","local_time":"20210120161144","is_ascension_mode":false,"campfire_choices":[{"data":"HollowMod:FocusHealStart","floor":6,"key":"SMITH"},{"data":"HollowMod:LordofShades","floor":12,"key":"SMITH"},{"floor":15,"key":"REST"}],"circlet_count":0,"master_deck":["HollowMod:NailStrikeStart","HollowMod:NailStrikeStart","HollowMod:NailStrikeStart","HollowMod:NailStrikeStart","HollowMod:QuickDashStart","HollowMod:QuickDashStart","HollowMod:QuickDashStart","HollowMod:QuickDashStart","HollowMod:FocusHealStart+1","HollowMod:PogoStrike","HollowMod:CoiledNail","HollowMod:PerfectDash","HollowMod:HowlingWraiths","HollowMod:GreatSlash","HollowMod:DescendingDark","HollowMod:LordofShades+1","HollowMod:NewJinnsSoul","HollowMod:AbyssShriek"],"relics":["HollowMod:VesselMask","NeowsBlessing","Hallownest:DreamNailRelic","Hallownest:BankAccountRelic","Calipers"],"acts_visited":["Hallownest:Greenpath"],"potions_floor_usage":[],"damage_taken":[{"damage":0,"enemies":"Hallownest:2_MossCreeps","floor":1,"turns":1},{"damage":0,"enemies":"Hallownest:monsterHuskWarrior","floor":3,"turns":1},{"damage":0,"enemies":"Hallownest:2_Baldur","floor":7,"turns":1},{"damage":31,"enemies":"Hallownest:Guard_and_Warrior","floor":8,"turns":8},{"damage":24,"enemies":"Hallownest:eliteMossKnight","floor":10,"turns":9},{"damage":12,"enemies":"Hallownest:monsterMossCharger","floor":13,"turns":6},{"damage":23,"enemies":"Hallownest:1_Ooma_and_2_Uuma","floor":14,"turns":5},{"damage":55,"enemies":"Hallownest:BossHornet","floor":16,"turns":4}],"seed_played":"-3730955679358745176","potions_obtained":[{"floor":3,"key":"Swift Potion"}],"is_trial":false,"path_per_floor":["M","?","M","?","?","R","M","M","T","E","$","R","M","M","R","B"],"character_chosen":"THE_BUGKNIGHT","items_purchased":["HollowMod:LordofShades"],"campfire_rested":1,"item_purchase_floors":[11],"current_hp_per_floor":[75,75,75,75,84,84,84,59,59,35,35,35,35,18,43,0,0],"gold":66,"neow_bonus":"THREE_ENEMY_KILL","is_daily":false,"chose_seed":false,"campfire_upgraded":2,"win_rate":0.0,"timestamp":1611130304,"path_taken":["M","?","?","?","?","R","?","M","T","E","$","R","M","?","R","BOSS"],"items_purchased_type":["Card"],"build_version":"2020-12-22","purchased_purges":0,"victory":false,"max_hp_per_floor":[75,75,75,75,84,84,84,84,84,84,84,84,84,84,84,84,84],"card_choices":[{"not_picked":["HollowMod:CornifersMapStart","HollowMod:SiblingsSouls"],"picked":"HollowMod:CoiledNail","floor":1},{"not_picked":["HollowMod:BlackTendrils","HollowMod:SoulSplash"],"picked":"HollowMod:PerfectDash","floor":3},{"not_picked":["HollowMod:DashSlash","HollowMod:ChannelNail"],"picked":"HollowMod:HowlingWraiths","floor":7},{"not_picked":["HollowMod:SiblingsShadow","HollowMod:CornifersMapStart"],"picked":"HollowMod:GreatSlash","floor":8},{"not_picked":["HollowMod:InfectedAttack","HollowMod:ChannelNail"],"picked":"HollowMod:DescendingDark","floor":10},{"not_picked":["HollowMod:BaldurShell","HollowMod:DesolateDive"],"picked":"HollowMod:NewJinnsSoul","floor":13},{"not_picked":["HollowMod:VengefulVoid","HollowMod:DescendingDark"],"picked":"HollowMod:AbyssShriek","floor":14}],"player_experience":386398,"relics_obtained":[{"floor":10,"key":"Calipers"}],"event_choices":[],"is_beta":false,"boss_relics":[],"items_purged_floors":[],"is_endless":false,"potions_floor_spawned":[3],"killed_by":"Hallownest:BossHornet","ascension_level":0}}