{"host":"dftyqn972q7tuon4","time":1611106707,"event":{"mods":["AchievementEnabler","BaseMod","Better Altar","Better Match","Better Note","Better Sensory Stone","Better Skull","Better Third Choice","Colored Powertips","Highlight Path","Minty Spire (QoL Compilation)","Permanent Neow","Quick Restart","StSLib"],"gold_per_floor":[114,31,11,86,96,96,131,131,154,172,187,217,105,138,138,238,238,254,268,77,77,77,92,92,118,142,142,153,153,184,196,196,301,301,312,312,220,32,43,90,104,104,104,138,0,11,11,31,31,31,31],"floor_reached":50,"language":"ENG","playtime":2021,"items_purged":["Strike_R"],"score":975,"play_id":"1df935c4-94f3-4327-876e-4289a6ba14f8","local_time":"20210120023827","is_ascension_mode":true,"campfire_choices":[{"data":"Apotheosis","floor":6.0,"key":"SMITH"},{"floor":8.0,"key":"REST"},{"data":"Dramatic Entrance","floor":15.0,"key":"SMITH"},{"data":"Whirlwind","floor":24.0,"key":"SMITH"},{"data":"Shockwave","floor":27.0,"key":"SMITH"},{"data":"Seeing Red","floor":32.0,"key":"SMITH"},{"data":"Offering","floor":42.0,"key":"SMITH"},{"data":"Intimidate","floor":49.0,"key":"SMITH"}],"circlet_count":0,"master_deck":["AscendersBane","Defend_R","Defend_R","Defend_R","Defend_R","Bash","Apotheosis+1","Seeing Red+1","Dramatic Entrance+1","Body Slam","Whirlwind+1","Body Slam","Dropkick","Rage","Spot Weakness","Offering+1","Bloodletting","Shockwave+1","Bite","Bite","Bite","Bite","Bite","J.A.X.","Heavy Blade","Dropkick","Sword Boomerang","Reaper","Flame Barrier","Feed","Warcry+1","Madness","Madness","Flex","True Grit","Flame Barrier","Feed","Body Slam","Intimidate+1"],"relics":["Burning Blood","betterThird:SlimedRelic","Happy Flower","Whetstone","Akabeko","Boot","Runic Pyramid","Brimstone","Paper Frog","Pen Nib","Sundial","Coffee Dripper","Lantern","Juzu Bracelet","Thread and Needle","Potion Belt","InkBottle","Red Mask"],"acts_visited":["Exordium","TheCity","TheBeyond"],"potions_floor_usage":[50,50,50],"damage_taken":[{"damage":0.0,"enemies":"Cultist","floor":1.0,"turns":3.0},{"damage":4.0,"enemies":"2 Louse","floor":5.0,"turns":3.0},{"damage":16.0,"enemies":"Lagavulin","floor":7.0,"turns":5.0},{"damage":4.0,"enemies":"Jaw Worm","floor":10.0,"turns":3.0},{"damage":0.0,"enemies":"3 Louse","floor":11.0,"turns":1.0},{"damage":8.0,"enemies":"Gremlin Nob","floor":12.0,"turns":3.0},{"damage":1.0,"enemies":"3 Sentries","floor":14.0,"turns":2.0},{"damage":50.0,"enemies":"Slime Boss","floor":16.0,"turns":10.0},{"damage":0.0,"enemies":"3 Byrds","floor":18.0,"turns":3.0},{"damage":12.0,"enemies":"Shell Parasite","floor":19.0,"turns":2.0},{"damage":18.0,"enemies":"Centurion and Healer","floor":23.0,"turns":2.0},{"damage":6.0,"enemies":"Gremlin Leader","floor":25.0,"turns":2.0},{"damage":13.0,"enemies":"Snake Plant","floor":28.0,"turns":2.0},{"damage":10.0,"enemies":"Book of Stabbing","floor":30.0,"turns":3.0},{"damage":0.0,"enemies":"Cultist and Chosen","floor":31.0,"turns":3.0},{"damage":45.0,"enemies":"Collector","floor":33.0,"turns":4.0},{"damage":12.0,"enemies":"3 Shapes","floor":35.0,"turns":4.0},{"damage":7.0,"enemies":"Orb Walker","floor":39.0,"turns":3.0},{"damage":72.0,"enemies":"2 Orb Walkers","floor":40.0,"turns":5.0},{"damage":9.0,"enemies":"Writhing Mass","floor":41.0,"turns":2.0},{"damage":10.0,"enemies":"Reptomancer","floor":44.0,"turns":4.0},{"damage":6.0,"enemies":"4 Shapes","floor":46.0,"turns":3.0},{"damage":12.0,"enemies":"Transient","floor":48.0,"turns":5.0},{"damage":34,"enemies":"Awakened One","floor":50,"turns":3}],"seed_played":"4746927809653313842","potions_obtained":[{"floor":7.0,"key":"AttackPotion"},{"floor":10.0,"key":"PowerPotion"},{"floor":14.0,"key":"Dexterity Potion"},{"floor":16.0,"key":"Dexterity Potion"},{"floor":19.0,"key":"HeartOfIron"},{"floor":28.0,"key":"Explosive Potion"},{"floor":33.0,"key":"DistilledChaos"},{"floor":41.0,"key":"SteroidPotion"},{"floor":44.0,"key":"ColorlessPotion"},{"floor":48.0,"key":"LiquidBronze"}],"is_trial":false,"path_per_floor":["M","$","?","?","M","R","E","R","T","M","M","E","$","E","R","B",null,"M","M","$","?","?","M","R","E","T","R","M","?","E","M","R","B",null,"M","?","?","$","M","?","M","R","T","E","?","M","$","M","R","B"],"character_chosen":"IRONCLAD","items_purchased":["Dramatic Entrance","Rage","Shockwave","Brimstone","Juzu Bracelet","Flex"],"campfire_rested":1,"item_purchase_floors":[2,13,20,20,38,38],"current_hp_per_floor":[57,57,46,38,40,40,30,54,54,56,62,60,60,65,65,21,65,71,65,65,56,56,48,48,52,52,52,45,45,45,56,56,56,56,56,49,49,49,53,17,14,14,14,18,18,25,25,39,39,10,10],"gold":31,"neow_bonus":"RANDOM_COLORLESS_2","is_daily":false,"chose_seed":false,"campfire_upgraded":7,"win_rate":0.0,"timestamp":1611106707,"path_taken":["M","$","?","?","M","R","E","R","T","?","M","E","?","E","R","BOSS","M","?","?","?","?","M","R","E","T","R","M","?","E","M","R","BOSS","M","?","?","$","M","?","M","R","T","E","?","M","?","M","R","BOSS"],"items_purchased_type":["Card","Card","Card","Relic","Relic","Card"],"build_version":"2020-12-22","purchased_purges":1,"victory":false,"max_hp_per_floor":[80,80,80,80,80,80,80,80,80,80,80,80,80,80,80,80,80,80,80,80,56,56,56,56,56,56,56,56,56,56,56,56,56,56,56,56,56,56,59,63,63,63,63,63,63,66,66,66,66,69,69],"card_choices":[{"not_picked":["Metamorphosis","Mayhem"],"picked":"Apotheosis","floor":0.0},{"not_picked":["Heavy Blade","Evolve"],"picked":"Seeing Red","floor":1.0},{"not_picked":["Iron Wave","Headbutt"],"picked":"Body Slam","floor":5.0},{"not_picked":["Cleave","Blood for Blood"],"picked":"Whirlwind","floor":7.0},{"not_picked":["Perfected Strike","Sword Boomerang","Cleave"],"picked":"SKIP","floor":10.0},{"not_picked":["Perfected Strike","Exhume"],"picked":"Body Slam","floor":11.0},{"not_picked":["Clothesline","Twin Strike"],"picked":"Dropkick","floor":12.0},{"not_picked":["Searing Blow","Dark Embrace"],"picked":"Spot Weakness","floor":14.0},{"not_picked":["Fiend Fire","Exhume"],"picked":"Offering","floor":16.0},{"not_picked":["Clothesline+1","Power Through","Iron Wave"],"picked":"SKIP","floor":18.0},{"not_picked":["Clash","Iron Wave"],"picked":"Bloodletting","floor":19.0},{"not_picked":["Warcry","Dual Wield"],"picked":"Heavy Blade","floor":23.0},{"not_picked":["Dual Wield","Hemokinesis"],"picked":"Dropkick","floor":25.0},{"not_picked":["Clash","Shockwave"],"picked":"Sword Boomerang","floor":28.0},{"not_picked":["Twin Strike","Clash"],"picked":"Reaper","floor":30.0},{"not_picked":["Anger","Headbutt"],"picked":"Flame Barrier","floor":31.0},{"not_picked":["Brutality","Berserk"],"picked":"Feed","floor":33.0},{"not_picked":["Armaments+1","Sword Boomerang"],"picked":"Warcry+1","floor":35.0},{"not_picked":["Rampage","Sword Boomerang"],"picked":"True Grit","floor":39.0},{"not_picked":["True Grit","Thunderclap"],"picked":"Flame Barrier","floor":40.0},{"not_picked":["Clothesline","Burning Pact"],"picked":"Feed","floor":41.0},{"not_picked":["Wild Strike","Sentinel"],"picked":"Body Slam","floor":44.0},{"not_picked":["Anger+1","Sword Boomerang","Havoc"],"picked":"SKIP","floor":46.0},{"not_picked":["Cleave+1","Sever Soul+1"],"picked":"Intimidate","floor":48.0}],"player_experience":721664,"relics_obtained":[{"floor":7.0,"key":"Happy Flower"},{"floor":9.0,"key":"Whetstone"},{"floor":12.0,"key":"Akabeko"},{"floor":14.0,"key":"Boot"},{"floor":25.0,"key":"Paper Frog"},{"floor":26.0,"key":"Pen Nib"},{"floor":30.0,"key":"Sundial"},{"floor":40.0,"key":"Thread and Needle"},{"floor":43.0,"key":"Potion Belt"},{"floor":44.0,"key":"InkBottle"}],"event_choices":[{"damage_healed":0.0,"max_hp_gain":0.0,"max_hp_loss":0.0,"gold_gain":0.0,"event_name":"betterThird:BetterGoop","player_choice":"Slimed","floor":3.0,"gold_loss":20.0,"damage_taken":11.0},{"damage_healed":0.0,"max_hp_gain":0.0,"max_hp_loss":0.0,"gold_gain":75.0,"event_name":"FaceTrader","player_choice":"Touch","floor":4.0,"gold_loss":0.0,"damage_taken":8.0},{"damage_healed":0.0,"max_hp_gain":0.0,"max_hp_loss":24.0,"gold_gain":0.0,"event_name":"Vampires","player_choice":"Became a vampire","floor":21.0,"gold_loss":0.0,"damage_taken":0.0,"cards_obtained":["Bite","Bite","Bite","Bite","Bite"]},{"damage_healed":0.0,"max_hp_gain":0.0,"max_hp_loss":0.0,"gold_gain":0.0,"event_name":"Drug Dealer","player_choice":"Obtain J.A.X.","floor":22.0,"gold_loss":0.0,"damage_taken":0.0,"cards_obtained":["J.A.X."]},{"damage_healed":0.0,"max_hp_gain":0.0,"max_hp_loss":0.0,"gold_gain":0.0,"event_name":"Ghosts","player_choice":"Ignored","floor":29.0,"gold_loss":0.0,"damage_taken":0.0},{"damage_healed":0.0,"max_hp_gain":0.0,"max_hp_loss":0.0,"gold_gain":0.0,"event_name":"Winding Halls","player_choice":"Embrace Madness","floor":36.0,"gold_loss":0.0,"damage_taken":7.0,"cards_obtained":["Madness","Madness"]},{"damage_healed":0.0,"max_hp_gain":0.0,"max_hp_loss":0.0,"gold_gain":0.0,"event_name":"WeMeetAgain","player_choice":"Paid Gold","floor":37.0,"gold_loss":92.0,"damage_taken":0.0,"relics_obtained":["Lantern"]},{"damage_healed":0.0,"max_hp_gain":0.0,"max_hp_loss":0.0,"gold_gain":0.0,"event_name":"Mysterious Sphere","player_choice":"Fight","floor":40.0,"gold_loss":0.0,"damage_taken":0.0},{"damage_healed":0.0,"max_hp_gain":0.0,"max_hp_loss":0.0,"gold_gain":0.0,"event_name":"Tomb of Lord Red Mask","player_choice":"Paid","floor":45.0,"gold_loss":138.0,"damage_taken":0.0,"relics_obtained":["Red Mask"]}],"is_beta":false,"boss_relics":[{"not_picked":["Ectoplasm","Snecko Eye"],"picked":"Runic Pyramid"},{"not_picked":["Runic Dome","Busted Crown"],"picked":"Coffee Dripper"}],"items_purged_floors":[13],"is_endless":false,"potions_floor_spawned":[7,10,14,16,19,25,28,33,41,44,48],"killed_by":"Awakened One","ascension_level":12}}