{"host":"m4py67fg3gq1tfno","time":1611141644,"event":{"mods":["100% Spire Juice","ATMod(阿瑾Mod)","Act Like it!","Arknights The Spire","BaseMod","Decade(王小明)","Dota2Spire","Gensokyo","GifTheSpireLib","GungeonMod","Hallownest","Highlight Path","Hunter 猎人","KinomotoSakuraMod(木之本樱)","LagranYue(拉格朗・月)","Luminous","Marisa（F雨　魔理沙）","Marked Mod","Minty Spire (QoL Compilation)","Nova Terra(诺娃・泰拉)","Red Circlet Mod","Reimu（博丽灵梦）","Remilia（蕾米莉亚）","Replay The Spire","SIMod","SOS（斯巴达之子）","StSLib","The Administrix","The Bug Knight","The Cursed","The Gatherer","The Hierophant","The Invoker Mod","The Mystic","The Poker Player","The Servant 0.9.4","Waifu the Spire","WarShipGirlsR/战舰少女R mod","Youmu（魂魄妖梦）","Yuyuko","【遗物卡牌】REMEMod"],"gold_per_floor":[118,48,48,242,11,42,55,73,73,73,73,21,21,56,56,153,203,213,213,203,203,203],"floor_reached":21,"language":"ZHS","playtime":4195,"items_purged":[],"score":233,"play_id":"d8d6826f-2b47-40f0-ae88-ad2880f7ebd3","local_time":"20210120192044","is_ascension_mode":false,"campfire_choices":[{"data":"Ghastly Dream","floor":11.0,"key":"SMITH"},{"data":"Chrysalis","floor":15.0,"key":"SMITH"}],"circlet_count":0,"master_deck":["Fantasy Butterflies","Fantasy Butterflies+1","Fantasy Butterflies+1","Dreamy Sakura","Dreamy Sakura+1","Dreamy Sakura+1","Dreamy Sakura","Deathly Ground+1","Faramita\u0027s Temptation","AT_FamilyPortrait","Chrysalis+1","Elegance+1","Steamed Phantom","Monster Cherry Tree","Ghost Lead","Full Inky Sakura","City of Death+1","Shame","Triple Snow+1","Ghost Spot+1"],"relics":["Coronal","Yuyuko\u0027s fan","AT_ATBox","REME_ComplimentaryCards","LagranYue:RandomDrawCardRelic","Dota2Spire:MantaStyle","DemoMod:MeltedRock","Gensokyo:YoukaiFlower","Gensokyo:OccultBall","Toxic Egg 2","Tiny House","Dota2Spire:OctarineCore"],"acts_visited":["Gensokyo:Gensokyo","Gensokyo:Gensokyoer"],"potions_floor_usage":[],"damage_taken":[{"damage":55.0,"enemies":"Gensokyo:Gryphon","floor":1.0,"turns":8.0},{"damage":32.0,"enemies":"Gensokyo:Cirno","floor":6.0,"turns":7.0},{"damage":16.0,"enemies":"Gensokyo:2_Kodama","floor":7.0,"turns":4.0},{"damage":11.0,"enemies":"Gensokyo:Python","floor":8.0,"turns":3.0},{"damage":3.0,"enemies":"Gensokyo:Aya","floor":14.0,"turns":3.0},{"damage":12.0,"enemies":"Gensokyo:Yukari","floor":16.0,"turns":6.0},{"damage":43,"enemies":"Gensokyo:Chomper","floor":18,"turns":6},{"damage":39,"enemies":"Gensokyo:3_Dogs","floor":21,"turns":2}],"seed_played":"-5205162203427538450","potions_obtained":[{"floor":1.0,"key":"Swift Potion"},{"floor":8.0,"key":"Fire Potion"},{"floor":16.0,"key":"Fire Potion"}],"is_trial":false,"path_per_floor":["M","?","?","?","$","E","M","M","T","?","R","COS","?","E","R","B",null,"M","?","?","M"],"character_chosen":"YUYOKO","items_purchased":["Chrysalis","Dota2Spire:HealingSalve"],"campfire_rested":0,"item_purchase_floors":[5,5],"current_hp_per_floor":[28,28,12,1,1,30,36,41,41,41,41,41,41,41,41,38,49,32,32,32,0,0],"gold":203,"neow_bonus":"TEN_PERCENT_HP_BONUS","is_daily":false,"chose_seed":false,"campfire_upgraded":2,"win_rate":0.0,"timestamp":1611141644,"path_taken":["M","?","?","?","?","E","M","?","T","?","R","COS","?","E","R","BOSS","M","?","?","?"],"items_purchased_type":["Card","Potion"],"build_version":"2020-12-22","purchased_purges":0,"victory":false,"max_hp_per_floor":[44,44,44,44,44,44,44,44,44,44,44,44,44,44,44,44,49,49,49,49,49,49],"card_choices":[{"not_picked":["Linger over Flower","Dancing Butterflies"],"picked":"Unpaved Way","floor":1.0},{"not_picked":["Linger over Flower","Gone"],"picked":"Ghastly Dream","floor":4.0},{"not_picked":["Bomb","Gauzy Sakura"],"picked":"Elegance","floor":6.0},{"not_picked":["Full Moon","Gather the Spring"],"picked":"Steamed Phantom","floor":7.0},{"not_picked":["Sweet of Phantom","Unpaved Way"],"picked":"Monster Cherry Tree","floor":8.0},{"not_picked":["Become Phantom","Unknown Petal+1"],"picked":"Ghost Lead","floor":14.0},{"not_picked":["Ghost Lead","Supernatural Nether+1"],"picked":"Full Inky Sakura","floor":16.0},{"not_picked":["Dark Wind+1","End of Faramita+1"],"picked":"City of Death+1","floor":17},{"not_picked":["Final of Final+1","Trap Lamp+1","Redemption of Death"],"picked":"SKIP","floor":18},{"not_picked":[],"picked":"Triple Snow","floor":20},{"not_picked":[],"picked":"Ghost Spot","floor":20}],"player_experience":53825,"relics_obtained":[{"floor":6.0,"key":"Dota2Spire:MantaStyle"},{"floor":9.0,"key":"DemoMod:MeltedRock"},{"floor":14.0,"key":"Toxic Egg 2"},{"floor":16.0,"key":"Gensokyo:OccultBall"}],"event_choices":[],"is_beta":false,"boss_relics":[{"not_picked":["Replay:Bronze Core","Fusion Hammer"],"picked":"Tiny House"}],"items_purged_floors":[],"is_endless":false,"potions_floor_spawned":[1,8,16],"killed_by":"Gensokyo:3_Dogs","ascension_level":0}}