{"host":"flm17o2q7bfjyna6","time":1611179830,"event":{"mods":["2.2 Compatiblity","Act Like it!","BaseMod","Better Altar","Better Match","Better Note","Better Sensory Stone","Better Skull","Better Third Choice","Better Vampires","Colored Map","Colored Powertips","DeckTracker","Fox Events","Hermit","Minty Spire (QoL Compilation)","Quick Restart","Replay The Spire","Reworked Bosses","Spicy Shops","StSLib","Wandering Minibosses"],"gold_per_floor":[110,122,122,122,122,122,11,11,11,42,53,53,53,90,90,191,191,208,208,208,220,220,220,240,240,287,44,44,44],"floor_reached":28,"language":"ENG","playtime":2477,"items_purged":["Pain","Writhe"],"score":321,"play_id":"03205bae-c961-4225-9a06-fe1741d9dc45","local_time":"20210120165710","is_ascension_mode":true,"campfire_choices":[{"data":"Crystallizer","floor":6,"key":"SMITH"},{"data":"Tempest","floor":12,"key":"SMITH"},{"data":"Midas Touch","floor":23,"key":"SMITH"},{"floor":25,"key":"REST"}],"circlet_count":0,"master_deck":["AscendersBane","Defend_B","Defend_B","Zap+1","Dualcast","Crystallizer+1","Glacier","Midas Touch+1","Beam Cell+1","Tempest+1","Sunder+1","Multi-Cast","Parasite","Coolheaded","ReplayTheSpireMod:System Scan","Tempest+1","FTL","Echo Form"],"relics":["Cracked Core","Juzu Bracelet","PreservedInsect","WarpedTongs","Bottled Flame","Solar Panel","Kintsugi","Happy Flower","Oddly Smooth Stone","Prayer Wheel"],"acts_visited":["Exordium","TheCity"],"potions_floor_usage":[],"damage_taken":[{"damage":6,"enemies":"Jaw Worm","floor":1,"turns":4},{"damage":5,"enemies":"2 Louse","floor":2,"turns":2},{"damage":9,"enemies":"Gremlin Nob","floor":10,"turns":3},{"damage":0,"enemies":"Cultist","floor":11,"turns":4},{"damage":3,"enemies":"Blue Slaver","floor":14,"turns":2},{"damage":46,"enemies":"Hexaghost","floor":16,"turns":12},{"damage":20,"enemies":"Shell Parasite","floor":18,"turns":7},{"damage":14,"enemies":"3 Byrds","floor":21,"turns":5},{"damage":30,"enemies":"Centurion and Healer","floor":24,"turns":6},{"damage":34,"enemies":"Book of Stabbing","floor":28,"turns":5}],"seed_played":"-621743994655583230","potions_obtained":[{"floor":16,"key":"FocusPotion"},{"floor":18,"key":"Fire Potion"},{"floor":19,"key":"Fire Potion"}],"is_trial":false,"path_per_floor":["M","M","?","?","?","R","$","?","T","E","M","R","?","M","R_BF","B",null,"M","?","?","M","?","R","M","R","T","$","E"],"character_chosen":"DEFECT","items_purchased":["Beam Cell+1","Oddly Smooth Stone"],"campfire_rested":1,"item_purchase_floors":[7,27],"current_hp_per_floor":[62,57,57,57,57,57,57,50,50,41,47,47,47,48,70,28,63,45,45,45,33,33,33,7,29,29,29,0,0],"gold":44,"neow_bonus":"RANDOM_COMMON_RELIC","is_daily":false,"chose_seed":false,"campfire_upgraded":3,"win_rate":0.0,"timestamp":1611179830,"path_taken":["M","M","?","?","?","R","$","?","T","E","M","R","?","M","R_BF","BOSS","M","?","?","M","?","R","M","R","T","$","E"],"items_purchased_type":["Card","Relic"],"build_version":"2020-12-22","purchased_purges":2,"victory":false,"max_hp_per_floor":[75,75,75,75,75,75,75,75,75,75,75,75,75,75,75,75,75,75,75,75,75,75,75,75,75,75,75,75,75],"card_choices":[{"not_picked":["Stack","Hologram"],"picked":"Crystallizer","floor":1},{"not_picked":["Panic Button","Rebound"],"picked":"Glacier","floor":2},{"not_picked":["Secret Weapon","Magnetism"],"picked":"Midas Touch","floor":3},{"not_picked":["Gash","Panic Button"],"picked":"Tempest","floor":10},{"not_picked":["Leap","Cold Snap"],"picked":"Sunder","floor":11},{"not_picked":["ReplayTheSpireMod:GoodbyeWorld","Sunder","Hologram"],"picked":"SKIP","floor":14},{"not_picked":["Biased Cognition","Reboot"],"picked":"Multi-Cast","floor":16},{"not_picked":["Leap","Panic Button+1"],"picked":"Coolheaded","floor":18},{"not_picked":["Hologram","Leap"],"picked":"ReplayTheSpireMod:System Scan","floor":21},{"not_picked":["Ball Lightning","Turbo+1"],"picked":"FTL","floor":24}],"player_experience":1669889,"relics_obtained":[{"floor":9,"key":"Bottled Flame"},{"floor":10,"key":"Solar Panel"},{"floor":26,"key":"Happy Flower"}],"event_choices":[{"damage_healed":0,"gold_gain":1,"player_choice":"1","damage_taken":0,"max_hp_gain":0,"max_hp_loss":0,"event_name":"betterStone:BetterStone","floor":3,"gold_loss":0},{"damage_healed":0,"gold_gain":0,"player_choice":"Box","damage_taken":0,"relics_obtained":["PreservedInsect"],"max_hp_gain":0,"max_hp_loss":0,"event_name":"Big Fish","floor":4,"gold_loss":0,"cards_obtained":["Regret"]},{"damage_healed":0,"gold_gain":0,"player_choice":"Rummage","damage_taken":0,"relics_obtained":["WarpedTongs"],"max_hp_gain":0,"max_hp_loss":0,"event_name":"Accursed Blacksmith","floor":5,"gold_loss":0,"cards_obtained":["Pain"]},{"cards_removed":["Regret"],"damage_healed":0,"gold_gain":0,"player_choice":"Card Removal","damage_taken":7,"max_hp_gain":0,"max_hp_loss":0,"event_name":"Golden Wing","floor":8,"gold_loss":0},{"damage_healed":0,"gold_gain":0,"player_choice":"Got Potions","damage_taken":0,"max_hp_gain":0,"max_hp_loss":0,"event_name":"Lab","floor":19,"gold_loss":0},{"damage_healed":0,"gold_gain":0,"player_choice":"Upgraded","damage_taken":0,"max_hp_gain":0,"max_hp_loss":0,"event_name":"Upgrade Shrine","floor":20,"gold_loss":0,"cards_upgraded":["Zap"]},{"damage_healed":0,"gold_gain":0,"player_choice":"Copied","damage_taken":0,"max_hp_gain":0,"max_hp_loss":0,"event_name":"Duplicator","floor":22,"gold_loss":0,"cards_obtained":["Tempest"]}],"is_beta":false,"boss_relics":[{"not_picked":["Calling Bell","Runic Pyramid"],"picked":"Kintsugi"}],"items_purged_floors":[7,27],"is_endless":false,"potions_floor_spawned":[16,18],"killed_by":"Book of Stabbing","ascension_level":10}}