{"host":"c3lc60y5x60jlt1y","time":1611167775,"event":{"mods":["AchievementEnabler","BaseMod","Bestiary","Colored Map","Minty Spire (QoL Compilation)","Quick Restart","StSLib","ojb\u0027s Info Mod"],"gold_per_floor":[118,118,118,132,185,224,224,259,259,284,130,130,151,171,171,260,260,276,276,296,321,336,336,371,386,439,439,439],"floor_reached":27,"language":"ENG","playtime":6107,"items_purged":["Strike_B"],"score":487,"play_id":"c58b9dbe-49e1-4ac4-a05f-2cd125c3a358","local_time":"20210120203615","is_ascension_mode":true,"campfire_choices":[{"data":"White Noise","floor":7.0,"key":"SMITH"},{"data":"Defragment","floor":15.0,"key":"SMITH"},{"data":"Zap","floor":23.0,"key":"SMITH"}],"circlet_count":0,"master_deck":["AscendersBane","Strike_B","Strike_B","Defend_B+1","Defend_B","Defend_B","Defend_B","Zap+1","Dualcast","Echo Form+1","Chill","Hologram","White Noise+1","Go for the Eyes+1","Barrage+1","Defragment+1","Rebound+1","All For One+1","Beam Cell+1","Force Field+1","Sunder+1","Steam","Thunder Strike+1","Clumsy"],"relics":["Cracked Core","Golden Idol","FaceOfCleric","Bronze Scales","Akabeko","Molten Egg 2","Mercury Hourglass","Cursed Key","Matryoshka","Ancient Tea Set","Happy Flower"],"acts_visited":["Exordium","TheCity"],"potions_floor_usage":[27],"damage_taken":[{"damage":1.0,"enemies":"Small Slimes","floor":1.0,"turns":3.0},{"damage":2.0,"enemies":"Jaw Worm","floor":4.0,"turns":4.0},{"damage":9.0,"enemies":"Lagavulin","floor":6.0,"turns":8.0},{"damage":7.0,"enemies":"3 Sentries","floor":8.0,"turns":10.0},{"damage":1.0,"enemies":"Cultist","floor":10.0,"turns":3.0},{"damage":4.0,"enemies":"Exordium Thugs","floor":13.0,"turns":4.0},{"damage":3.0,"enemies":"3 Louse","floor":14.0,"turns":2.0},{"damage":0.0,"enemies":"Hexaghost","floor":16.0,"turns":8.0},{"damage":12.0,"enemies":"2 Thieves","floor":18.0,"turns":4.0},{"damage":0.0,"enemies":"3 Byrds","floor":20.0,"turns":4.0},{"damage":13.0,"enemies":"Snecko","floor":21.0,"turns":3.0},{"damage":7.0,"enemies":"Chosen and Byrds","floor":22.0,"turns":3.0},{"damage":18.0,"enemies":"Book of Stabbing","floor":24.0,"turns":5.0},{"damage":0.0,"enemies":"3 Cultists","floor":25.0,"turns":4.0},{"damage":0,"enemies":"Gremlin Leader","floor":27,"turns":2}],"seed_played":"-4072152279963358324","potions_obtained":[{"floor":1.0,"key":"Block Potion"},{"floor":6.0,"key":"Fire Potion"},{"floor":18.0,"key":"Explosive Potion"},{"floor":22.0,"key":"ColorlessPotion"},{"floor":25.0,"key":"AttackPotion"}],"is_trial":false,"path_per_floor":["M","?","?","M","T","E","R","E","T","M","$","?","M","M","R","B",null,"M","?","M","M","M","R","E","M","T","E"],"character_chosen":"DEFECT","items_purchased":["Defragment"],"campfire_rested":0,"item_purchase_floors":[11],"current_hp_per_floor":[49,49,49,48,48,40,40,34,34,34,34,19,16,14,14,15,61,50,50,51,39,33,33,16,17,17,17,17],"gold":439,"neow_bonus":"THREE_RARE_CARDS","is_daily":false,"chose_seed":false,"campfire_upgraded":3,"win_rate":0.0,"timestamp":1611167775,"path_taken":["M","?","?","?","?","E","R","E","T","M","$","?","M","M","R","BOSS","M","?","?","M","M","R","E","?","T","E"],"items_purchased_type":["Card"],"build_version":"2020-12-22","purchased_purges":1,"victory":false,"max_hp_per_floor":[75,69,69,70,70,71,71,72,72,73,73,73,74,75,75,76,76,77,77,78,79,80,80,81,82,82,82,82],"card_choices":[{"not_picked":["Machine Learning","Hyperbeam"],"picked":"Echo Form","floor":0.0},{"not_picked":["Streamline","Hologram"],"picked":"Chill","floor":1.0},{"not_picked":["Sweeping Beam","Redo"],"picked":"Hologram","floor":4.0},{"not_picked":["Rainbow","Hologram"],"picked":"White Noise","floor":6.0},{"not_picked":["Darkness","Ball Lightning+1"],"picked":"Go for the Eyes+1","floor":8.0},{"not_picked":["Storm","Conserve Battery"],"picked":"Barrage+1","floor":10.0},{"not_picked":["Cold Snap+1","Conserve Battery"],"picked":"Rebound+1","floor":13.0},{"not_picked":["Cold Snap+1","Gash+1","Turbo"],"picked":"SKIP","floor":14.0},{"not_picked":["Hyperbeam+1","Echo Form"],"picked":"All For One+1","floor":16.0},{"not_picked":["Blizzard+1","Melter+1"],"picked":"Beam Cell+1","floor":18.0},{"not_picked":["Gash+1","Sweeping Beam+1"],"picked":"Force Field+1","floor":20.0},{"not_picked":["White Noise","Cold Snap+1"],"picked":"Sunder+1","floor":21.0},{"not_picked":["Doom and Gloom+1","Loop"],"picked":"Steam","floor":22.0},{"not_picked":["Consume","Stack","Doom and Gloom+1"],"picked":"SKIP","floor":24.0},{"not_picked":["Tempest","Barrage+1"],"picked":"Thunder Strike+1","floor":25.0}],"player_experience":8202508,"relics_obtained":[{"floor":5.0,"key":"Bronze Scales"},{"floor":6.0,"key":"Akabeko"},{"floor":8.0,"key":"Molten Egg 2"},{"floor":9.0,"key":"Mercury Hourglass"},{"floor":24.0,"key":"Matryoshka"},{"floor":26.0,"key":"Ancient Tea Set"},{"floor":26.0,"key":"Happy Flower"}],"event_choices":[{"damage_healed":0.0,"max_hp_gain":0.0,"max_hp_loss":6.0,"gold_gain":0.0,"event_name":"Golden Idol","player_choice":"Lose Max HP","floor":2.0,"gold_loss":0.0,"damage_taken":0.0,"relics_obtained":["Golden Idol"]},{"damage_healed":0.0,"max_hp_gain":0.0,"max_hp_loss":0.0,"gold_gain":0.0,"event_name":"FaceTrader","player_choice":"Trade","floor":3.0,"gold_loss":0.0,"damage_taken":0.0,"relics_obtained":["FaceOfCleric"]},{"damage_healed":0.0,"max_hp_gain":0.0,"max_hp_loss":0.0,"gold_gain":0.0,"event_name":"Shining Light","player_choice":"Entered Light","floor":12.0,"gold_loss":0.0,"damage_taken":15.0,"cards_upgraded":["Echo Form","Defend_B"]},{"cards_removed":["Strike_B"],"damage_healed":0.0,"max_hp_gain":0.0,"max_hp_loss":0.0,"gold_gain":0.0,"event_name":"Bonfire Elementals","player_choice":"Offered Basic","floor":19.0,"gold_loss":0.0,"damage_taken":0.0}],"is_beta":false,"boss_relics":[{"not_picked":["FrozenCore","Fusion Hammer"],"picked":"Cursed Key"}],"items_purged_floors":[11],"is_endless":false,"potions_floor_spawned":[1,6,18,22,25],"killed_by":"Gremlin Leader","ascension_level":13}}