{"host":"9eojso4kl4lidi9b","time":1611123415,"event":{"mods":["BaseMod","Beaked The Cultist","Better Skull","Colored Map","Colored Powertips","Conspire","Downfall","GifTheSpireLib","Minty Spire (QoL Compilation)","Random Character Button","Small Relic Pack","StSLib","Stuff the Spire","The Blackbeard","The Druid","The Factory","The Necromancer","The Poker Player","The Wild Card","Trackpad","Unceasing Turn Reminder","Yuri Mod"],"gold_per_floor":[100,115,130,145,43,58,58,58,88,88,88,88,103,110,125,225,225,225,240,255,94,194,194,244,244,259,274,304,304,319,52,67,167,167,67,82,97,112,127,127,152,167,17,17,47,62,62,77,92,92],"floor_reached":51,"language":"ENG","playtime":2585,"items_purged":[],"score":980,"play_id":"04887f4a-bd86-4720-8efa-48e4f78c8627","local_time":"20210120001655","daily_mods":["Allstar","Vintage","Terminal"],"is_ascension_mode":false,"campfire_choices":[{"data":"Apotheosis","floor":1,"key":"SMITH"},{"data":"theWildCard:Arsene","floor":18,"key":"SMITH"},{"data":"conspire:Banana","floor":23,"key":"SMITH"},{"data":"yuri:SturdyUniform","floor":25,"key":"SMITH"},{"data":"yuri:Virus","floor":35,"key":"SMITH"}],"circlet_count":0,"master_deck":["yuri:yuriStrike","yuri:yuriStrike","yuri:yuriStrike","yuri:yuriStrike","yuri:yuriStrike+1","yuri:yuriDefend","yuri:yuriDefend","yuri:yuriDefend","yuri:yuriDefend","yuri:yuriDefend","yuri:Oolong","yuri:yuriStab","Secret Technique","Apotheosis+1","Trip","Good Instincts","Swift Strike+1","yuri:UnstableStrike","yuri:NerfBat","yuri:WickedSlash","theWildCard:Arsene+1","yuri:HeavierStrike","PokerPlayerMod:Club2","PokerPlayerMod:Club3","PokerPlayerMod:Club4","PokerPlayerMod:Club5","PokerPlayerMod:Club6","yuri:Spin","yuri:MagneticKnives","yuri:InsanityDefense","yuri:BookRed","yuri:BrokenCode","yuri:yuriStab","yuri:Spin","yuri:DeepBreathing","yuri:NoEscape","conspire:Banana+1","Regret","yuri:SturdyUniform+1","yuri:HoldBack+1","yuri:ThrowBook","yuri:SturdyUniform","conspire:Banana","yuri:TeaSet","yuri:RecklessStrike","yuri:yuriQuickStrike","yuri:Virus+1","expansioncontent:Hexaburn","yuri:RelentlessStrikes","yuri:ArmBrace+1"],"relics":["yuri:yuriKnife","trackpad:SappingStone","StuffTheSpire:HeavyRock","Whetstone","trackpad:CultistFigurine","Blood Vial","Eternal Feather","relicPack:AllForOne","trackpad:AdjectivePendant","StuffTheSpire:RubySignet","Odd Mushroom","trackpad:IceCube","Black Star","Centennial Puzzle","Strawberry","downfall:GremlinSack","trackpad:WritersBlock","Ancient Tea Set","Dream Catcher","StuffTheSpire:Expresso","StuffTheSpire:EmeraldSignet","StuffTheSpire:Experiment12","Bronze Scales","CaptainsWheel","sneckomod:BlankCard","expansioncontent:StudyCardRelic","downfall:HeartBlessingGreen","Mango","Vajra","Darkstone Periapt","Shuriken","StuffTheSpire:GrapeVine","MealTicket","Lantern","Pen Nib","conspire:GiftBox","StuffTheSpire:CocoNut","Orichalcum","StuffTheSpire:Gunfinga"],"acts_visited":["Exordium","TheCity","TheBeyond"],"potions_floor_usage":[5,9,15,15,16,26,30,33,37,39,45,50,50,50],"damage_taken":[{"damage":0,"enemies":"Small Slimes","floor":2,"turns":2},{"damage":0,"enemies":"conspire:RoseBush","floor":3,"turns":2},{"damage":0,"enemies":"2 Louse","floor":4,"turns":2},{"damage":6,"enemies":"downfall:FleeingMerchant","floor":5,"turns":4},{"damage":2,"enemies":"Looter","floor":6,"turns":2},{"damage":8,"enemies":"Lagavulin","floor":9,"turns":3},{"damage":1,"enemies":"2 Fungi Beasts","floor":13,"turns":2},{"damage":2,"enemies":"The Mushroom Lair","floor":14,"turns":3},{"damage":6,"enemies":"Large Slime","floor":15,"turns":4},{"damage":14,"enemies":"Hexaghost","floor":16,"turns":6},{"damage":2,"enemies":"Shell Parasite","floor":19,"turns":3},{"damage":2,"enemies":"conspire:FuzzyDice","floor":20,"turns":4},{"damage":8,"enemies":"downfall:FleeingMerchant","floor":21,"turns":4},{"damage":4,"enemies":"downfall:FleeingMerchant","floor":22,"turns":3},{"damage":5,"enemies":"conspire:HollyBat","floor":26,"turns":8},{"damage":6,"enemies":"Cultist and Chosen","floor":27,"turns":5},{"damage":12,"enemies":"Book of Stabbing","floor":28,"turns":5},{"damage":9,"enemies":"Shelled Parasite and Fungi","floor":30,"turns":4},{"damage":1,"enemies":"downfall:FleeingMerchant","floor":31,"turns":4},{"damage":9,"enemies":"Centurion and Healer","floor":32,"turns":6},{"damage":25,"enemies":"SI_MIRROR_ARCHETYPE","floor":33,"turns":9},{"damage":0,"enemies":"Orb Walker","floor":36,"turns":2},{"damage":1,"enemies":"3 Shapes","floor":37,"turns":3},{"damage":3,"enemies":"3 Darklings","floor":38,"turns":3},{"damage":6,"enemies":"Spire Growth","floor":39,"turns":4},{"damage":9,"enemies":"Maw","floor":42,"turns":5},{"damage":3,"enemies":"Nemesis","floor":45,"turns":7},{"damage":4,"enemies":"4 Shapes","floor":46,"turns":2},{"damage":0,"enemies":"Sphere and 2 Shapes","floor":48,"turns":4},{"damage":3,"enemies":"Spire Growth","floor":49,"turns":3},{"damage":58,"enemies":"IC_BLOCK_ARCHETYPE","floor":50,"turns":9}],"seed_played":"-1760728548950895142","potions_obtained":[{"floor":2,"key":"BlessingOfTheForge"},{"floor":3,"key":"hexamod:SoulburnPotion"},{"floor":4,"key":"Weak Potion"},{"floor":6,"key":"PowerPotion"},{"floor":13,"key":"GamblersBrew"},{"floor":22,"key":"hexamod:SoulburnPotion"},{"floor":27,"key":"BlessingOfTheForge"},{"floor":30,"key":"GamblersBrew"},{"floor":32,"key":"Weak Potion"},{"floor":38,"key":"ColorlessPotion"},{"floor":39,"key":"Block Potion"},{"floor":45,"key":"AttackPotion"},{"floor":48,"key":"Explosive Potion"},{"floor":49,"key":"DuplicationPotion"}],"is_trial":false,"path_per_floor":["R","M","M","M","$","M","T","?","E","?","?","?","M","?","M","B",null,"R","M","M","$","?","R","T","R","M","M","E","?","M","$","M","B",null,"R","M","M","M","M","?","T","M","$","?","E","M","?","M","M","B",null],"character_chosen":"YURI","items_purchased":["yuri:NerfBat","yuri:WickedSlash","yuri:BookRed","yuri:BrokenCode","CaptainsWheel","yuri:SturdyUniform","conspire:Banana","yuri:TeaSet","yuri:RecklessStrike","yuri:yuriQuickStrike","Lantern"],"campfire_rested":0,"item_purchase_floors":[5,5,21,21,31,31,31,31,31,31,43],"current_hp_per_floor":[78,77,76,75,73,73,72,71,67,67,64,64,65,64,59,50,62,61,59,65,58,58,63,62,61,58,56,52,31,30,33,39,32,69,68,83,85,83,82,82,82,84,85,84,84,87,87,88,89,40],"gold":92,"neow_bonus":"","is_daily":true,"chose_seed":false,"campfire_upgraded":5,"win_rate":0.0,"timestamp":1611123415,"path_taken":["R","M","M","M","$","M","T","?","E","?","?","?","M","?","M","BOSS","R","M","M","$","?","R","T","R","M","?","E","?","?","?","M","BOSS","R","M","M","M","M","?","T","M","?","?","E","M","?","?","M","BOSS"],"items_purchased_type":["Card","Card","Card","Card","Relic","Card","Card","Card","Card","Card","Relic"],"build_version":"2020-12-22","purchased_purges":0,"victory":true,"max_hp_per_floor":[78,77,76,75,74,73,72,71,70,69,68,67,66,65,64,63,62,61,60,66,65,64,63,62,61,62,63,64,63,64,65,68,70,69,68,83,85,85,86,85,84,86,85,84,84,90,89,88,89,91],"card_choices":[{"not_picked":["yuri:Spin","yuri:SeeingDouble"],"picked":"yuri:UnstableStrike","floor":5},{"not_picked":["yuri:DebugCard","yuri:Stare"],"picked":"yuri:HeavierStrike","floor":9},{"not_picked":["yuri:Stalk","yuri:GreenTea"],"picked":"yuri:Spin","floor":14},{"not_picked":["yuri:DisableStrike","yuri:RelentlessStrikes"],"picked":"yuri:MagneticKnives","floor":16},{"not_picked":["yuri:GlitchRemove","yuri:DeepBreathing"],"picked":"yuri:InsanityDefense","floor":21},{"not_picked":["yuri:HeavierStrike","yuri:GreenTea"],"picked":"yuri:SturdyUniform","floor":22},{"not_picked":["yuri:ExploitStrike","yuri:Stare"],"picked":"yuri:HoldBack","floor":28},{"not_picked":["yuri:DebugCard+1","yuri:yuriQuickStrike"],"picked":"yuri:ThrowBook","floor":31},{"not_picked":["yuri:NoEscape","yuri:DistillInsanity"],"picked":"yuri:Virus","floor":33},{"not_picked":["expansioncontent:Chronoboost","expansioncontent:LastStand"],"picked":"expansioncontent:Hexaburn","floor":44},{"not_picked":["yuri:ExploitStrike","yuri:JumpScare"],"picked":"yuri:RelentlessStrikes","floor":45},{"not_picked":["yuri:CalmingAura+1","yuri:WickedSlash+1"],"picked":"yuri:ArmBrace+1","floor":45}],"player_experience":1130325,"relics_obtained":[{"floor":2,"key":"trackpad:SappingStone"},{"floor":3,"key":"StuffTheSpire:HeavyRock"},{"floor":4,"key":"Whetstone"},{"floor":6,"key":"trackpad:CultistFigurine"},{"floor":7,"key":"Blood Vial"},{"floor":9,"key":"Eternal Feather"},{"floor":13,"key":"StuffTheSpire:RubySignet"},{"floor":14,"key":"Odd Mushroom"},{"floor":15,"key":"trackpad:IceCube"},{"floor":19,"key":"Centennial Puzzle"},{"floor":20,"key":"Strawberry"},{"floor":22,"key":"downfall:GremlinSack"},{"floor":24,"key":"trackpad:WritersBlock"},{"floor":26,"key":"Ancient Tea Set"},{"floor":27,"key":"Dream Catcher"},{"floor":28,"key":"StuffTheSpire:Expresso"},{"floor":28,"key":"StuffTheSpire:EmeraldSignet"},{"floor":30,"key":"Bronze Scales"},{"floor":32,"key":"sneckomod:BlankCard"},{"floor":36,"key":"Mango"},{"floor":37,"key":"Vajra"},{"floor":38,"key":"Darkstone Periapt"},{"floor":39,"key":"Shuriken"},{"floor":41,"key":"StuffTheSpire:GrapeVine"},{"floor":42,"key":"MealTicket"},{"floor":45,"key":"Pen Nib"},{"floor":45,"key":"conspire:GiftBox"},{"floor":46,"key":"StuffTheSpire:CocoNut"},{"floor":48,"key":"Orichalcum"},{"floor":49,"key":"StuffTheSpire:Gunfinga"}],"event_choices":[{"damage_healed":0,"gold_gain":0,"player_choice":"Success","damage_taken":3,"relics_obtained":["trackpad:AdjectivePendant"],"max_hp_gain":0,"max_hp_loss":0,"event_name":"Scrap Ooze","floor":11,"gold_loss":0},{"damage_healed":0,"gold_gain":0,"player_choice":"Jackpot","damage_taken":0,"max_hp_gain":0,"max_hp_loss":0,"event_name":"PokerPlayerMod:ExordiumClub","floor":12,"gold_loss":0,"cards_obtained":["PokerPlayerMod:Club2","PokerPlayerMod:Club3","PokerPlayerMod:Club4","PokerPlayerMod:Club5","PokerPlayerMod:Club6"]},{"damage_healed":0,"gold_gain":0,"player_choice":"Jackpot","damage_taken":0,"max_hp_gain":0,"max_hp_loss":0,"event_name":"PokerPlayerMod:ExordiumClub","floor":12,"gold_loss":0,"cards_obtained":["PokerPlayerMod:Club2","PokerPlayerMod:Club3","PokerPlayerMod:Club4","PokerPlayerMod:Club5","PokerPlayerMod:Club6"]},{"damage_healed":0,"gold_gain":0,"player_choice":"Jackpot","damage_taken":0,"max_hp_gain":0,"max_hp_loss":0,"event_name":"PokerPlayerMod:ExordiumClub","floor":12,"gold_loss":0,"cards_obtained":["PokerPlayerMod:Club2","PokerPlayerMod:Club3","PokerPlayerMod:Club4","PokerPlayerMod:Club5","PokerPlayerMod:Club6"]},{"damage_healed":0,"gold_gain":0,"player_choice":"Jackpot","damage_taken":0,"max_hp_gain":0,"max_hp_loss":0,"event_name":"PokerPlayerMod:ExordiumClub","floor":12,"gold_loss":0,"cards_obtained":["PokerPlayerMod:Club2","PokerPlayerMod:Club3","PokerPlayerMod:Club4","PokerPlayerMod:Club5","PokerPlayerMod:Club6"]},{"damage_healed":0,"gold_gain":0,"player_choice":"Jackpot","damage_taken":0,"max_hp_gain":0,"max_hp_loss":0,"event_name":"PokerPlayerMod:ExordiumClub","floor":12,"gold_loss":0,"cards_obtained":["PokerPlayerMod:Club2","PokerPlayerMod:Club3","PokerPlayerMod:Club4","PokerPlayerMod:Club5","PokerPlayerMod:Club6"]},{"damage_healed":0,"gold_gain":0,"player_choice":"Fought Mushrooms","damage_taken":0,"max_hp_gain":0,"max_hp_loss":0,"event_name":"Mushrooms","floor":14,"gold_loss":0},{"damage_healed":0,"gold_gain":0,"player_choice":"RE UP ","damage_taken":25,"relics_obtained":["StuffTheSpire:Experiment12"],"max_hp_gain":0,"max_hp_loss":0,"event_name":"betterSkull:BetterSkull","floor":29,"gold_loss":0,"cards_upgraded":["yuri:HoldBack"]}],"is_beta":false,"boss_relics":[{"not_picked":["Coffee Dripper","Sozu"],"picked":"Black Star"},{"not_picked":["StuffTheSpire:Kangaroo","conspire:SlowCooker"],"picked":"expansioncontent:StudyCardRelic"}],"items_purged_floors":[],"is_endless":false,"potions_floor_spawned":[2,3,4,6,13,22,27,30,32,38,39,45,48,49],"ascension_level":0}}