{"host":"reugk9pd1uotrglt","time":1611177266,"event":{"mods":["AchievementEnabler","BaseMod","BetterRewards","Colored Map","Custom Start","DeckTracker","Minty Spire (QoL Compilation)","Permanent Neow","Quick Restart","SuperFastMode"],"gold_per_floor":[114,134,149,168,185,220,220,237,237,263,274,306,40,73,73,146,146,164,176,176,196,196,196,224,250,276,294,329,339,372,406,406,478,478,495,507,68,68,78,113,145,210,222,234,246,284,296,51,51,51,51,51,51,51,79,79],"floor_reached":57,"language":"ENG","playtime":2527,"items_purged":["Strike_R+1","Strike_R+1"],"score":4200,"play_id":"3ec6cb54-7a32-458d-a72e-60513dcea542","local_time":"20210120221426","is_ascension_mode":true,"campfire_choices":[{"data":"Apotheosis","floor":7.0,"key":"SMITH"},{"data":"Inflame","floor":15.0,"key":"SMITH"},{"data":"Inflame","floor":23.0,"key":"SMITH"},{"floor":32,"key":"RECALL"},{"data":"Demon Form","floor":44,"key":"SMITH"},{"data":"Metallicize","floor":49,"key":"SMITH"},{"data":"Berserk","floor":53,"key":"SMITH"}],"circlet_count":0,"master_deck":["AscendersBane","Strike_R+1","Strike_R+1","Defend_R+1","Defend_R+1","Defend_R+1","Defend_R+1","Bash+1","Whirlwind","Impervious","Inflame+1","Apotheosis+1","Shrug It Off","Disarm+1","Shockwave+1","Flame Barrier","Cleave","Barricade","Berserk+1","Flame Barrier","Inflame+1","Battle Trance","Pummel+1","Demon Form+1","Pommel Strike","Feed","Whirlwind+1","Corruption","CurseOfTheBell","Heavy Blade","Metallicize+1","Master of Strategy","Violence","Juggernaut","Shrug It Off+1","Madness","Madness","Madness","Shrug It Off+1"],"relics":["Burning Blood","Chemical X","Letter Opener","White Beast Statue","Dead Branch","Akabeko","Eternal Feather","War Paint","Singing Bowl","Potion Belt","WingedGreaves","HornCleat","Mercury Hourglass","SlaversCollar","Enchiridion","PreservedInsect","Charon\u0027s Ashes","Whetstone","Unceasing Top","Self Forming Clay","Red Mask","Calling Bell","Orichalcum","Ornamental Fan","Thread and Needle","Shuriken","Bottled Flame","MawBank","Bird Faced Urn","Regal Pillow","DollysMirror","Sundial"],"acts_visited":["Exordium","TheCity","TheBeyond","TheEnding"],"potions_floor_usage":[28,36,56,56,56],"damage_taken":[{"damage":0.0,"enemies":"Cultist","floor":1.0,"turns":3.0},{"damage":0.0,"enemies":"Small Slimes","floor":2.0,"turns":1.0},{"damage":8.0,"enemies":"Jaw Worm","floor":3.0,"turns":2.0},{"damage":6.0,"enemies":"Looter","floor":4.0,"turns":3.0},{"damage":0.0,"enemies":"2 Fungi Beasts","floor":5.0,"turns":1.0},{"damage":13.0,"enemies":"Gremlin Nob","floor":6.0,"turns":4.0},{"damage":0.0,"enemies":"Large Slime","floor":8.0,"turns":2.0},{"damage":0.0,"enemies":"Lagavulin","floor":10.0,"turns":5.0},{"damage":0.0,"enemies":"Looter","floor":11.0,"turns":1.0},{"damage":8.0,"enemies":"Gremlin Nob","floor":12.0,"turns":3.0},{"damage":0.0,"enemies":"3 Sentries","floor":14.0,"turns":5.0},{"damage":0.0,"enemies":"Slime Boss","floor":16.0,"turns":5.0},{"damage":6.0,"enemies":"Spheric Guardian","floor":18.0,"turns":3.0},{"damage":15.0,"enemies":"Shell Parasite","floor":19.0,"turns":3.0},{"damage":0.0,"enemies":"Centurion and Healer","floor":21.0,"turns":4.0},{"damage":3,"enemies":"Gremlin Leader","floor":24,"turns":4},{"damage":0,"enemies":"Slavers","floor":25,"turns":1},{"damage":0,"enemies":"Cultist and Chosen","floor":27,"turns":3},{"damage":0,"enemies":"Book of Stabbing","floor":28,"turns":3},{"damage":0,"enemies":"Chosen and Byrds","floor":29,"turns":5},{"damage":0,"enemies":"Slavers","floor":30,"turns":1},{"damage":12,"enemies":"Masked Bandits","floor":31,"turns":2},{"damage":6,"enemies":"Champ","floor":33,"turns":5},{"damage":0,"enemies":"3 Shapes","floor":35,"turns":2},{"damage":0,"enemies":"Orb Walker","floor":36,"turns":2},{"damage":17,"enemies":"Writhing Mass","floor":39,"turns":5},{"damage":0,"enemies":"Giant Head","floor":40,"turns":5},{"damage":0,"enemies":"Nemesis","floor":41,"turns":3},{"damage":0,"enemies":"2 Orb Walkers","floor":42,"turns":2},{"damage":0,"enemies":"Giant Head","floor":46,"turns":4},{"damage":27,"enemies":"Time Eater","floor":50,"turns":8},{"damage":58,"enemies":"Awakened One","floor":51,"turns":6},{"damage":14,"enemies":"Shield and Spear","floor":55,"turns":3},{"damage":41,"enemies":"The Heart","floor":56,"turns":8}],"seed_played":"2049037309263568914","potions_obtained":[{"floor":1.0,"key":"Ancient Potion"},{"floor":2.0,"key":"Strength Potion"},{"floor":3.0,"key":"PowerPotion"},{"floor":4.0,"key":"ColorlessPotion"},{"floor":6.0,"key":"Fruit Juice"},{"floor":8.0,"key":"Dexterity Potion"},{"floor":10.0,"key":"Weak Potion"},{"floor":11.0,"key":"DistilledChaos"},{"floor":12.0,"key":"AttackPotion"},{"floor":14.0,"key":"PowerPotion"},{"floor":16.0,"key":"EssenceOfSteel"},{"floor":18.0,"key":"SteroidPotion"},{"floor":19.0,"key":"SneckoOil"},{"floor":27,"key":"CultistPotion"},{"floor":28,"key":"EssenceOfSteel"},{"floor":36,"key":"SpeedPotion"},{"floor":40,"key":"HeartOfIron"},{"floor":42,"key":"HeartOfIron"},{"floor":46,"key":"FairyPotion"}],"is_trial":false,"path_per_floor":["M","M","M","M","M","E","R","M","T","E","M","E","$","E","R","B",null,"M","M","?","M","?","R","E","E","T","M","E","M","E","?","R","B",null,"M","M","$","?","M","E","E","?","T","R","?","E","?","$","R","B","B",null,"R","$","E","B",null],"character_chosen":"IRONCLAD","items_purchased":["Chemical X","Whirlwind","Impervious","Letter Opener","White Beast Statue","Dead Branch","Inflame","Akabeko","Apotheosis","Eternal Feather","Shrug It Off","Disarm","HornCleat","Shuriken","Metallicize","DollysMirror"],"campfire_rested":0,"item_purchase_floors":[0,0,0,0,0,0,0,0,0,0,0,0,13,37,37,48],"current_hp_per_floor":[27,33,31,31,37,30,42,48,48,61,69,69,69,77,88,88,88,90,81,81,87,66,78,81,87,87,90,90,92,92,86,92,92,92,94,94,94,86,77,85,95,101,101,104,104,106,87,87,106,96,60,95,106,106,101,86],"gold":79,"neow_bonus":"","is_daily":false,"chose_seed":false,"campfire_upgraded":6,"win_rate":0.0,"timestamp":1611177266,"path_taken":["M","M","?","?","M","E","R","?","T","E","M","E","?","E","R","BOSS","M","M","?","M","?","R","E","E","T","M","E","M","E","?","R","BOSS","M","M","$","?","M","E","E","?","T","R","?","E","?","$","R","BOSS","BOSS","R","$","E","BOSS"],"items_purchased_type":["Relic","Card","Card","Relic","Relic","Relic","Card","Relic","Card","Relic","Card","Card","Relic","Relic","Card","Relic"],"build_version":"2020-12-22","purchased_purges":2,"victory":true,"max_hp_per_floor":[75,75,75,75,75,75,75,75,75,82,84,86,86,88,88,88,88,90,90,90,90,90,90,90,90,90,90,90,92,92,92,92,92,92,94,94,94,96,98,100,104,104,104,104,104,106,106,106,106,106,106,106,106,106,109,109],"card_choices":[{"not_picked":["Anger","Thunderclap"],"picked":"Shockwave","floor":1.0},{"not_picked":["Entrench","Headbutt"],"picked":"Flame Barrier","floor":2.0},{"not_picked":["Rage","Havoc","Clash"],"picked":"SKIP","floor":3.0},{"not_picked":["Havoc","Wild Strike","Headbutt"],"picked":"SKIP","floor":4.0},{"not_picked":["Body Slam","Clash"],"picked":"Cleave","floor":5.0},{"not_picked":["Searing Blow","Wild Strike","Flex"],"picked":"SKIP","floor":6.0},{"not_picked":["Searing Blow","Carnage"],"picked":"Barricade","floor":8.0},{"not_picked":["Rampage","True Grit","Second Wind"],"picked":"Singing Bowl","floor":10.0},{"not_picked":["Havoc","Wild Strike","Iron Wave"],"picked":"Singing Bowl","floor":11.0},{"not_picked":["Searing Blow","Cleave","Shrug It Off"],"picked":"Singing Bowl","floor":12.0},{"not_picked":["Heavy Blade","Wild Strike","Headbutt"],"picked":"Singing Bowl","floor":14.0},{"not_picked":["Feed","Immolate"],"picked":"Berserk","floor":16.0},{"not_picked":["Heavy Blade","Sword Boomerang","Body Slam"],"picked":"Singing Bowl","floor":18.0},{"not_picked":["Wild Strike","Armaments"],"picked":"Flame Barrier","floor":19.0},{"not_picked":["Thunderclap","Clash"],"picked":"Inflame","floor":21.0},{"not_picked":["Dual Wield","Flex"],"picked":"Battle Trance","floor":24},{"not_picked":["Battle Trance","Rage"],"picked":"Pummel","floor":25},{"not_picked":["Clothesline","Shockwave"],"picked":"Demon Form","floor":27},{"not_picked":["Flex","Body Slam+1"],"picked":"Pommel Strike","floor":28},{"not_picked":["Spot Weakness","Body Slam","Warcry"],"picked":"Singing Bowl","floor":29},{"not_picked":["Flex","Second Wind"],"picked":"Feed","floor":30},{"not_picked":["Warcry","Cleave"],"picked":"Whirlwind+1","floor":31},{"not_picked":["Impervious","Barricade"],"picked":"Corruption","floor":33},{"not_picked":["Twin Strike","Second Wind","Headbutt+1"],"picked":"Singing Bowl","floor":35},{"not_picked":["Perfected Strike","Shrug It Off"],"picked":"Heavy Blade","floor":36},{"not_picked":["Chrysalis","Swift Strike"],"picked":"Master of Strategy","floor":38},{"not_picked":["HandOfGreed","Trip","Dramatic Entrance"],"picked":"Singing Bowl","floor":38},{"not_picked":["Impatience","Trip"],"picked":"Violence","floor":38},{"not_picked":["Headbutt","Havoc+1","Carnage"],"picked":"Singing Bowl","floor":39},{"not_picked":["Bloodletting","Combust+1","Anger+1"],"picked":"Singing Bowl","floor":40},{"not_picked":["Clash+1","Body Slam+1"],"picked":"Juggernaut","floor":41},{"not_picked":["Cleave","Feel No Pain"],"picked":"Shrug It Off+1","floor":42},{"not_picked":["Twin Strike+1","Power Through","True Grit"],"picked":"Singing Bowl","floor":46},{"not_picked":["Cleave","Twin Strike"],"picked":"Shrug It Off+1","floor":55}],"player_experience":1494567,"relics_obtained":[{"floor":6.0,"key":"War Paint"},{"floor":9.0,"key":"Singing Bowl"},{"floor":10.0,"key":"Potion Belt"},{"floor":12.0,"key":"WingedGreaves"},{"floor":14.0,"key":"Mercury Hourglass"},{"floor":22.0,"key":"Enchiridion"},{"floor":24,"key":"PreservedInsect"},{"floor":25,"key":"Charon\u0027s Ashes"},{"floor":26,"key":"Whetstone"},{"floor":28,"key":"Unceasing Top"},{"floor":30,"key":"Self Forming Clay"},{"floor":31,"key":"Red Mask"},{"floor":34,"key":"Orichalcum"},{"floor":34,"key":"Ornamental Fan"},{"floor":34,"key":"Thread and Needle"},{"floor":40,"key":"Bottled Flame"},{"floor":41,"key":"MawBank"},{"floor":42,"key":"Bird Faced Urn"},{"floor":46,"key":"Regal Pillow"},{"floor":55,"key":"Sundial"}],"event_choices":[{"damage_healed":0.0,"max_hp_gain":0.0,"max_hp_loss":0.0,"gold_gain":0.0,"event_name":"Back to Basics","player_choice":"Simplicity","floor":20.0,"gold_loss":0.0,"damage_taken":0.0,"cards_upgraded":["Strike_R","Strike_R","Strike_R","Strike_R","Strike_R","Defend_R","Defend_R","Defend_R","Defend_R"]},{"damage_healed":0.0,"max_hp_gain":0.0,"max_hp_loss":0.0,"gold_gain":0.0,"event_name":"Cursed Tome","player_choice":"Obtained Book","floor":22.0,"gold_loss":0.0,"damage_taken":21.0},{"damage_healed":0,"gold_gain":0,"player_choice":"Fought Bandits","damage_taken":0,"max_hp_gain":0,"max_hp_loss":0,"event_name":"Masked Bandits","floor":31,"gold_loss":0},{"damage_healed":0,"gold_gain":0,"player_choice":"Memory 3","damage_taken":10,"max_hp_gain":0,"max_hp_loss":0,"event_name":"SensoryStone","floor":38,"gold_loss":0},{"damage_healed":0,"gold_gain":0,"player_choice":"Fight","damage_taken":0,"max_hp_gain":0,"max_hp_loss":0,"event_name":"Mysterious Sphere","floor":42,"gold_loss":0},{"cards_removed":["Strike_R"],"damage_healed":0,"gold_gain":0,"player_choice":"Removed Attack","damage_taken":0,"max_hp_gain":0,"max_hp_loss":0,"event_name":"Falling","floor":45,"gold_loss":0},{"damage_healed":0,"gold_gain":0,"player_choice":"Embrace Madness","damage_taken":19,"max_hp_gain":0,"max_hp_loss":0,"event_name":"Winding Halls","floor":47,"gold_loss":0,"cards_obtained":["Madness","Madness"]}],"is_beta":false,"boss_relics":[{"not_picked":["Velvet Choker","Snecko Eye"],"picked":"SlaversCollar"},{"not_picked":["Pandora\u0027s Box","Tiny House"],"picked":"Calling Bell"}],"items_purged_floors":[37,48],"is_endless":false,"potions_floor_spawned":[1,2,3,4,5,6,8,10,11,12,14,16,18,19,21,24,25,27,28,29,30,31,33,35,36,39,40,41,42,46,55],"ascension_level":20}}