{"host":"Charlie","time":1611123601,"event":{"mods":["100% Spire Juice","Aspiration","BaseMod","Better Match","Better Skull","Better Third Choice","BetterRewards","ChefMod","Colored Map","Colored Powertips","Conspire","Curses Come First","Dota2Spire","Downfall","Ekko","Evolution","Fox Events","Friendly Minions","Halation","Hermit","Hubris","Infinite Spire","Luminous","Melee Mod","Minty Spire (QoL Compilation)","Quick Restart","Rare Cards Sparkle","Relic Stats","Robot Space Explorer","Shade Mod","Spicy Shops","Spire Arcade","StSLib","SuperFastMode","Synergy Search","The Animator","The Blue Laboratory","The Caster","The Cursed","The Dragon Tamer","The Factory","The Gatherer","The Jungle","The Marked","The Necromancer","Unceasing Turn Reminder","vexMod"],"gold_per_floor":[114,130,130,143,158,158,183,183,183,212,212,212,228,247,247,247,247],"floor_reached":16,"language":"ENG","playtime":793,"items_purged":[],"score":112,"play_id":"eea78428-0fa2-462c-b2ad-41eca154c784","local_time":"20210119222001","is_ascension_mode":false,"campfire_choices":[{"data":"caster:MeteorStorm","floor":6,"key":"SMITH"},{"data":"caster:PyroclasticTide","floor":11,"key":"SMITH"},{"floor":15,"key":"REST"}],"circlet_count":0,"master_deck":["caster:Meteor","caster:DivertFocus","caster:LAZER","caster:strike","caster:strike","caster:defend","caster:defend","caster:defend","caster:MeteorStorm+1","caster:Sultry","caster:PyroclasticTide+1","caster:Fira+1","caster:BurnItDown","caster:QuickCast","caster:ManaOverflow"],"relics":["caster:MagicBook","EVO:Axolotl","Dota2Spire:DrumOfEndurance","Blue Candle","hubris:OldNail","conspire:Boomerang"],"acts_visited":["Exordium"],"potions_floor_usage":[7,16],"damage_taken":[{"damage":0,"enemies":"Jaw Worm","floor":1,"turns":3},{"damage":0,"enemies":"Small Slimes","floor":2,"turns":4},{"damage":2,"enemies":"Cultist","floor":4,"turns":4},{"damage":5,"enemies":"3 Louse","floor":5,"turns":3},{"damage":11,"enemies":"3 Sentries","floor":7,"turns":9},{"damage":7,"enemies":"Gremlin Nob","floor":10,"turns":4},{"damage":10,"enemies":"Looter","floor":13,"turns":3},{"damage":4,"enemies":"Gremlin Gang","floor":14,"turns":3},{"damage":27,"enemies":"Slime Boss","floor":16,"turns":3}],"seed_played":"6306851002564431206","potions_obtained":[{"floor":1,"key":"FearPotion"},{"floor":4,"key":"Dota2Spire:Clarity"},{"floor":13,"key":"blueLaboratory:TrueEctoplasm"}],"is_trial":false,"path_per_floor":["M","M","?","M","M","R","E","?","T","E","R","?","M","M","R","B"],"character_chosen":"THE_CASTER","items_purchased":[],"campfire_rested":1,"item_purchase_floors":[],"current_hp_per_floor":[46,46,46,44,39,39,28,28,28,21,21,21,11,7,26,0,0],"gold":247,"neow_bonus":"REMOVE_TWO","is_daily":false,"chose_seed":false,"campfire_upgraded":2,"win_rate":0.0,"timestamp":1611123601,"path_taken":["M","M","?","M","M","R","E","?","T","E","R","?","M","?","R","BOSS"],"items_purchased_type":[],"build_version":"2020-12-18","purchased_purges":0,"victory":false,"max_hp_per_floor":[64,64,64,64,64,64,64,64,64,64,64,64,64,64,64,64,64],"relic_stats":{"counters":[9,36],"Blue Candle":[0],"obtain_stats":[{"Blue Candle":7,"Dota2Spire:DrumOfEndurance":3,"conspire:Boomerang":10,"EVO:Axolotl":0,"caster:MagicBook":0,"hubris:OldNail":9},{"Blue Candle":5,"Dota2Spire:DrumOfEndurance":2,"conspire:Boomerang":6,"EVO:Axolotl":0,"caster:MagicBook":0,"hubris:OldNail":5},{"Blue Candle":23,"Dota2Spire:DrumOfEndurance":7,"conspire:Boomerang":27,"EVO:Axolotl":0,"caster:MagicBook":0,"hubris:OldNail":23}]},"card_choices":[{"not_picked":["caster:Fireball","caster:FlashSpeed"],"picked":"caster:MeteorStorm","floor":1},{"not_picked":["caster:FrigidBeam","caster:MagicWeapon"],"picked":"caster:Sultry","floor":2},{"not_picked":["caster:LAZER","caster:Charge","caster:LightningBolt"],"picked":"SKIP","floor":4},{"not_picked":["caster:FireWall","caster:Unearth","caster:FrigidBeam"],"picked":"SKIP","floor":5},{"not_picked":["caster:FrigidBeam","caster:Fissure"],"picked":"caster:PyroclasticTide","floor":7},{"not_picked":["caster:BookThrow","caster:MagicBarrier"],"picked":"caster:BurnItDown","floor":10},{"not_picked":["caster:WallOfSwords","caster:Charge","caster:FlashSpeed"],"picked":"SKIP","floor":13},{"not_picked":["caster:Charge","caster:Sandstorm"],"picked":"caster:ManaOverflow","floor":14}],"player_experience":487812,"relics_obtained":[{"floor":3,"key":"Dota2Spire:DrumOfEndurance"},{"floor":7,"key":"Blue Candle"},{"floor":9,"key":"hubris:OldNail"},{"floor":10,"key":"conspire:Boomerang"}],"event_choices":[{"damage_healed":0,"gold_gain":0,"cards_transformed":["caster:defend"],"player_choice":"Transformed","damage_taken":0,"max_hp_gain":0,"max_hp_loss":0,"event_name":"Transmorgrifier","floor":12,"gold_loss":0,"cards_obtained":["caster:QuickCast"]}],"is_beta":true,"boss_relics":[],"items_purged_floors":[],"is_endless":false,"potions_floor_spawned":[1,4,13],"killed_by":"Slime Boss","ascension_level":0}}