{"host":"6jrnojxwearbrjzo","time":1611161394,"event":{"mods":["BaseMod","Conspire","Downfall","Highlight Path","Marisa（F雨　魔理沙）","Minty Spire (QoL Compilation)","Quick Restart","Random Character Button","Shop Mod","Spicy Shops","StSLib","The Construct","The Servant 0.9.4","Yuyuko","[功能]功能增强和修复MOD","vexMod"],"gold_per_floor":[110,110,65,78,78,78,78,107,107,107,64,64,107,120,120,222,222,236,236,247,201,126,126,126,126,126,68,80,80,280,294,294,393,393,407,407,358,358,303,303,303,303,374,374,385,485,485,498,498,498],"floor_reached":51,"language":"ZHS","playtime":1363,"items_purged":["Defend_P","Defend_P","Strike_P","Strike_P","Defend_P","Strike_P","Consecrate"],"score":874,"play_id":"5aece107-04ac-4559-a4d5-13ea973c8073","local_time":"20210121004954","is_ascension_mode":true,"campfire_choices":[{"data":"ClearTheMind","floor":6.0,"key":"SMITH"},{"data":"DevaForm","floor":10.0,"key":"SMITH"},{"floor":15.0,"key":"REST"},{"data":"Wallop","floor":23.0,"key":"SMITH"},{"data":"vexMod:StairwayStrike","floor":29.0,"key":"SMITH"},{"data":"Fasting2","floor":32.0,"key":"SMITH"},{"floor":40.0,"key":"REST"},{"floor":42.0,"key":"REST"},{"data":"Vault","floor":44.0,"key":"SMITH"},{"floor":47.0,"key":"REST"},{"data":"Scrawl","floor":49.0,"key":"SMITH"}],"circlet_count":0,"master_deck":["Eruption+1","ClearTheMind+1","DevaForm+1","Indignation","FlurryOfBlows","CutThroughFate","InnerPeace","Wallop+1","Scrawl+1","Crescendo+1","Fasting2+1","vexMod:StairwayStrike+1","Vault+1","Panacea","SandsOfTime","SignatureMove"],"relics":["PureWater"],"acts_visited":["Exordium","TheCity","TheBeyond"],"potions_floor_usage":[50,50,50],"damage_taken":[{"damage":16.0,"enemies":"2 Louse","floor":1.0,"turns":2.0},{"damage":6.0,"enemies":"Cultist","floor":4.0,"turns":3.0},{"damage":0.0,"enemies":"Gremlin Nob","floor":8.0,"turns":1.0},{"damage":49.0,"enemies":"conspire:MimicChest","floor":13.0,"turns":6.0},{"damage":0.0,"enemies":"Small Slimes","floor":14.0,"turns":1.0},{"damage":22.0,"enemies":"The Guardian","floor":16.0,"turns":5.0},{"damage":6.0,"enemies":"Chosen","floor":18.0,"turns":2.0},{"damage":0.0,"enemies":"Spheric Guardian","floor":20.0,"turns":2.0},{"damage":24.0,"enemies":"Snake Plant","floor":28.0,"turns":2.0},{"damage":0.0,"enemies":"Cultist and Chosen","floor":31.0,"turns":1.0},{"damage":16.0,"enemies":"Champ","floor":33.0,"turns":3.0},{"damage":54.0,"enemies":"3 Shapes","floor":35.0,"turns":3.0},{"damage":24.0,"enemies":"Orb Walker","floor":45.0,"turns":3.0},{"damage":0.0,"enemies":"3 Darklings","floor":48.0,"turns":1.0},{"damage":64,"enemies":"Awakened One","floor":50,"turns":6}],"seed_played":"-5579723591408653811","potions_obtained":[{"floor":1.0,"key":"SteroidPotion"},{"floor":4.0,"key":"FearPotion"},{"floor":4.0,"key":"CultistPotion"},{"floor":8.0,"key":"SteroidPotion"},{"floor":18.0,"key":"BottledMiracle"},{"floor":28.0,"key":"StancePotion"},{"floor":31.0,"key":"EntropicBrew"},{"floor":33.0,"key":"FearPotion"},{"floor":35.0,"key":"GamblersBrew"},{"floor":35.0,"key":"Explosive Potion"},{"floor":48.0,"key":"GamblersBrew"}],"is_trial":false,"path_per_floor":["M","?","$","M","?","R","?","E","T","R","$","?","?","M","R","B",null,"M","?","M","$","?","R","?","?","T","$","M","R","?","M","R","B",null,"M","?","$","T","$","R","?","R","T","R","M","?","R","M","R","B",null],"character_chosen":"WATCHER","items_purchased":["DevaForm","CutThroughFate","InnerPeace","Energy Potion","Fasting2","StancePotion","vexMod:StairwayStrike","Ambrosia","Panacea","SandsOfTime","Ambrosia","Energy Potion"],"campfire_rested":4,"item_purchase_floors":[3,11,11,11,21,21,27,27,37,39,39,39],"current_hp_per_floor":[56,56,56,50,55,55,55,55,55,55,55,62,13,13,36,14,77,71,71,71,71,71,71,71,71,71,71,47,47,47,47,47,31,77,31,31,31,31,31,54,47,70,70,70,46,46,69,69,69,5],"gold":498,"neow_bonus":"REMOVE_CARD","is_daily":false,"chose_seed":false,"campfire_upgraded":7,"win_rate":0.0,"timestamp":1611161394,"path_taken":["M","?","$","?","?","R","?","E","T","R","$","?","?","?","R","BOSS","M","?","?","$","?","R","?","?","T","$","?","R","?","?","R","BOSS","M","?","$","?","?","R","?","R","T","R","?","?","R","?","R","BOSS"],"items_purchased_type":["Card","Card","Card","Potion","Card","Potion","Card","Potion","Card","Card","Potion","Potion"],"build_version":"2020-12-22","purchased_purges":7,"victory":true,"max_hp_per_floor":[72,72,72,72,77,77,77,77,77,77,77,77,77,77,77,77,77,77,77,77,77,77,77,77,77,77,77,77,77,77,77,77,77,77,77,77,77,77,77,77,77,77,77,77,77,77,77,77,77,77],"card_choices":[{"not_picked":["CrushJoints","SashWhip"],"picked":"ClearTheMind","floor":1.0},{"not_picked":["Evaluate","EmptyMind"],"picked":"Indignation","floor":4.0},{"not_picked":["WaveOfTheHand","Wireheading","Consecrate"],"picked":"SKIP","floor":8.0},{"not_picked":["WaveOfTheHand","Wireheading"],"picked":"Consecrate","floor":8.0},{"not_picked":["Weave","Collect"],"picked":"Wallop","floor":14.0},{"not_picked":["Brilliance","Devotion"],"picked":"Scrawl","floor":16.0},{"not_picked":["CrushJoints","ClearTheMind","Pray"],"picked":"SKIP","floor":18.0},{"not_picked":["Meditate+1","CrushJoints"],"picked":"Crescendo+1","floor":20.0},{"not_picked":["FollowUp+1","ClearTheMind","CarveReality+1"],"picked":"SKIP","floor":28.0},{"not_picked":["BattleHymn","EmptyBody","Conclude"],"picked":"SKIP","floor":31.0},{"not_picked":["Blasphemy","Establishment"],"picked":"Vault","floor":33.0},{"not_picked":["ClearTheMind+1","FearNoEvil","WheelKick+1"],"picked":"SKIP","floor":35.0},{"not_picked":["WheelKick","FlurryOfBlows+1","Crescendo"],"picked":"SKIP","floor":45.0},{"not_picked":["Perseverance","Protect"],"picked":"SignatureMove","floor":48.0}],"player_experience":93627,"relics_obtained":[],"event_choices":[{"damage_healed":0.0,"max_hp_gain":0.0,"max_hp_loss":0.0,"gold_gain":0.0,"event_name":"Accursed Blacksmith","player_choice":"Forge","floor":2.0,"gold_loss":0.0,"damage_taken":0.0,"cards_upgraded":["Eruption"]},{"damage_healed":0.0,"max_hp_gain":5.0,"max_hp_loss":0.0,"gold_gain":0.0,"event_name":"Big Fish","player_choice":"Donut","floor":5.0,"gold_loss":0.0,"damage_taken":0.0},{"damage_healed":0.0,"max_hp_gain":0.0,"max_hp_loss":0.0,"gold_gain":0.0,"cards_transformed":["Vigilance"],"event_name":"Living Wall","player_choice":"Change","floor":7.0,"gold_loss":0.0,"damage_taken":0.0,"cards_obtained":["FlurryOfBlows"]},{"damage_healed":0.0,"max_hp_gain":0.0,"max_hp_loss":0.0,"gold_gain":0.0,"event_name":"FaceTrader","player_choice":"Leave","floor":19.0,"gold_loss":0.0,"damage_taken":0.0},{"cards_removed":["Strike_P"],"damage_healed":0.0,"max_hp_gain":0.0,"max_hp_loss":0.0,"gold_gain":0.0,"event_name":"Beggar","player_choice":"Gave Gold","floor":22.0,"gold_loss":75.0,"damage_taken":0.0},{"damage_healed":0.0,"max_hp_gain":0.0,"max_hp_loss":0.0,"gold_gain":0.0,"event_name":"conspire:Investor","player_choice":"Leave","floor":24.0,"gold_loss":0.0,"damage_taken":0.0},{"damage_healed":0.0,"max_hp_gain":0.0,"max_hp_loss":0.0,"gold_gain":0.0,"event_name":"The Woman in Blue","player_choice":"Bought 0 Potions","floor":25.0,"gold_loss":0.0,"damage_taken":0.0},{"damage_healed":0.0,"max_hp_gain":0.0,"max_hp_loss":0.0,"gold_gain":250.0,"event_name":"The Joust","player_choice":"Bet on Owner","floor":30.0,"gold_loss":50.0,"damage_taken":0.0},{"damage_healed":0.0,"max_hp_gain":0.0,"max_hp_loss":0.0,"gold_gain":0.0,"event_name":"Match and Keep!","player_choice":"0 cards matched","floor":36.0,"gold_loss":0.0,"damage_taken":0.0,"cards_obtained":[]},{"damage_healed":0.0,"max_hp_gain":0.0,"max_hp_loss":0.0,"gold_gain":0.0,"event_name":"Wheel of Change","player_choice":"Damaged","floor":41.0,"gold_loss":0.0,"damage_taken":7.0},{"damage_healed":0.0,"max_hp_gain":0.0,"max_hp_loss":0.0,"gold_gain":100.0,"event_name":"Golden Shrine","player_choice":"Pray","floor":46.0,"gold_loss":0.0,"damage_taken":0.0}],"is_beta":false,"boss_relics":[{"not_picked":["Empty Cage","vexMod:RockOfEvil","construct:WeddingRing"]},{"not_picked":["conspire:RoyalGoblet","vexMod:TanglingVine","conspire:SlowCooker"]}],"items_purged_floors":[3,3,3,11,11,27,37],"is_endless":false,"potions_floor_spawned":[1,4,4,8,13,14,16,18,18,28,31,33,33,35,35,45,48],"ascension_level":2}}