{"host":"nnt34ungdh9fkcmy","time":1611118527,"event":{"mods":["BaseMod","Downfall","Minty Spire (QoL Compilation)","StSLib","SuperFastMode"],"gold_per_floor":[99,113,127,138,200,100,100,100,118,218,233,244,258,293,304,405,405,305,319,339,339,105,115,115,131,31,65,65,340,340,352,364,460,460,460,470,487,487,499,499,522,532,545,212,197,197,5,17,35,35,35,35],"floor_reached":50,"language":"ENG","playtime":2921,"items_purged":["bronze:BugBarrage+1","bronze:Strike"],"score":622,"play_id":"15b32c1b-23fc-4112-8645-0f2b31807407","local_time":"20210119215527","is_ascension_mode":false,"campfire_choices":[{"floor":1.0,"key":"RECALL"},{"data":"bronze:Constructor","floor":6.0,"key":"SMITH"},{"data":"bronze:BugBarrage","floor":8.0,"key":"SMITH"},{"data":"bronze:MaxOutput","floor":18.0,"key":"SMITH"},{"data":"bronze:MaxOutput","floor":26.0,"key":"SMITH"},{"data":"bronze:Constructor","floor":28.0,"key":"SMITH"},{"data":"bronze:Virus","floor":30.0,"key":"SMITH"},{"data":"bronze:ItsAFeature","floor":35.0,"key":"SMITH"},{"data":"bronze:Branch","floor":40.0,"key":"SMITH"},{"data":"bronze:AlphaBuild","floor":46.0,"key":"SMITH"}],"circlet_count":0,"master_deck":["bronze:Strike","bronze:Strike","bronze:Strike","bronze:Defend","bronze:Defend","bronze:Defend","bronze:Defend","bronze:Replicate","bronze:Goto","bronze:ShipIt","bronze:Branch+1","bronze:Constructor+1","bronze:DelayedGuard","bronze:BurnOut","bronze:MaxOutput+1","bronze:OilSpill","bronze:MaxOutput+1","bronze:Repulsor","bronze:ItsAFeature+1","bronze:Virus+1","bronze:Constructor+1","Regret","bronze:ShipIt","bronze:Shield+1","bronze:OilSpill+1","bronze:OilSpill","bronze:AlphaBuild+1","bronze:Terminator","bronze:BronzeOrb+1"],"relics":["bronze:BronzeCore","Singing Bowl","downfall:HeartBlessingRed","Blue Candle","Bottled Tornado","Runic Pyramid","downfall:HeartBlessingGreen","Pen Nib","downfall:HeartBlessingBlue","Darkstone Periapt","Coffee Dripper","The Courier","Bag of Marbles","Medical Kit","Potion Belt","bronze:CableSpool"],"acts_visited":["Exordium","TheCity","TheBeyond"],"potions_floor_usage":[50,50],"damage_taken":[{"damage":0.0,"enemies":"Small Slimes","floor":2.0,"turns":4.0},{"damage":3.0,"enemies":"2 Louse","floor":3.0,"turns":3.0},{"damage":0.0,"enemies":"Cultist","floor":4.0,"turns":3.0},{"damage":8.0,"enemies":"3 Sentries","floor":5.0,"turns":8.0},{"damage":0.0,"enemies":"Exordium Wildlife","floor":9.0,"turns":2.0},{"damage":7.0,"enemies":"3 Louse","floor":11.0,"turns":4.0},{"damage":1.0,"enemies":"2 Fungi Beasts","floor":12.0,"turns":3.0},{"damage":3.0,"enemies":"Red Slaver","floor":13.0,"turns":3.0},{"damage":19.0,"enemies":"3 Sentries","floor":14.0,"turns":5.0},{"damage":3.0,"enemies":"Large Slime","floor":15.0,"turns":4.0},{"damage":8.0,"enemies":"SI_SHIV_ARCHETYPE","floor":16.0,"turns":7.0},{"damage":0.0,"enemies":"3 Byrds","floor":19.0,"turns":3.0},{"damage":2.0,"enemies":"Sentry and Sphere","floor":20.0,"turns":4.0},{"damage":0.0,"enemies":"downfall:FleeingMerchant","floor":22.0,"turns":4.0},{"damage":11.0,"enemies":"Cultist and Chosen","floor":23.0,"turns":5.0},{"damage":0.0,"enemies":"Snecko","floor":25.0,"turns":2.0},{"damage":0.0,"enemies":"Gremlin Leader","floor":27.0,"turns":5.0},{"damage":24.0,"enemies":"3 Cultists","floor":31.0,"turns":5.0},{"damage":1.0,"enemies":"Centurion and Healer","floor":32.0,"turns":6.0},{"damage":1.0,"enemies":"WA_ARCHETYPE_CALM","floor":33.0,"turns":9.0},{"damage":9.0,"enemies":"3 Darklings","floor":36.0,"turns":4.0},{"damage":8.0,"enemies":"3 Shapes","floor":37.0,"turns":4.0},{"damage":11.0,"enemies":"Transient","floor":39.0,"turns":5.0},{"damage":1.0,"enemies":"Spire Growth","floor":42.0,"turns":3.0},{"damage":17.0,"enemies":"Maw","floor":43.0,"turns":7.0},{"damage":1.0,"enemies":"downfall:FleeingMerchant","floor":45.0,"turns":4.0},{"damage":0.0,"enemies":"downfall:FleeingMerchant","floor":47.0,"turns":1.0},{"damage":1.0,"enemies":"Transient","floor":48.0,"turns":5.0},{"damage":5.0,"enemies":"Sphere and 2 Shapes","floor":49.0,"turns":5.0},{"damage":117,"enemies":"IC_BLOCK_ARCHETYPE","floor":50,"turns":10}],"seed_played":"7675607362230074884","potions_obtained":[{"floor":2.0,"key":"PowerPotion"},{"floor":3.0,"key":"EntropicBrew"},{"floor":12.0,"key":"bronze:CleanCodePotion"},{"floor":14.0,"key":"DuplicationPotion"},{"floor":20.0,"key":"bronze:BuildAFunctionPotion"},{"floor":36.0,"key":"hexamod:SoulburnPotion"},{"floor":48.0,"key":"SmokeBomb"},{"floor":49.0,"key":"BlessingOfTheForge"}],"is_trial":false,"path_per_floor":["R","M","M","M","?","R","T","R","M","?","M","M","M","E","M","B",null,"R","M","M","?","$","M","T","M","R","E","R","?","R","M","M","B",null,"R","M","M","?","M","R","T","M","M","?","$","R","$","M","M","B"],"character_chosen":"THE_AUTOMATON","items_purchased":["Pen Nib","Medical Kit","Potion Belt","bronze:CableSpool"],"campfire_rested":0,"item_purchase_floors":[22,47,47,47],"current_hp_per_floor":[70,70,67,67,59,59,59,59,59,59,52,51,48,29,26,18,70,70,72,72,72,74,65,65,67,77,79,79,85,85,61,60,61,100,100,93,85,85,76,76,76,75,58,117,118,118,118,119,114,0,0,0],"gold":35,"neow_bonus":"ONE_RANDOM_RARE_CARD","is_daily":false,"chose_seed":false,"campfire_upgraded":9,"win_rate":0.0,"timestamp":1611118527,"path_taken":["R","M","M","M","?","R","T","R","M","?","M","M","M","E","M","BOSS","R","M","M","?","$","M","T","M","R","E","R","?","R","M","M","BOSS","R","M","M","?","M","R","T","M","M","?","$","R","?","M","M","BOSS"],"items_purchased_type":["Relic","Relic","Relic","Relic"],"build_version":"2020-12-22","purchased_purges":2,"victory":false,"max_hp_per_floor":[70,70,70,70,70,70,70,70,70,70,70,70,70,70,70,70,70,70,72,74,74,76,78,78,80,90,92,92,98,98,98,98,100,100,100,102,102,102,104,104,104,104,104,117,119,119,119,121,121,121,121,121],"card_choices":[{"not_picked":["bronze:GetLatest","bronze:Backtrace"],"picked":"bronze:Branch","floor":2.0},{"not_picked":["bronze:FineTuning","bronze:BugBarrage"],"picked":"bronze:Constructor","floor":3.0},{"not_picked":["bronze:NullPointer","bronze:BronzeArmor"],"picked":"bronze:BugBarrage","floor":4.0},{"not_picked":["bronze:Return","bronze:Invalidate"],"picked":"bronze:DelayedGuard","floor":5.0},{"not_picked":["bronze:Frontload","bronze:Iterate"],"picked":"bronze:BurnOut","floor":9.0},{"not_picked":["bronze:Separator","bronze:Boost"],"picked":"bronze:MaxOutput","floor":11.0},{"not_picked":["bronze:Invalidate","bronze:DigitalCarnage"],"picked":"bronze:OilSpill","floor":12.0},{"not_picked":["bronze:BitShift","bronze:DelayedSlice"],"picked":"bronze:MaxOutput","floor":13.0},{"not_picked":["bronze:DelayedSlice","bronze:DelayedGuard"],"picked":"bronze:Repulsor","floor":14.0},{"not_picked":["bronze:Branch","bronze:FindAndReplace"],"picked":"bronze:ItsAFeature","floor":15.0},{"not_picked":["bronze:SpaghettiCode","bronze:ShipIt"],"picked":"bronze:Virus","floor":16.0},{"not_picked":["bronze:Frontload+1","bronze:ClassDefault","bronze:Boost"],"picked":"Singing Bowl","floor":19.0},{"not_picked":["bronze:Separator+1","bronze:DarkDash","bronze:BuggyMess"],"picked":"Singing Bowl","floor":20.0},{"not_picked":["bronze:DelayedGuard","bronze:Flail","bronze:CloningBeam+1"],"picked":"Singing Bowl","floor":22.0},{"not_picked":["bronze:Invalidate","bronze:ForLoop+1","bronze:Iterate"],"picked":"Singing Bowl","floor":23.0},{"not_picked":["bronze:BitShift","bronze:CutThrough","bronze:Shell"],"picked":"Singing Bowl","floor":25.0},{"not_picked":["bronze:WhirlingStrike","bronze:FineTuning","bronze:Philosophize"],"picked":"Singing Bowl","floor":27.0},{"not_picked":["bronze:DelayedGuard+1","bronze:CutThrough"],"picked":"bronze:ShipIt","floor":31.0},{"not_picked":["bronze:Repair","bronze:DelayedGuard"],"picked":"bronze:Shield+1","floor":32.0},{"not_picked":["bronze:Assembly","bronze:SpaghettiCode","bronze:RecursiveStrike"],"picked":"Singing Bowl","floor":33.0},{"not_picked":["bronze:Frontload","bronze:BugBarrage+1","bronze:DelayedSlice+1"],"picked":"Singing Bowl","floor":36.0},{"not_picked":["bronze:DelayedGuard+1","bronze:Branch+1"],"picked":"bronze:OilSpill+1","floor":37.0},{"not_picked":["bronze:Turbo+1","bronze:CloningBeam+1","bronze:GetLatest"],"picked":"Singing Bowl","floor":39.0},{"not_picked":["bronze:CloningBeam+1","bronze:ForLoop"],"picked":"bronze:OilSpill","floor":42.0},{"not_picked":["bronze:OilSpill","bronze:Separator+1"],"picked":"bronze:AlphaBuild","floor":43.0},{"not_picked":["bronze:Overheat","bronze:BurnOut","bronze:NullPointer+1"],"picked":"Singing Bowl","floor":45.0},{"not_picked":["bronze:Iterate","bronze:NullPointer"],"picked":"bronze:Terminator","floor":47.0},{"not_picked":["bronze:NullPointer","bronze:DelayedSlice+1","bronze:Boost+1"],"picked":"Singing Bowl","floor":48.0},{"not_picked":["bronze:NullPointer","bronze:Turbo"],"picked":"bronze:BronzeOrb+1","floor":49.0}],"player_experience":223954,"relics_obtained":[{"floor":7.0,"key":"Blue Candle"},{"floor":14.0,"key":"Bottled Tornado"},{"floor":27.0,"key":"Darkstone Periapt"},{"floor":38.0,"key":"The Courier"},{"floor":41.0,"key":"Bag of Marbles"}],"event_choices":[{"damage_healed":0.0,"max_hp_gain":0.0,"max_hp_loss":0.0,"gold_gain":0.0,"event_name":"The Library","player_choice":"Read","floor":21.0,"gold_loss":0.0,"damage_taken":0.0,"cards_obtained":["bronze:Constructor"]}],"is_beta":false,"boss_relics":[{"not_picked":["Astrolabe","Black Star"],"picked":"Runic Pyramid"},{"not_picked":["Empty Cage","SlaversCollar"],"picked":"Coffee Dripper"}],"items_purged_floors":[22,47],"is_endless":false,"potions_floor_spawned":[2,3,12,14,16,20,31,32,33,36,48,49],"killed_by":"IC_BLOCK_ARCHETYPE","ascension_level":0}}