{"host":"neshiy0twyn5josp","time":1611145954,"event":{"mods":["AchievementEnabler","Act Like it!","AlwaysNeverKeys","Aspiration","BaseMod","Better Note","Better Silent Start","Better Third Choice","Challenge The Spire","Colored Powertips","Conspire","Emptier Cage","Energized Spire","GifTheSpireLib","Hubris","Minty Spire (QoL Compilation)","Permanent Neow","Quick Restart","Rare Cards Sparkle","Replay The Spire","Reworked Bosses","Spicy Shops","StS++","StSLib","Stuff the Spire"],"gold_per_floor":[119,119,119,139,139,169,20,47,115,115,115,133,58,84,84,182,182,194,214,229,239,239,269,269,269,296,322,322,322,322,322,357,368,368,479,479,494,503,253,317,333,333,106,106,106,106,140,140,169,224,224,224,224],"floor_reached":52,"language":"ENG","playtime":2314,"items_purged":["Defend_R","Defend_R","Spreading Infection"],"score":696,"play_id":"4fe0a07f-83f2-4961-90d0-587b2aed6e3b","local_time":"20210120043234","is_ascension_mode":true,"campfire_choices":[{"data":"Armaments","floor":10,"key":"SMITH"},{"floor":15,"key":"REST"},{"data":"Reaper","floor":25,"key":"SMITH"},{"data":"Wild Strike","floor":28,"key":"SMITH"},{"floor":34,"key":"REST"},{"floor":42,"key":"RECALL"},{"floor":44,"key":"REST"},{"floor":46,"key":"REST"},{"floor":48,"key":"REST"},{"floor":51,"key":"REST"}],"circlet_count":1,"master_deck":["Strike_R+2","Strike_R+1","Strike_R+1","Strike_R+1","Strike_R+1","Defend_R+1","Defend_R+3","Perfected Strike+1","Armaments+1","Flex+1","Reaper+1","Clothesline+1","Wild Strike+1","Perfected Strike+1","Perfected Strike+1","Double Tap","Fire Breathing+1","Offering","ReplayTheSpireMod:Splinters","Twin Strike+1"],"relics":["StuffTheSpire:RunicConfusion","StSpp:WoodenStick","hubris:Icosahedron","hubris:ChampionShield","aspiration:SeaSaltIceCream","Circlet","conspire:DecoderRing","Ancient Tea Set","hubris:ScarierMask","StuffTheSpire:HeavyRock","CeramicFish","conspire:Dentures","Blood Vial","Fusion Hammer","Ring of Chaos","Ring of Peace","Simple Rune","hubris:MedicalManual","Membership Card","War Paint","Bag of Preparation","Bronze Scales"],"acts_visited":["Exordium","TheCity","TheBeyond"],"potions_floor_usage":[8,16,32,32,35,47,47,49,52,52,52],"damage_taken":[{"damage":0,"enemies":"2 Louse","floor":1,"turns":2},{"damage":2,"enemies":"Jaw Worm","floor":4,"turns":2},{"damage":13,"enemies":"Replay:BlueRogue","floor":6,"turns":5},{"damage":9,"enemies":"Gremlin Nob","floor":8,"turns":3},{"damage":0,"enemies":"Cultist","floor":12,"turns":2},{"damage":13,"enemies":"Lagavulin","floor":14,"turns":4},{"damage":24,"enemies":"Hexaghost","floor":16,"turns":6},{"damage":24,"enemies":"Shell Parasite","floor":18,"turns":5},{"damage":16,"enemies":"conspire:FuzzyDice","floor":19,"turns":2},{"damage":15,"enemies":"Snecko","floor":20,"turns":4},{"damage":7,"enemies":"Chosen and Byrds","floor":21,"turns":3},{"damage":12,"enemies":"Gremlin Leader","floor":23,"turns":5},{"damage":10,"enemies":"Slavers","floor":27,"turns":2},{"damage":15,"enemies":"Book of Stabbing","floor":32,"turns":3},{"damage":7,"enemies":"Snake Plant","floor":33,"turns":3},{"damage":55,"enemies":"bossMod:newChamp","floor":35,"turns":12},{"damage":6,"enemies":"Orb Walker","floor":37,"turns":3},{"damage":0,"enemies":"2 Orb Walkers","floor":40,"turns":2},{"damage":18,"enemies":"3 Darklings","floor":41,"turns":4},{"damage":60,"enemies":"Reptomancer","floor":47,"turns":6},{"damage":61,"enemies":"R_Hoarder","floor":49,"turns":8},{"damage":111,"enemies":"bossMod:newAwakened","floor":52,"turns":12}],"seed_played":"-928066022731081627","potions_obtained":[{"floor":6,"key":"Adrenaline Potion"},{"floor":8,"key":"Ancient Potion"},{"floor":12,"key":"LiquidBronze"},{"floor":20,"key":"Block Potion"},{"floor":21,"key":"StSpp:ScatteredWeakPotion"},{"floor":23,"key":"FearPotion"},{"floor":37,"key":"Regen Potion"},{"floor":41,"key":"Strength Potion"},{"floor":47,"key":"HeartOfIron"},{"floor":49,"key":"PowerPotion"},{"floor":50,"key":"conspire:TimeTravelPotion"}],"is_trial":false,"path_per_floor":["M","?","$","M","?","E","$","E","T","R","?","M","$","E","R","B",null,"M","M","M","M","$","E","?","R","T","E","R","PTL","PTL","?","E","M","R","B",null,"M","?","$","?","M","R","$","R","T","R","E","R","E","?","R","B"],"character_chosen":"IRONCLAD","items_purchased":["StSpp:WoodenStick","hubris:ChampionShield","Simple Rune","Membership Card","War Paint"],"campfire_rested":6,"item_purchase_floors":[3,7,39,43,43],"current_hp_per_floor":[80,80,55,53,53,40,40,31,31,31,31,31,31,18,42,18,80,63,53,38,73,73,76,61,61,61,51,51,51,51,51,36,31,56,8,85,79,79,79,81,67,67,67,85,85,85,35,60,32,32,57,0,0],"gold":224,"neow_bonus":"BOSS_RELIC","is_daily":false,"chose_seed":false,"campfire_upgraded":3,"win_rate":0.0,"timestamp":1611145954,"path_taken":["M","?","?","M","?","E","$","E","T","R","?","?","$","E","R","BOSS","M","?","M","M","$","E","?","R","T","E","R","PTL","PTL","?","E","M","R","BOSS","M","?","$","?","M","R","$","R","T","R","E","R","E","?","R","BOSS"],"items_purchased_type":["Relic","Relic","Relic","Relic","Relic"],"build_version":"2020-12-22","purchased_purges":3,"victory":false,"max_hp_per_floor":[80,80,80,80,80,80,80,80,80,80,80,80,80,80,80,80,80,80,80,80,80,80,80,85,85,85,85,85,85,85,85,85,85,85,85,85,85,85,85,85,85,85,85,85,85,85,85,85,85,85,85,85,85],"card_choices":[{"not_picked":["Iron Wave","Anger"],"picked":"Perfected Strike","floor":1},{"not_picked":["ReplayTheSpireMod:Limb From Limb","Feel No Pain"],"picked":"Armaments","floor":4},{"not_picked":["Abandon","hubris:SharpeningStone"],"picked":"Flex","floor":6},{"not_picked":["Defy Death","Massacre","conspire:Charge"],"picked":"SKIP","floor":8},{"not_picked":["StSpp:TheBiggerTheyAre","Sword Boomerang","Replay:Undeath\u0027s Touch"],"picked":"SKIP","floor":12},{"not_picked":["ReplayReversal","Offering","StSpp:IntoTheAbyss"],"picked":"SKIP","floor":14},{"not_picked":["Bludgeon","Barricade"],"picked":"Reaper","floor":16},{"not_picked":["StuffTheSpire:RockThrow","ReplayReversal"],"picked":"Clothesline+1","floor":18},{"not_picked":["StSpp:TheBiggerTheyAre","Flex+1"],"picked":"Wild Strike","floor":19},{"not_picked":["StSpp:TheBiggerTheyAre","Wild Strike"],"picked":"Perfected Strike+1","floor":20},{"not_picked":["Brutality","StuffTheSpire:Incineration+1","StSpp:Vengeance"],"picked":"SKIP","floor":21},{"not_picked":["StuffTheSpire:RagingBull","Dual Wield+1"],"picked":"Perfected Strike+1","floor":23},{"not_picked":["StSpp:Succumb","Anger+1","StSpp:Vengeance+1"],"picked":"SKIP","floor":27},{"not_picked":["Blood for Blood+1","Flame Barrier","Warcry"],"picked":"SKIP","floor":32},{"not_picked":["Sword Boomerang+1","Rage","Ghostly Armor"],"picked":"SKIP","floor":33},{"not_picked":["StSpp:BladeOfBlood","Replay:Many Hands"],"picked":"Double Tap","floor":35},{"not_picked":["Warcry+1","StuffTheSpire:RagingBull+1","Sword Boomerang+1"],"picked":"SKIP","floor":37},{"not_picked":["Seeing Red+1","Abandon+1"],"picked":"Fire Breathing+1","floor":40},{"not_picked":["Defy Death","Clothesline+1","StuffTheSpire:Incineration"],"picked":"SKIP","floor":41},{"not_picked":["Run Through+1","Anger"],"picked":"Offering","floor":47},{"not_picked":["Barricade","StuffTheSpire:RockThrow+1","Blood for Blood+1"],"picked":"SKIP","floor":49},{"not_picked":["Iron Wave+1","Life Link"],"picked":"Twin Strike+1","floor":50}],"player_experience":302929,"relics_obtained":[{"floor":6,"key":"ReplayTheSpireMod:Spearhead"},{"floor":8,"key":"aspiration:SeaSaltIceCream"},{"floor":9,"key":"conspire:DecoderRing"},{"floor":14,"key":"Ancient Tea Set"},{"floor":23,"key":"StuffTheSpire:HeavyRock"},{"floor":26,"key":"CeramicFish"},{"floor":27,"key":"conspire:Dentures"},{"floor":32,"key":"Blood Vial"},{"floor":38,"key":"Ring of Chaos"},{"floor":38,"key":"Ring of Peace"},{"floor":40,"key":"hubris:MedicalManual"},{"floor":47,"key":"Bag of Preparation"},{"floor":49,"key":"Bronze Scales"}],"event_choices":[{"cards_removed":["Bash"],"damage_healed":0,"gold_gain":0,"player_choice":"Offered Basic","damage_taken":0,"max_hp_gain":0,"max_hp_loss":0,"event_name":"Bonfire Elementals","floor":2,"gold_loss":0},{"damage_healed":0,"gold_gain":0,"player_choice":"Shed Blood","damage_taken":20,"max_hp_gain":5,"max_hp_loss":0,"event_name":"Forgotten Altar","floor":24,"gold_loss":0},{"damage_healed":0,"gold_gain":0,"player_choice":"Simplicity","damage_taken":0,"max_hp_gain":0,"max_hp_loss":2,"event_name":"betterThird:BetterWriting","floor":31,"gold_loss":0},{"damage_healed":0,"gold_gain":0,"player_choice":"Fight","damage_taken":0,"max_hp_gain":0,"max_hp_loss":0,"event_name":"Mysterious Sphere","floor":40,"gold_loss":0}],"is_beta":false,"boss_relics":[{"not_picked":["Electric Blood","hubris:GrandSneckoEye"],"picked":"hubris:ScarierMask"},{"not_picked":["aspiration:WatcherSkillbook","energizedSpire:MagnifyingGlass"],"picked":"Fusion Hammer"}],"items_purged_floors":[3,13,39],"is_endless":false,"potions_floor_spawned":[6,8,12,20,21,23,27,37,41,47,49],"killed_by":"bossMod:newAwakened","ascension_level":4}}