{"host":"sc0o2qwpf9j16a4i","time":1611164697,"event":{"mods":["AchievementEnabler","BaseMod","BetterRewards","Block Reminder","Colored Map","Colored Powertips","Custom Start","Highlight Path","Minty Spire (QoL Compilation)","Relic Stats"],"gold_per_floor":[113,113,113,131,147,160,160,160,160,14,14,49,73,73,73,169,169,184,207,207,225,19,19,19,53,76,112,112,12,12,35,35,126,126,139,139,154,167,181,221,221,221,248,248,248,27,40,40,40],"floor_reached":48,"language":"ENG","playtime":2459,"items_purged":["Strike_G","Eviscerate+1","Cloak And Dagger"],"score":1325,"play_id":"0abd5e40-4fc2-4e4d-bae1-94272e4aced1","local_time":"20210120194457","is_ascension_mode":true,"campfire_choices":[{"data":"Leg Sweep","floor":7,"key":"SMITH"},{"floor":11,"key":"REST"},{"data":"Bouncing Flask","floor":15,"key":"SMITH"},{"data":"Well Laid Plans","floor":23,"key":"SMITH"},{"floor":28,"key":"REST"},{"floor":32,"key":"REST"},{"floor":41,"key":"REST"},{"floor":45,"key":"REST"}],"circlet_count":0,"master_deck":["AscendersBane","Survivor","Neutralize+1","Leg Sweep+1","Flying Knee+1","Poisoned Stab+1","Blur","Bouncing Flask+1","Well Laid Plans","Grand Finale+1","Heel Hook+1","PiercingWail","Well Laid Plans+1","Cloak And Dagger","Bullet Time","Bane+1","Expertise","Acrobatics","Dodge and Roll","Neutralize+1","Wraith Form v2","Outmaneuver+1","Tactician","Deflect","Leg Sweep","Malaise","Blind","Impatience","Trip","Dagger Throw+1","Parasite","Escape Plan"],"relics":["Ring of the Snake","Molten Egg 2","Lee\u0027s Waffle","Golden Idol","The Courier","Mango","Pandora\u0027s Box","Medical Kit","Gambling Chip","Bag of Preparation","White Beast Statue","Empty Cage","Pear","Strange Spoon"],"acts_visited":["Exordium","TheCity","TheBeyond"],"potions_floor_usage":[12,13,25,27,40,44,47],"damage_taken":[{"damage":5,"enemies":"Small Slimes","floor":1,"turns":7},{"damage":1,"enemies":"2 Louse","floor":4,"turns":3},{"damage":0,"enemies":"Cultist","floor":5,"turns":3},{"damage":1,"enemies":"Red Slaver","floor":6,"turns":4},{"damage":2,"enemies":"3 Sentries","floor":12,"turns":7},{"damage":1,"enemies":"3 Louse","floor":13,"turns":3},{"damage":16,"enemies":"The Guardian","floor":16,"turns":11},{"damage":9,"enemies":"Shell Parasite","floor":18,"turns":5},{"damage":8,"enemies":"2 Thieves","floor":19,"turns":3},{"damage":0,"enemies":"Snecko","floor":21,"turns":4},{"damage":4,"enemies":"Gremlin Leader","floor":25,"turns":5},{"damage":25,"enemies":"Book of Stabbing","floor":27,"turns":8},{"damage":13,"enemies":"Cultist and Chosen","floor":31,"turns":7},{"damage":52,"enemies":"Champ","floor":33,"turns":14},{"damage":0,"enemies":"3 Darklings","floor":35,"turns":2},{"damage":2,"enemies":"3 Shapes","floor":37,"turns":9},{"damage":9,"enemies":"Writhing Mass","floor":38,"turns":7},{"damage":23,"enemies":"4 Shapes","floor":39,"turns":3},{"damage":24,"enemies":"Nemesis","floor":40,"turns":10},{"damage":3,"enemies":"Sphere and 2 Shapes","floor":44,"turns":3},{"damage":28,"enemies":"Writhing Mass","floor":47,"turns":10},{"damage":6,"enemies":"Giant Head","floor":48,"turns":3}],"seed_played":"5543578918277935344","potions_obtained":[{"floor":4,"key":"ColorlessPotion"},{"floor":12,"key":"Energy Potion"},{"floor":18,"key":"AttackPotion"},{"floor":25,"key":"Weak Potion"},{"floor":31,"key":"Ancient Potion"},{"floor":40,"key":"SmokeBomb"},{"floor":47,"key":"Explosive Potion"}],"is_trial":false,"path_per_floor":["M","?","?","M","M","M","R","?","T","$","R","E","M","?","R","B",null,"M","M","?","M","$","R","?","E","T","E","R","$","?","M","R","B",null,"M","?","M","M","M","E","R","?","T","M","R","$","M","E"],"character_chosen":"THE_SILENT","items_purchased":["Molten Egg 2","Lee\u0027s Waffle","Leg Sweep","ColorlessPotion","GhostInAJar","Medical Kit","Strange Spoon","AttackPotion","Dagger Throw+1"],"campfire_rested":5,"item_purchase_floors":[0,0,0,0,10,22,46,46,46],"current_hp_per_floor":[68,43,43,42,42,41,41,19,19,19,40,52,51,51,51,35,74,65,57,57,57,57,57,57,53,53,28,54,54,54,41,67,15,69,69,64,62,53,30,16,45,35,35,32,61,61,33,27,27],"gold":40,"neow_bonus":"","is_daily":false,"chose_seed":false,"campfire_upgraded":3,"win_rate":0.0,"timestamp":1611164697,"path_taken":["M","?","?","M","M","M","R","?","T","$","R","E","M","?","R","BOSS","M","M","?","?","?","R","?","E","T","E","R","$","?","M","R","BOSS","M","?","M","?","M","E","R","?","T","M","R","$","M","E"],"items_purchased_type":["Relic","Relic","Card","Potion","Potion","Relic","Relic","Potion","Card"],"build_version":"2020-12-22","purchased_purges":3,"victory":false,"max_hp_per_floor":[73,73,73,73,73,73,73,73,73,73,73,87,87,87,87,87,87,87,87,87,87,87,87,87,87,87,87,87,87,87,87,87,87,87,87,87,87,87,87,97,97,97,97,97,97,97,97,97,97],"relic_stats":{"Strange Spoon":[0],"Lee\u0027s Waffle":32,"counters":[209,1128],"Golden Idol":441,"Gambling Chip":[52],"Pandora\u0027s Box":["Cloak And Dagger","Heel Hook","PiercingWail","Eviscerate","Well Laid Plans","Bouncing Flask","Cloak And Dagger","Bullet Time"],"Bag of Preparation":[60],"Medical Kit":[14],"obtain_stats":[{"TwistedFunnel":0,"Gremlin Horn":12,"CeramicFish":7,"Vajra":6,"Whetstone":13,"Ginger":17,"Bottled Tornado":13,"Boot":20,"Sling":0,"Blood Vial":20,"Strawberry":7,"MealTicket":0,"Philosopher\u0027s Stone":34,"Prayer Wheel":36,"Kunai":26,"Toxic Egg 2":39,"Pear":45,"Happy Flower":26,"Blue Candle":9,"Astrolabe":17,"Velvet Choker":17,"Oddly Smooth Stone":9,"Eternal Feather":28,"Pen Nib":13,"Letter Opener":7,"War Paint":6,"Paper Crane":9,"Akabeko":4,"WarpedTongs":29,"Du-Vu Doll":12,"OrangePellets":20,"SlaversCollar":17,"Shuriken":9,"Bronze Scales":9,"Pandora\u0027s Box":17,"Molten Egg 2":42,"Nloth\u0027s Gift":19,"Regal Pillow":9,"Lantern":7,"Mango":28,"StoneCalendar":0,"Snake Skull":10,"Bag of Preparation":11,"Cursed Key":17,"Ancient Tea Set":9,"Empty Cage":34,"ClockworkSouvenir":0,"Tough Bandages":0,"Matryoshka":30,"Ninja Scroll":14,"Pantograph":4,"Gambling Chip":25,"Tiny Chest":30,"WingedGreaves":7,"Chemical X":11,"InkBottle":17,"Ring of the Snake":0,"Runic Pyramid":34,"Potion Belt":0,"Lee\u0027s Waffle":0,"NeowsBlessing":0,"The Specimen":0,"Golden Idol":13,"Thread and Needle":13,"PreservedInsect":14,"The Courier":27,"Omamori":11,"Frozen Egg 2":7,"Odd Mushroom":11,"MawBank":7,"Medical Kit":0,"White Beast Statue":9,"Mercury Hourglass":10,"Calling Bell":17,"Peace Pipe":36,"Strange Spoon":0,"Busted Crown":34,"Ornamental Fan":28,"Bloody Idol":22,"Orrery":29,"Turnip":9,"Art of War":24,"Bag of Marbles":0,"Bottled Lightning":29,"Membership Card":37,"Toy Ornithopter":24,"FossilizedHelix":37,"TungstenRod":45},{"TwistedFunnel":20,"Gremlin Horn":17,"CeramicFish":163,"Vajra":142,"Whetstone":41,"Ginger":124,"Bottled Tornado":166,"Boot":8,"Sling":13,"Blood Vial":112,"Strawberry":120,"MealTicket":13,"Philosopher\u0027s Stone":94,"Prayer Wheel":154,"Kunai":149,"Toxic Egg 2":66,"Pear":100,"Happy Flower":9,"Blue Candle":15,"Astrolabe":43,"Velvet Choker":6,"Oddly Smooth Stone":55,"Eternal Feather":47,"Pen Nib":77,"Letter Opener":24,"War Paint":15,"Paper Crane":107,"Akabeko":22,"WarpedTongs":10,"Du-Vu Doll":33,"OrangePellets":126,"SlaversCollar":182,"Shuriken":32,"Bronze Scales":25,"Pandora\u0027s Box":58,"Molten Egg 2":67,"Nloth\u0027s Gift":59,"Regal Pillow":39,"Lantern":55,"Mango":10,"StoneCalendar":50,"Snake Skull":108,"Bag of Preparation":5,"Cursed Key":88,"Ancient Tea Set":142,"Empty Cage":201,"ClockworkSouvenir":116,"Tough Bandages":138,"Matryoshka":92,"Ninja Scroll":19,"Pantograph":177,"Gambling Chip":198,"Tiny Chest":11,"WingedGreaves":4,"Chemical X":56,"InkBottle":124,"Ring of the Snake":0,"Runic Pyramid":64,"Potion Belt":159,"Lee\u0027s Waffle":50,"NeowsBlessing":0,"The Specimen":102,"Golden Idol":5,"Thread and Needle":122,"PreservedInsect":87,"The Courier":129,"Omamori":32,"Frozen Egg 2":106,"Odd Mushroom":165,"MawBank":38,"Medical Kit":102,"White Beast Statue":85,"Mercury Hourglass":85,"Calling Bell":124,"Peace Pipe":133,"Strange Spoon":102,"Busted Crown":152,"Ornamental Fan":150,"Bloody Idol":8,"Orrery":62,"Turnip":4,"Art of War":128,"Bag of Marbles":138,"Bottled Lightning":48,"Membership Card":133,"Toy Ornithopter":9,"FossilizedHelix":155,"TungstenRod":157},{"TwistedFunnel":130,"Gremlin Horn":111,"CeramicFish":853,"Vajra":761,"Whetstone":225,"Ginger":650,"Bottled Tornado":869,"Boot":40,"Sling":86,"Blood Vial":588,"Strawberry":629,"MealTicket":86,"Philosopher\u0027s Stone":494,"Prayer Wheel":813,"Kunai":796,"Toxic Egg 2":368,"Pear":533,"Happy Flower":47,"Blue Candle":97,"Astrolabe":239,"Velvet Choker":28,"Oddly Smooth Stone":307,"Eternal Feather":267,"Pen Nib":405,"Letter Opener":149,"War Paint":97,"Paper Crane":559,"Akabeko":142,"WarpedTongs":53,"Du-Vu Doll":204,"OrangePellets":662,"SlaversCollar":969,"Shuriken":199,"Bronze Scales":153,"Pandora\u0027s Box":325,"Molten Egg 2":374,"Nloth\u0027s Gift":328,"Regal Pillow":220,"Lantern":307,"Mango":53,"StoneCalendar":284,"Snake Skull":565,"Bag of Preparation":18,"Cursed Key":455,"Ancient Tea Set":761,"Empty Cage":1081,"ClockworkSouvenir":613,"Tough Bandages":749,"Matryoshka":475,"Ninja Scroll":121,"Pantograph":941,"Gambling Chip":1052,"Tiny Chest":62,"WingedGreaves":11,"Chemical X":310,"InkBottle":650,"Ring of the Snake":0,"Runic Pyramid":361,"Potion Belt":836,"Lee\u0027s Waffle":284,"NeowsBlessing":0,"The Specimen":541,"Golden Idol":18,"Thread and Needle":637,"PreservedInsect":448,"The Courier":680,"Omamori":199,"Frozen Egg 2":554,"Odd Mushroom":861,"MawBank":218,"Medical Kit":541,"White Beast Statue":438,"Mercury Hourglass":438,"Calling Bell":650,"Peace Pipe":711,"Strange Spoon":541,"Busted Crown":808,"Ornamental Fan":799,"Bloody Idol":40,"Orrery":343,"Turnip":11,"Art of War":676,"Bag of Marbles":749,"Bottled Lightning":273,"Membership Card":711,"Toy Ornithopter":47,"FossilizedHelix":818,"TungstenRod":826}],"Ring of the Snake":[282]},"card_choices":[{"not_picked":["Tactician","PiercingWail"],"picked":"Flying Knee+1","floor":1},{"not_picked":["Deflect","Prepared"],"picked":"Poisoned Stab+1","floor":4},{"not_picked":["Setup","Cloak And Dagger"],"picked":"Dagger Spray+1","floor":5},{"not_picked":["Quick Slash+1","Prepared"],"picked":"Blur","floor":6},{"not_picked":["Infinite Blades","Blur"],"picked":"Bouncing Flask","floor":12},{"not_picked":["Dagger Throw+1","Reflex"],"picked":"Well Laid Plans","floor":13},{"not_picked":["A Thousand Cuts","Tools of the Trade"],"picked":"Grand Finale+1","floor":16},{"not_picked":["Well Laid Plans","Outmaneuver","Cloak And Dagger"],"picked":"SKIP","floor":18},{"not_picked":["Expertise","Tactician"],"picked":"Bane+1","floor":19},{"not_picked":["Underhanded Strike+1","Dagger Spray+1"],"picked":"Expertise","floor":21},{"not_picked":["Endless Agony+1","Poisoned Stab+1"],"picked":"Dodge and Roll","floor":25},{"not_picked":["Flechettes+1","Expertise","Well Laid Plans"],"picked":"SKIP","floor":27},{"not_picked":["Setup","Cloak And Dagger","Caltrops"],"picked":"SKIP","floor":31},{"not_picked":["Corpse Explosion","Doppelganger"],"picked":"Wraith Form v2","floor":33},{"not_picked":["Sucker Punch+1","All Out Attack+1"],"picked":"Outmaneuver+1","floor":35},{"not_picked":["Outmaneuver","Finisher+1"],"picked":"Tactician","floor":37},{"not_picked":["Bouncing Flask","Blade Dance"],"picked":"Deflect","floor":38},{"not_picked":["Finisher+1","Deflect"],"picked":"Leg Sweep","floor":39},{"not_picked":["Dagger Spray+1","Footwork"],"picked":"Malaise","floor":40},{"not_picked":["Chrysalis","Transmutation"],"picked":"Blind","floor":42},{"not_picked":["Jack Of All Trades","Blind"],"picked":"Impatience","floor":42},{"not_picked":["The Bomb","Violence"],"picked":"Trip","floor":42},{"not_picked":["Sucker Punch+1","Eviscerate+1"],"picked":"Escape Plan","floor":47}],"player_experience":798791,"relics_obtained":[{"floor":9,"key":"The Courier"},{"floor":12,"key":"Mango"},{"floor":25,"key":"Gambling Chip"},{"floor":26,"key":"Bag of Preparation"},{"floor":27,"key":"White Beast Statue"},{"floor":40,"key":"Pear"}],"event_choices":[{"damage_healed":0,"gold_gain":0,"player_choice":"Take Damage","damage_taken":25,"relics_obtained":["Golden Idol"],"max_hp_gain":0,"max_hp_loss":0,"event_name":"Golden Idol","floor":2,"gold_loss":0},{"damage_healed":0,"gold_gain":0,"player_choice":"Ignored","damage_taken":0,"max_hp_gain":0,"max_hp_loss":0,"event_name":"Liars Game","floor":3,"gold_loss":0},{"damage_healed":0,"gold_gain":0,"player_choice":"Entered Light","damage_taken":22,"max_hp_gain":0,"max_hp_loss":0,"event_name":"Shining Light","floor":8,"gold_loss":0,"cards_upgraded":["Neutralize","Strike_G"]},{"cards_removed":["Strike_G"],"damage_healed":0,"gold_gain":0,"player_choice":"Purged","damage_taken":0,"max_hp_gain":0,"max_hp_loss":0,"event_name":"Purifier","floor":14,"gold_loss":0},{"damage_healed":0,"gold_gain":0,"player_choice":"Got Potions","damage_taken":0,"max_hp_gain":0,"max_hp_loss":0,"event_name":"Lab","floor":20,"gold_loss":0},{"damage_healed":0,"gold_gain":0,"player_choice":"Read","damage_taken":0,"max_hp_gain":0,"max_hp_loss":0,"event_name":"The Library","floor":24,"gold_loss":0,"cards_obtained":["Acrobatics"]},{"damage_healed":0,"gold_gain":0,"player_choice":"1 cards matched","damage_taken":0,"max_hp_gain":0,"max_hp_loss":0,"event_name":"Match and Keep!","floor":30,"gold_loss":0,"cards_obtained":["Neutralize"]},{"damage_healed":0,"gold_gain":0,"player_choice":"Bought 0 Potions","damage_taken":0,"max_hp_gain":0,"max_hp_loss":0,"event_name":"The Woman in Blue","floor":36,"gold_loss":0},{"damage_healed":0,"gold_gain":0,"player_choice":"Memory 3","damage_taken":10,"max_hp_gain":0,"max_hp_loss":0,"event_name":"SensoryStone","floor":42,"gold_loss":0}],"is_beta":false,"boss_relics":[{"not_picked":["HoveringKite","Black Star"],"picked":"Pandora\u0027s Box"},{"not_picked":["Ring of the Serpent","WristBlade"],"picked":"Empty Cage"}],"items_purged_floors":[10,22,29],"is_endless":false,"potions_floor_spawned":[4,6,12,18,25,31,33,35,37,38,39,40,44,47],"killed_by":"Giant Head","ascension_level":20}}