{"host":"skr63qsdfgeey3it","time":1611171977,"event":{"mods":["BaseMod","Colored Map","Hubris","Minty Spire (QoL Compilation)","Replay The Spire","Spicy Shops","StSLib"],"gold_per_floor":[113,124,50,70,88,115,115,148,148,148,148,176,176,176,176,176,176],"floor_reached":16,"language":"ENG","playtime":603,"items_purged":["Overencumbered"],"score":189,"play_id":"500863f6-885d-468f-9edf-1f1748ebea0b","local_time":"20210120134617","is_ascension_mode":true,"campfire_choices":[{"data":"Die Die Die","floor":7,"key":"SMITH"},{"floor":11,"key":"REST"}],"circlet_count":0,"master_deck":["AscendersBane","Strike_G","Strike_G","Strike_G","Strike_G","Strike_G","Defend_G","Defend_G","Defend_G","Defend_G","Defend_G","Survivor","Neutralize","Choke+1","Distraction","Predator+1","ReplayTheSpireMod:Private Reserves","Toxin Wave","Die Die Die+1","Blade Dance+1","Hidden Blade"],"relics":["Ring of the Snake","NeowsBlessing","ReplayTheSpireMod:CursedCoin","Orichalcum","Pen Nib","hubris:SlimyHat","hubris:BottledRain","hubris:Icosahedron"],"acts_visited":["Exordium"],"potions_floor_usage":[6,6,12],"damage_taken":[{"damage":0,"enemies":"Cultist","floor":1,"turns":1},{"damage":0,"enemies":"Jaw Worm","floor":2,"turns":1},{"damage":0,"enemies":"2 Louse","floor":4,"turns":1},{"damage":12,"enemies":"Large Slime","floor":5,"turns":4},{"damage":15,"enemies":"Lagavulin","floor":6,"turns":3},{"damage":34,"enemies":"3 Sentries","floor":8,"turns":7},{"damage":7,"enemies":"Gremlin Nob","floor":12,"turns":3},{"damage":38,"enemies":"Hexaghost","floor":16,"turns":9}],"seed_played":"8752511697422124745","potions_obtained":[{"floor":2,"key":"SteroidPotion"},{"floor":5,"key":"SteroidPotion"},{"floor":8,"key":"ColorlessPotion"}],"is_trial":false,"path_per_floor":["M","M","$","M","M","E","R","E","T","?","R","E","?","?","R_BF","B"],"character_chosen":"THE_SILENT","items_purchased":["ReplayTheSpireMod:CursedCoin","Predator+1","ReplayTheSpireMod:Private Reserves"],"campfire_rested":1,"item_purchase_floors":[3,3,3],"current_hp_per_floor":[63,63,63,63,51,36,36,2,2,2,23,16,16,16,37,0,0],"gold":176,"neow_bonus":"THREE_ENEMY_KILL","is_daily":false,"chose_seed":false,"campfire_upgraded":1,"win_rate":0.0,"timestamp":1611171977,"path_taken":["M","M","$","?","M","E","R","E","T","?","R","E","?","?","R_BF","BOSS"],"items_purchased_type":["Relic","Card","Card"],"build_version":"2020-12-22","purchased_purges":1,"victory":false,"max_hp_per_floor":[70,70,70,70,70,70,70,70,70,70,70,70,70,70,70,70,70],"card_choices":[{"not_picked":["Hidden Blade","Prepared"],"picked":"Choke","floor":1},{"not_picked":["PiercingWail","Deflect"],"picked":"Distraction","floor":2},{"not_picked":["Backflip","Bane"],"picked":"Toxin Wave","floor":4},{"not_picked":["Slice","Deadly Poison","Caltrops"],"picked":"SKIP","floor":5},{"not_picked":["Accuracy","Noxious Fumes"],"picked":"Die Die Die","floor":6},{"not_picked":["Backflip","ReplayTheSpireMod:Shiv Toss"],"picked":"Blade Dance","floor":8},{"not_picked":["Dagger Throw","Slice"],"picked":"Hidden Blade","floor":12}],"player_experience":777528,"relics_obtained":[{"floor":6,"key":"Orichalcum"},{"floor":8,"key":"Pen Nib"},{"floor":9,"key":"hubris:SlimyHat"},{"floor":12,"key":"hubris:BottledRain"}],"event_choices":[{"damage_healed":0,"gold_gain":0,"player_choice":"Ignored","damage_taken":0,"max_hp_gain":0,"max_hp_loss":0,"event_name":"Shining Light","floor":10,"gold_loss":0},{"damage_healed":0,"gold_gain":0,"player_choice":"Grow","damage_taken":0,"max_hp_gain":0,"max_hp_loss":0,"event_name":"Living Wall","floor":14,"gold_loss":0,"cards_upgraded":["Choke"]}],"is_beta":false,"boss_relics":[],"items_purged_floors":[3],"is_endless":false,"potions_floor_spawned":[2,5,8],"killed_by":"Hexaghost","ascension_level":12}}