{"host":"ufl0k2so27eic2iy","time":1611157212,"event":{"mods":["BaseMod","Downfall","Minty Spire (QoL Compilation)","StSLib","The Animator"],"gold_per_floor":[99,116,130,145,145,30,30,15,41,41,26,26,39,55,65,65,65,65],"floor_reached":16,"language":"ENG","playtime":732,"items_purged":["bronze:Strike"],"score":127,"play_id":"6cb0220c-6065-4fe3-978f-8d75bf2d36b1","local_time":"20210120154012","is_ascension_mode":false,"campfire_choices":[{"data":"bronze:Replicate","floor":1,"key":"SMITH"},{"data":"bronze:CloningBeam","floor":12,"key":"SMITH"}],"circlet_count":0,"master_deck":["bronze:Strike+1","bronze:Strike","bronze:Strike","bronze:Defend","bronze:Defend","bronze:Defend","bronze:Defend","bronze:Replicate+1","bronze:Goto","bronze:DelayedGuard","bronze:Flail+1","bronze:Deprecate+1","bronze:CloningBeam+1","bronze:DelayedSlice","bronze:ClassDefault","bronze:ForLoop","bronze:DelayedSlice","bronze:FineTuning"],"relics":["bronze:BronzeCore","Whetstone","Pocketwatch","downfall:BrokenWingStatue"],"acts_visited":["Exordium"],"potions_floor_usage":[],"damage_taken":[{"damage":5,"enemies":"Small Slimes","floor":2,"turns":4},{"damage":1,"enemies":"Cultist","floor":3,"turns":4},{"damage":6,"enemies":"Jaw Worm","floor":4,"turns":4},{"damage":5,"enemies":"downfall:FleeingMerchant","floor":6,"turns":4},{"damage":0,"enemies":"downfall:FleeingMerchant","floor":8,"turns":4},{"damage":0,"enemies":"Lagavulin","floor":9,"turns":7},{"damage":5,"enemies":"downfall:FleeingMerchant","floor":11,"turns":4},{"damage":9,"enemies":"Large Slime","floor":13,"turns":6},{"damage":5,"enemies":"Exordium Thugs","floor":14,"turns":3},{"damage":0,"enemies":"3 Louse","floor":15,"turns":2},{"damage":17,"enemies":"SI_SHIV_ARCHETYPE","floor":16,"turns":4}],"seed_played":"3038575625078873969","potions_obtained":[{"floor":4,"key":"Fire Potion"},{"floor":13,"key":"Ancient Potion"},{"floor":14,"key":"Fire Potion"}],"is_trial":false,"path_per_floor":["R","M","M","M","?","$","T","$","E","?","$","R","M","M","M","B"],"character_chosen":"THE_AUTOMATON","items_purchased":["bronze:DelayedSlice"],"campfire_rested":0,"item_purchase_floors":[6],"current_hp_per_floor":[77,72,71,65,65,60,60,60,60,60,55,55,46,41,41,24,24,24],"gold":65,"neow_bonus":"TEN_PERCENT_HP_BONUS","is_daily":false,"chose_seed":false,"campfire_upgraded":2,"win_rate":0.0,"timestamp":1611157212,"path_taken":["R","M","M","M","?","?","T","?","E","?","$","R","?","M","M","BOSS"],"items_purchased_type":["Card"],"build_version":"2020-12-22","purchased_purges":1,"victory":false,"max_hp_per_floor":[77,77,77,77,77,77,77,77,77,77,77,77,77,77,77,77,77,77],"card_choices":[{"not_picked":["bronze:BuggyMess","bronze:Allocate"],"picked":"bronze:DelayedGuard","floor":2},{"not_picked":["bronze:FineTuning","bronze:Fortify"],"picked":"bronze:Flail","floor":3},{"not_picked":["bronze:WildBeam","bronze:ClassDefault"],"picked":"bronze:Deprecate","floor":4},{"not_picked":["bronze:Deprecate","bronze:BitShift"],"picked":"bronze:CloningBeam","floor":6},{"not_picked":["bronze:Shield","bronze:BugBarrage"],"picked":"bronze:ClassDefault","floor":8},{"not_picked":["bronze:WhirlingStrike","bronze:ShipIt"],"picked":"bronze:ForLoop","floor":9},{"not_picked":["bronze:Branch","bronze:Frontload"],"picked":"bronze:DelayedSlice","floor":11},{"not_picked":["bronze:BuggyMess","bronze:Invalidate"],"picked":"bronze:FineTuning","floor":13},{"not_picked":["bronze:BitShift","bronze:Invalidate","bronze:Iterate"],"picked":"SKIP","floor":14},{"not_picked":["bronze:WildBeam","bronze:FineTuning","bronze:Invalidate"],"picked":"SKIP","floor":15}],"player_experience":2742036,"relics_obtained":[{"floor":7,"key":"Whetstone"},{"floor":9,"key":"Pocketwatch"}],"event_choices":[],"is_beta":false,"boss_relics":[],"items_purged_floors":[6],"is_endless":false,"potions_floor_spawned":[4,13,14,15],"killed_by":"SI_SHIV_ARCHETYPE","ascension_level":0}}