{"host":"vzugls1u57eppbds","time":1611169231,"event":{"mods":["AchievementEnabler","BaseMod","Better Third Choice","Minty Spire (QoL Compilation)","Relic Stats","Shop Mod","StSLib","The IronCluck"],"gold_per_floor":[215,215,215,27,43,43,71,103,141,153,182,194,194],"floor_reached":12,"language":"ENG","playtime":314,"items_purged":[],"score":113,"play_id":"959467c0-ec81-4153-8cb0-90ace9401a25","local_time":"20210120200031","is_ascension_mode":true,"campfire_choices":[{"data":"Entrench","floor":6,"key":"SMITH"}],"circlet_count":0,"master_deck":["Strike_R","Strike_R","Strike_R","Strike_R","Defend_R","Defend_R","Defend_R","Defend_R","Bash","Hemokinesis","Chrysalis","Entrench+1","Perfected Strike","Pommel Strike"],"relics":["Burning Blood","MawBank","Potion Belt"],"acts_visited":["Exordium"],"potions_floor_usage":[12,12],"damage_taken":[{"damage":11,"enemies":"Jaw Worm","floor":1,"turns":4},{"damage":3,"enemies":"Cultist","floor":5,"turns":4},{"damage":48,"enemies":"Lagavulin","floor":7,"turns":13},{"damage":1,"enemies":"2 Louse","floor":8,"turns":3},{"damage":25,"enemies":"Lots of Slimes","floor":11,"turns":6},{"damage":34,"enemies":"Gremlin Nob","floor":12,"turns":3}],"seed_played":"-7800972756898736563","potions_obtained":[{"floor":8,"key":"Swift Potion"},{"floor":11,"key":"SkillPotion"}],"is_trial":false,"path_per_floor":["M","?","?","$","M","R","E","M","T","$","M","E"],"character_chosen":"IRONCLAD","items_purchased":["Chrysalis"],"campfire_rested":0,"item_purchase_floors":[4],"current_hp_per_floor":[67,72,72,72,75,75,33,38,38,38,19,0,0],"gold":194,"neow_bonus":"HUNDRED_GOLD","is_daily":false,"chose_seed":false,"campfire_upgraded":1,"win_rate":0.0,"timestamp":1611169231,"path_taken":["M","?","?","$","?","R","E","?","T","$","M","E"],"items_purchased_type":["Card"],"build_version":"2020-12-22","purchased_purges":0,"victory":false,"max_hp_per_floor":[80,85,85,85,85,85,85,85,85,85,85,85,85],"relic_stats":{"counters":[6,33],"MawBank":60,"obtain_stats":[{"Potion Belt":9,"MawBank":7,"Burning Blood":0},{"Potion Belt":4,"MawBank":3,"Burning Blood":0},{"Potion Belt":24,"MawBank":21,"Burning Blood":0}],"Burning Blood":30},"card_choices":[{"not_picked":["Havoc","Headbutt"],"picked":"Hemokinesis","floor":1},{"not_picked":["Twin Strike","Feel No Pain"],"picked":"Entrench","floor":5},{"not_picked":["Body Slam","Heavy Blade"],"picked":"Perfected Strike","floor":7},{"not_picked":["Wild Strike","Warcry","Dual Wield"],"picked":"SKIP","floor":8},{"not_picked":["Clash","Wild Strike"],"picked":"Pommel Strike","floor":11}],"player_experience":235224,"relics_obtained":[{"floor":7,"key":"MawBank"},{"floor":9,"key":"Potion Belt"}],"event_choices":[{"damage_healed":0,"gold_gain":0,"player_choice":"Donut","damage_taken":0,"max_hp_gain":5,"max_hp_loss":0,"event_name":"Big Fish","floor":2,"gold_loss":0},{"cards_removed":["Strike_R"],"damage_healed":0,"gold_gain":0,"player_choice":"Purged","damage_taken":0,"max_hp_gain":0,"max_hp_loss":0,"event_name":"Purifier","floor":3,"gold_loss":0}],"is_beta":false,"boss_relics":[],"items_purged_floors":[],"is_endless":false,"potions_floor_spawned":[8,11],"killed_by":"Gremlin Nob","ascension_level":9}}