{"host":"gjfulft9y42c2y2c","time":1611146758,"event":{"mods":["BaseMod","Colored Map","DeckTracker","Keyboard Shortcuts","Minty Spire (QoL Compilation)","Permanent Neow","StSLib","SuperFastMode","everything is the same but u backflip on backflip"],"gold_per_floor":[116,132,132,147,157,157,192,209,260,106,156,167,192,202,202,275,275,288,4,17,35,54,54,86,86,86,103,103,113,113,131,131,204,204,219,231,231,131,147,147,182,182,229,262,262,278,15,45,45,45,45,45,45,1,33,33],"floor_reached":57,"language":"KOR","playtime":3008,"items_purged":["Strike_R","Strike_R"],"score":3052,"play_id":"db1193ef-b93a-427f-a553-12199b3ce15e","local_time":"20210120214558","is_ascension_mode":true,"campfire_choices":[{"floor":6.0,"key":"REST"},{"data":"Uppercut","floor":15.0,"key":"SMITH"},{"data":"Evolve","floor":23.0,"key":"SMITH"},{"data":"Fire Breathing","floor":25.0,"key":"SMITH"},{"floor":30.0,"key":"RECALL"},{"data":"Second Wind","floor":32.0,"key":"SMITH"},{"data":"Fiend Fire","floor":40.0,"key":"SMITH"},{"data":"Inflame","floor":42.0,"key":"SMITH"},{"data":"Body Slam","floor":49.0,"key":"SMITH"},{"floor":53.0,"key":"REST"}],"circlet_count":0,"master_deck":["AscendersBane","Strike_R","Strike_R","Defend_R","Defend_R+1","Defend_R","Defend_R","Bash","Corruption+1","Inflame+1","Shrug It Off","Evolve+1","Second Wind+1","Wild Strike","Rage+1","Fire Breathing+1","Shrug It Off","Immolate","Uppercut+1","Impervious+1","Armaments+1","Fiend Fire+1","Shockwave+1","Burning Pact+1","Body Slam+1","Dark Embrace","Demon Form"],"relics":["Burning Blood","Dead Branch","Strawberry","Ancient Tea Set","Singing Bowl","Sozu","Toxic Egg 2","War Paint","Question Card","Shuriken","Toy Ornithopter","Letter Opener","Bag of Preparation","Bottled Lightning"],"acts_visited":["TheCity","TheBeyond","TheEnding"],"potions_floor_usage":[56],"damage_taken":[{"damage":0.0,"enemies":"Jaw Worm","floor":1.0,"turns":3.0},{"damage":7.0,"enemies":"Cultist","floor":2.0,"turns":4.0},{"damage":22.0,"enemies":"2 Louse","floor":4.0,"turns":3.0},{"damage":3.0,"enemies":"2 Fungi Beasts","floor":5.0,"turns":5.0},{"damage":12.0,"enemies":"3 Sentries","floor":7.0,"turns":5.0},{"damage":8.0,"enemies":"Exordium Thugs","floor":8.0,"turns":6.0},{"damage":11.0,"enemies":"Looter","floor":12.0,"turns":2.0},{"damage":2.0,"enemies":"Lagavulin","floor":13.0,"turns":5.0},{"damage":7.0,"enemies":"Large Slime","floor":14.0,"turns":5.0},{"damage":5.0,"enemies":"The Guardian","floor":16.0,"turns":5.0},{"damage":22.0,"enemies":"Spheric Guardian","floor":18.0,"turns":5.0},{"damage":0.0,"enemies":"3 Byrds","floor":20.0,"turns":5.0},{"damage":6.0,"enemies":"Snake Plant","floor":21.0,"turns":3.0},{"damage":8.0,"enemies":"Snecko","floor":22.0,"turns":4.0},{"damage":3.0,"enemies":"Slavers","floor":24.0,"turns":3.0},{"damage":0.0,"enemies":"Sentry and Sphere","floor":27.0,"turns":2.0},{"damage":1.0,"enemies":"Centurion and Healer","floor":29.0,"turns":5.0},{"damage":0.0,"enemies":"Snecko","floor":31.0,"turns":3.0},{"damage":20.0,"enemies":"Champ","floor":33.0,"turns":8.0},{"damage":0.0,"enemies":"3 Darklings","floor":35.0,"turns":3.0},{"damage":3.0,"enemies":"Orb Walker","floor":36.0,"turns":2.0},{"damage":37.0,"enemies":"Spire Growth","floor":39.0,"turns":4.0},{"damage":3.0,"enemies":"Giant Head","floor":41.0,"turns":5.0},{"damage":0.0,"enemies":"Nemesis","floor":44.0,"turns":5.0},{"damage":0.0,"enemies":"Maw","floor":46.0,"turns":4.0},{"damage":27.0,"enemies":"Reptomancer","floor":48.0,"turns":4.0},{"damage":3.0,"enemies":"Donu and Deca","floor":50.0,"turns":3.0},{"damage":45.0,"enemies":"Awakened One","floor":51.0,"turns":7.0},{"damage":25.0,"enemies":"Shield and Spear","floor":55.0,"turns":5.0},{"damage":73,"enemies":"The Heart","floor":56,"turns":8}],"seed_played":"517864824530060835","potions_obtained":[{"floor":4.0,"key":"EntropicBrew"},{"floor":5.0,"key":"Strength Potion"},{"floor":7.0,"key":"Explosive Potion"},{"floor":12.0,"key":"ElixirPotion"}],"is_trial":false,"path_per_floor":["M","M","?","M","M","R","E","M","T","$","?","M","E","M","R","B",null,"M","$","M","M","M","R","E","R","T","M","?","M","R","M","R","B",null,"M","M","?","$","M","R","E","R","T","E","?","M","$","E","R","B","B",null,"R","$","E","B",null],"character_chosen":"IRONCLAD","items_purchased":["Fire Breathing","Toxic Egg 2","Letter Opener","Dark Embrace"],"campfire_rested":2,"item_purchase_floors":[10,19,47,54],"current_hp_per_floor":[56,55,32,16,19,41,42,40,40,40,40,35,39,38,38,39,71,57,57,63,65,65,65,70,70,70,78,78,85,85,93,93,79,92,96,98,98,98,67,67,72,72,72,80,80,86,86,67,67,70,31,86,104,104,85,23],"gold":33,"neow_bonus":"THREE_RARE_CARDS","is_daily":false,"chose_seed":false,"campfire_upgraded":7,"win_rate":0.0,"timestamp":1611146758,"path_taken":["M","M","?","M","M","R","E","M","T","$","?","?","E","M","R","BOSS","M","$","M","M","M","R","E","R","T","M","?","M","R","M","R","BOSS","M","M","?","$","M","R","E","R","T","E","?","M","$","E","R","BOSS","BOSS","R","$","E","BOSS"],"items_purchased_type":["Card","Relic","Relic","Card"],"build_version":"2020-12-22","purchased_purges":2,"victory":true,"max_hp_per_floor":[75,75,75,75,75,75,82,82,82,82,82,82,82,82,82,82,82,84,84,84,86,88,88,90,90,90,92,92,94,94,96,96,96,96,96,98,98,98,98,98,100,100,100,102,102,102,102,104,104,104,104,104,104,104,104,104],"card_choices":[{"not_picked":["Impervious","Feed"],"picked":"Corruption","floor":0.0},{"not_picked":["Clothesline","Carnage"],"picked":"Inflame","floor":1.0},{"not_picked":["Clash","Wild Strike"],"picked":"Shrug It Off","floor":2.0},{"not_picked":["Heavy Blade","Rage"],"picked":"Evolve","floor":4.0},{"not_picked":["Carnage","Uppercut"],"picked":"Second Wind","floor":5.0},{"not_picked":["Heavy Blade","Spot Weakness"],"picked":"Wild Strike","floor":7.0},{"not_picked":["Rampage","Uppercut"],"picked":"Rage","floor":8.0},{"not_picked":["Clash","Iron Wave"],"picked":"Shrug It Off","floor":12.0},{"not_picked":["Thunderclap","Headbutt"],"picked":"Immolate","floor":13.0},{"not_picked":["Metallicize","Clothesline"],"picked":"Uppercut","floor":14.0},{"not_picked":["Immolate","Limit Break"],"picked":"Impervious","floor":16.0},{"not_picked":["Blood for Blood","Armaments","Heavy Blade"],"picked":"Singing Bowl","floor":18.0},{"not_picked":["Warcry+1","Flex+1"],"picked":"Armaments+1","floor":20.0},{"not_picked":["Flex+1","Twin Strike","Cleave+1"],"picked":"Singing Bowl","floor":21.0},{"not_picked":["Twin Strike","Anger","Sever Soul"],"picked":"Singing Bowl","floor":22.0},{"not_picked":["Corruption","Pummel","Perfected Strike"],"picked":"Singing Bowl","floor":24.0},{"not_picked":["Uppercut","Metallicize","True Grit+1","Headbutt"],"picked":"Singing Bowl","floor":27.0},{"not_picked":["Rampage+1","Clothesline","Wild Strike+1","Warcry+1"],"picked":"Singing Bowl","floor":29.0},{"not_picked":["Warcry+1","Immolate","Perfected Strike","Clash"],"picked":"Singing Bowl","floor":31.0},{"not_picked":["Limit Break+1","Reaper","Bludgeon"],"picked":"Fiend Fire","floor":33.0},{"not_picked":["Reckless Charge","True Grit+1","Sword Boomerang"],"picked":"Shockwave+1","floor":35.0},{"not_picked":["Clothesline","Ghostly Armor+1","Headbutt+1","Fire Breathing"],"picked":"Singing Bowl","floor":36.0},{"not_picked":["Juggernaut","Clothesline","Evolve"],"picked":"Burning Pact+1","floor":39.0},{"not_picked":["Twin Strike+1","Anger+1","Uppercut","Perfected Strike"],"picked":"Singing Bowl","floor":41.0},{"not_picked":["Havoc+1","Anger","Spot Weakness+1","Cleave"],"picked":"Singing Bowl","floor":44.0},{"not_picked":["Perfected Strike","Clothesline","True Grit+1"],"picked":"Body Slam","floor":46.0},{"not_picked":["Impervious+1","Twin Strike+1","Headbutt+1","Ghostly Armor+1"],"picked":"Singing Bowl","floor":48.0},{"not_picked":["Wild Strike","Rage+1","Pommel Strike"],"picked":"Demon Form","floor":55.0}],"player_experience":262778,"relics_obtained":[{"floor":7.0,"key":"Strawberry"},{"floor":9.0,"key":"Ancient Tea Set"},{"floor":13.0,"key":"Singing Bowl"},{"floor":24.0,"key":"War Paint"},{"floor":26.0,"key":"Question Card"},{"floor":41.0,"key":"Shuriken"},{"floor":44.0,"key":"Toy Ornithopter"},{"floor":48.0,"key":"Bag of Preparation"},{"floor":55.0,"key":"Bottled Lightning"}],"event_choices":[{"damage_healed":0.0,"max_hp_gain":0.0,"max_hp_loss":0.0,"gold_gain":0.0,"event_name":"Shining Light","player_choice":"Entered Light","floor":3.0,"gold_loss":0.0,"damage_taken":23.0,"cards_upgraded":["Corruption","Defend_R"]},{"damage_healed":0.0,"max_hp_gain":0.0,"max_hp_loss":0.0,"gold_gain":50.0,"event_name":"Golden Shrine","player_choice":"Pray","floor":11.0,"gold_loss":0.0,"damage_taken":0.0},{"damage_healed":0.0,"max_hp_gain":0.0,"max_hp_loss":0.0,"gold_gain":0.0,"event_name":"The Mausoleum","player_choice":"Ignored","floor":28.0,"gold_loss":0.0,"damage_taken":0.0},{"damage_healed":0.0,"max_hp_gain":0.0,"max_hp_loss":0.0,"gold_gain":0.0,"event_name":"Tomb of Lord Red Mask","player_choice":"Ignored","floor":37.0,"gold_loss":0.0,"damage_taken":0.0},{"cards_removed":["Strike_R"],"damage_healed":0.0,"max_hp_gain":0.0,"max_hp_loss":0.0,"gold_gain":0.0,"event_name":"Falling","player_choice":"Removed Attack","floor":45.0,"gold_loss":0.0,"damage_taken":0.0}],"is_beta":false,"boss_relics":[{"not_picked":["Fusion Hammer","Runic Cube"],"picked":"Sozu"},{"not_picked":["Coffee Dripper","Tiny House"],"picked":"Runic Pyramid"}],"items_purged_floors":[10,38],"is_endless":false,"potions_floor_spawned":[4,5,7,12,18,24,27,31,46,48,55],"ascension_level":20}}