{"host":"zv753xhrtese558r","time":1611119981,"event":{"mods":["2.2 Compatiblity","AchievementEnabler","BaseMod","Bestiary","Better Match","Better Note","Better Skull","Better Third Choice","BetterRewards","Colored Map","Colored Powertips","Googly Eyes","Infinite Spire","Minty Spire (QoL Compilation)","Spicy Shops","StSLib"],"gold_per_floor":[109,109,109,120,295,330,330,344,420,452,467,496,496,512,512,608,608,628,643,643,659,659,659,669,669,669,669,681,6,23,38,38,133,183,197,42,92,92,72,72,86,11,63,81,101,114,134,134,134],"floor_reached":48,"language":"ENG","playtime":3639,"items_purged":["Doubt","Decay"],"score":602,"play_id":"a2d9ad49-c171-480e-b272-5c266afe6e5a","local_time":"20210119211941","is_ascension_mode":true,"campfire_choices":[{"data":"Neutralize","floor":7.0,"key":"SMITH"},{"floor":15.0,"key":"REST"},{"floor":23.0,"key":"REST"},{"floor":25.0,"key":"REST"},{"floor":32.0,"key":"REST"},{"data":"Accuracy","floor":40,"key":"SMITH"}],"circlet_count":0,"master_deck":["Strike_G","Strike_G","Strike_G","Strike_G","Defend_G","Defend_G","Defend_G","Defend_G","Survivor","Neutralize+1","Dodge and Roll","Accuracy+1","Footwork","Noxious Fumes","Blade Dance","Blade Dance","infinitespire:Neurotoxin","Leg Sweep","Phantasmal Killer","Acrobatics+1","Sucker Punch","Infinite Blades","Cloak And Dagger","Poisoned Stab","Deadly Poison","Bouncing Flask","Infinite Blades+1","Adrenaline+1","Finisher","Accuracy+1","Master of Strategy"],"relics":["Ring of the Snake","NeowsBlessing","PreservedInsect","infinitespire:FocusingShard","infinitespire:CursedDice","Pantograph","SlaversCollar","Akabeko","infinitespire:Beetle Shell","HandDrill","Ginger","Akabeko","Tiny House","Strawberry","CaptainsWheel","Dream Catcher","infinitespire:Lucky Rock"],"acts_visited":["Exordium","TheCity","TheBeyond"],"potions_floor_usage":[37,41,44,44,47],"damage_taken":[{"damage":0.0,"enemies":"Small Slimes","floor":1.0,"turns":1.0},{"damage":0.0,"enemies":"2 Louse","floor":4.0,"turns":1.0},{"damage":0.0,"enemies":"3 Sentries","floor":6.0,"turns":2.0},{"damage":0.0,"enemies":"Cultist","floor":8.0,"turns":6.0},{"damage":3.0,"enemies":"Lagavulin","floor":10.0,"turns":7.0},{"damage":10.0,"enemies":"3 Louse","floor":11.0,"turns":4.0},{"damage":8.0,"enemies":"3 Sentries","floor":12.0,"turns":5.0},{"damage":0.0,"enemies":"Looter","floor":14.0,"turns":3.0},{"damage":30.0,"enemies":"Hexaghost","floor":16.0,"turns":7.0},{"damage":25.0,"enemies":"Spheric Guardian","floor":18.0,"turns":7.0},{"damage":14.0,"enemies":"Shell Parasite","floor":19.0,"turns":6.0},{"damage":27.0,"enemies":"Snake Plant","floor":21.0,"turns":5.0},{"damage":12.0,"enemies":"Sentry and Sphere","floor":24.0,"turns":4.0},{"damage":38.0,"enemies":"Shelled Parasite and Fungi","floor":28.0,"turns":9.0},{"damage":4.0,"enemies":"Chosen and Byrds","floor":30.0,"turns":5.0},{"damage":19.0,"enemies":"3 Cultists","floor":31.0,"turns":5.0},{"damage":21.0,"enemies":"Champ","floor":33.0,"turns":7.0},{"damage":26.0,"enemies":"3 Darklings","floor":35.0,"turns":4.0},{"damage":3,"enemies":"Mind Bloom Boss Battle","floor":37,"turns":6},{"damage":21,"enemies":"Orb Walker","floor":41,"turns":3},{"damage":42,"enemies":"3 Darklings","floor":44,"turns":4},{"damage":8,"enemies":"Transient","floor":45,"turns":5},{"damage":13,"enemies":"Sphere and 2 Shapes","floor":46,"turns":7},{"damage":1,"enemies":"Jaw Worm Horde","floor":47,"turns":5},{"damage":13,"enemies":"4 Shapes","floor":48,"turns":1}],"seed_played":"-4669745876554095702","potions_obtained":[{"floor":6.0,"key":"BlessingOfTheForge"},{"floor":11.0,"key":"PowerPotion"},{"floor":14.0,"key":"AttackPotion"},{"floor":16.0,"key":"Poison Potion"},{"floor":19.0,"key":"Explosive Potion"},{"floor":21.0,"key":"LiquidMemories"},{"floor":24.0,"key":"SteroidPotion"},{"floor":31.0,"key":"Regen Potion"},{"floor":33.0,"key":"Swift Potion"},{"floor":34.0,"key":"Energy Potion"},{"floor":37,"key":"EntropicBrew"},{"floor":39,"key":"Regen Potion"},{"floor":44,"key":"SpeedPotion"}],"is_trial":false,"path_per_floor":["M","?","?","M","?","E","R","M","T","E","M","E","?","M","R","B",null,"M","M","?","M","AVR","R","M","R","T","?","M","$","M","M","R","B",null,"M","$","?","?","?","R","M","$","T","M","M","M","M","M"],"character_chosen":"THE_SILENT","items_purchased":["HandDrill","Deadly Poison","Ginger","Akabeko","Bouncing Flask","Strawberry","Dream Catcher"],"campfire_rested":4,"item_purchase_floors":[29,29,29,29,29,36,42],"current_hp_per_floor":[70,63,63,63,63,63,63,63,63,60,50,42,42,42,63,40,70,45,31,31,4,4,25,13,34,34,34,25,25,21,2,23,42,75,49,56,78,78,78,78,57,57,57,27,19,6,5,0,0],"gold":134,"neow_bonus":"THREE_ENEMY_KILL","is_daily":false,"chose_seed":false,"campfire_upgraded":2,"win_rate":0.0,"timestamp":1611119981,"path_taken":["M","?","?","?","?","E","R","M","T","E","M","E","?","M","R","BOSS","M","M","?","M","AVR","R","M","R","T","?","M","$","?","M","R","BOSS","M","$","?","?","?","R","?","?","T","?","M","M","M","?"],"items_purchased_type":["Relic","Card","Relic","Relic","Card","Relic","Relic"],"build_version":"2020-12-22","purchased_purges":2,"victory":false,"max_hp_per_floor":[70,70,70,70,70,70,70,70,70,70,70,70,70,70,70,70,70,70,70,70,70,70,70,70,70,70,70,70,70,70,70,70,70,75,75,82,82,82,82,82,82,82,82,82,82,82,82,82,82],"card_choices":[{"not_picked":["Backflip","Deflect"],"picked":"Dodge and Roll","floor":1.0},{"not_picked":["PiercingWail","Well Laid Plans"],"picked":"Accuracy","floor":4.0},{"not_picked":["Underhanded Strike","All Out Attack"],"picked":"Footwork","floor":6.0},{"not_picked":["Poisoned Stab","Quick Slash"],"picked":"Noxious Fumes","floor":8.0},{"not_picked":["Underhanded Strike","Choke"],"picked":"Blade Dance","floor":10.0},{"not_picked":["Dodge and Roll","Sucker Punch"],"picked":"Blade Dance","floor":11.0},{"not_picked":["Quick Slash","Dagger Spray"],"picked":"infinitespire:Neurotoxin","floor":12.0},{"not_picked":["Deflect","Expertise"],"picked":"Leg Sweep","floor":14.0},{"not_picked":["Malaise","Tools of the Trade"],"picked":"Phantasmal Killer","floor":16.0},{"not_picked":["Quick Slash+1","Blade Dance"],"picked":"Acrobatics+1","floor":18.0},{"not_picked":["Expertise","Dagger Spray"],"picked":"Sucker Punch","floor":19.0},{"not_picked":["Poisoned Stab","Deflect+1"],"picked":"Infinite Blades","floor":21.0},{"not_picked":["Flying Knee+1","Sucker Punch"],"picked":"Cloak And Dagger","floor":24.0},{"not_picked":["Blade Dance","Cloak And Dagger"],"picked":"Poisoned Stab","floor":28.0},{"not_picked":["Expertise+1","Leg Sweep+1","Heel Hook"],"picked":"SKIP","floor":30.0},{"not_picked":["Skewer","Endless Agony"],"picked":"Infinite Blades+1","floor":31.0},{"not_picked":["Storm of Steel","Unload"],"picked":"Adrenaline","floor":33.0},{"not_picked":["Expertise","Deadly Poison+1"],"picked":"Finisher","floor":34.0},{"not_picked":["Cloak And Dagger+1","Dagger Throw+1","Skewer"],"picked":"SKIP","floor":35.0},{"not_picked":["Choke+1","Underhanded Strike+1"],"picked":"Accuracy","floor":37},{"not_picked":["Forethought","Dark Shackles"],"picked":"Master of Strategy","floor":38},{"not_picked":["Footwork","Dodge and Roll","Quick Slash"],"picked":"SKIP","floor":41},{"not_picked":["Backflip+1","Dagger Throw","Outmaneuver+1"],"picked":"SKIP","floor":44},{"not_picked":["Bane","Eviscerate+1","Slice+1"],"picked":"SKIP","floor":45},{"not_picked":["Concentrate+1","Acrobatics+1","Blur+1"],"picked":"SKIP","floor":46},{"not_picked":["Quick Slash","Flying Knee","Skewer"],"picked":"SKIP","floor":47}],"player_experience":379841,"relics_obtained":[{"floor":6.0,"key":"PreservedInsect"},{"floor":9.0,"key":"infinitespire:FocusingShard"},{"floor":10.0,"key":"infinitespire:CursedDice"},{"floor":12.0,"key":"Pantograph"},{"floor":26.0,"key":"infinitespire:Beetle Shell"},{"floor":37,"key":"CaptainsWheel"},{"floor":43,"key":"infinitespire:Lucky Rock"}],"event_choices":[{"cards_removed":["Defend_G"],"damage_healed":0.0,"max_hp_gain":0.0,"max_hp_loss":0.0,"gold_gain":0.0,"event_name":"Golden Wing","player_choice":"Card Removal","floor":2.0,"gold_loss":0.0,"damage_taken":7.0},{"cards_removed":["Strike_G"],"damage_healed":0.0,"max_hp_gain":0.0,"max_hp_loss":0.0,"gold_gain":0.0,"event_name":"Purifier","player_choice":"Purged","floor":3.0,"gold_loss":0.0,"damage_taken":0.0},{"damage_healed":0.0,"max_hp_gain":0.0,"max_hp_loss":0.0,"gold_gain":175.0,"event_name":"betterThird:BetterSerpent","player_choice":"AGREE","floor":5.0,"gold_loss":0.0,"damage_taken":120.0},{"damage_healed":0.0,"max_hp_gain":0.0,"max_hp_loss":0.0,"gold_gain":0.0,"event_name":"Living Wall","player_choice":"Grow","floor":13.0,"gold_loss":0.0,"damage_taken":0.0,"cards_upgraded":["Accuracy"]},{"damage_healed":0.0,"max_hp_gain":0.0,"max_hp_loss":0.0,"gold_gain":0.0,"event_name":"Forgotten Altar","player_choice":"Smashed Altar","floor":20.0,"gold_loss":0.0,"damage_taken":0.0,"cards_obtained":["Decay"]},{"damage_healed":0.0,"max_hp_gain":0.0,"max_hp_loss":0.0,"gold_gain":0.0,"event_name":"FaceTrader","player_choice":"Leave","floor":27.0,"gold_loss":0.0,"damage_taken":0.0},{"damage_healed":0,"gold_gain":0,"player_choice":"Fight","damage_taken":0,"max_hp_gain":0,"max_hp_loss":0,"event_name":"MindBloom","floor":37,"gold_loss":0},{"damage_healed":0,"gold_gain":0,"player_choice":"Memory 1","damage_taken":0,"max_hp_gain":0,"max_hp_loss":0,"event_name":"SensoryStone","floor":38,"gold_loss":0},{"damage_healed":0,"gold_gain":0,"player_choice":"Bought 1 Potion","damage_taken":0,"max_hp_gain":0,"max_hp_loss":0,"event_name":"The Woman in Blue","floor":39,"gold_loss":0}],"is_beta":false,"boss_relics":[{"not_picked":["Sozu","infinitespire:Cupcake"],"picked":"SlaversCollar"},{"not_picked":["Coffee Dripper","Runic Dome"],"picked":"Tiny House"}],"items_purged_floors":[22,29],"is_endless":false,"potions_floor_spawned":[6,11,14,16,19,21,24,31,33,37,44],"killed_by":"4 Shapes","ascension_level":4}}