{"host":"few9iyaxiywls251","time":1611170072,"event":{"mods":["BaseMod","Bestiary","Curses Come First","Highlight Path","Minty Spire (QoL Compilation)","Shop Mod","StSLib","The Marked"],"gold_per_floor":[111,111,111,111,124,151,171,171,171,185,195,195,229,244,244,348,348,358,372,287,212,212,240,240,140,163,163,177,177,177],"floor_reached":29,"language":"ENG","playtime":1674,"items_purged":["CrushJoints","MasterReality"],"score":253,"play_id":"e2e4721d-7c72-4ec4-a590-2d367a8946e8","local_time":"20210120131432","is_ascension_mode":false,"campfire_choices":[{"data":"Eruption","floor":8.0,"key":"SMITH"},{"floor":12.0,"key":"REST"},{"data":"WindmillStrike","floor":15.0,"key":"SMITH"},{"data":"Blasphemy","floor":24,"key":"SMITH"}],"circlet_count":0,"master_deck":["Strike_P","Strike_P+1","Strike_P","Strike_P+1","Eruption+1","Vigilance","DeusExMachina","WindmillStrike+1","ThirdEye","DeceiveReality","FollowUp","EmptyFist","WindmillStrike","Blasphemy+1","JustLucky+1","CrushJoints+1","SignatureMove+1","Evaluate+1","WindmillStrike","Conclude+1","Crescendo+1"],"relics":["PureWater","Kunai","InkBottle","Bird Faced Urn","Unceasing Top","Astrolabe","Pear","Mercury Hourglass","Regal Pillow","GremlinMask"],"acts_visited":["Exordium","TheCity"],"potions_floor_usage":[],"damage_taken":[{"damage":1.0,"enemies":"2 Louse","floor":1.0,"turns":2.0},{"damage":3.0,"enemies":"Jaw Worm","floor":5.0,"turns":3.0},{"damage":33.0,"enemies":"Gremlin Nob","floor":6.0,"turns":4.0},{"damage":0.0,"enemies":"Cultist","floor":7.0,"turns":2.0},{"damage":4.0,"enemies":"Gremlin Gang","floor":10.0,"turns":4.0},{"damage":1.0,"enemies":"3 Louse","floor":11.0,"turns":3.0},{"damage":2.0,"enemies":"3 Sentries","floor":13.0,"turns":8.0},{"damage":10.0,"enemies":"Looter","floor":14.0,"turns":2.0},{"damage":9.0,"enemies":"The Guardian","floor":16.0,"turns":6.0},{"damage":7,"enemies":"Chosen","floor":18,"turns":3},{"damage":14,"enemies":"Spheric Guardian","floor":19,"turns":4},{"damage":18,"enemies":"Gremlin Leader","floor":23,"turns":3},{"damage":21,"enemies":"Snake Plant","floor":28,"turns":3},{"damage":12,"enemies":"Book of Stabbing","floor":29,"turns":1}],"seed_played":"-172404052714243361","potions_obtained":[{"floor":1.0,"key":"Ambrosia"},{"floor":10.0,"key":"SteroidPotion"},{"floor":14.0,"key":"Weak Potion"},{"floor":23,"key":"Ambrosia"}],"is_trial":false,"path_per_floor":["M","?","?","T","M","E","M","R","T","M","M","R","E","M","R","B",null,"M","M","?","$","?","E","R","$","T","?","M","E"],"character_chosen":"WATCHER","items_purchased":[],"campfire_rested":1,"item_purchase_floors":[],"current_hp_per_floor":[64,57,44,44,41,8,8,8,8,4,3,22,20,10,10,1,65,58,46,56,56,42,24,24,24,24,24,3,0,0],"gold":177,"neow_bonus":"THREE_RARE_CARDS","is_daily":false,"chose_seed":false,"campfire_upgraded":3,"win_rate":0.0,"timestamp":1611170072,"path_taken":["M","?","?","?","M","E","?","R","T","M","M","R","E","M","R","BOSS","M","?","?","$","?","E","R","$","T","?","M","E"],"items_purchased_type":[],"build_version":"2020-12-22","purchased_purges":2,"victory":false,"max_hp_per_floor":[65,65,65,65,65,65,65,65,65,65,65,65,65,65,65,65,65,65,65,75,75,80,80,80,80,80,80,80,80,80],"card_choices":[{"not_picked":["Omniscience","Wish"],"picked":"DeusExMachina","floor":0.0},{"not_picked":["Vengeance","FollowUp"],"picked":"WindmillStrike","floor":1.0},{"not_picked":["Collect","Wallop"],"picked":"ThirdEye","floor":5.0},{"not_picked":["CarveReality","Indignation"],"picked":"DeceiveReality","floor":6.0},{"not_picked":["Protect","FlyingSleeves"],"picked":"FollowUp","floor":7.0},{"not_picked":["ThirdEye","Perseverance"],"picked":"EmptyFist","floor":10.0},{"not_picked":["Prostrate","Perseverance"],"picked":"WindmillStrike","floor":11.0},{"not_picked":["TalkToTheHand","FlurryOfBlows"],"picked":"Blasphemy","floor":13.0},{"not_picked":["Consecrate","BowlingBash"],"picked":"CrushJoints","floor":14.0},{"not_picked":["Devotion","DevaForm"],"picked":"MasterReality","floor":16.0},{"not_picked":["SashWhip","JustLucky"],"picked":"Evaluate+1","floor":18},{"not_picked":["WaveOfTheHand","Protect"],"picked":"WindmillStrike","floor":19},{"not_picked":["BowlingBash+1","MentalFortress"],"picked":"Conclude+1","floor":23},{"not_picked":["Vengeance","JustLucky"],"picked":"Crescendo+1","floor":28}],"player_experience":132654,"relics_obtained":[{"floor":4.0,"key":"Kunai"},{"floor":6.0,"key":"InkBottle"},{"floor":9.0,"key":"Bird Faced Urn"},{"floor":13.0,"key":"Unceasing Top"},{"floor":23,"key":"Mercury Hourglass"},{"floor":26,"key":"Regal Pillow"}],"event_choices":[{"cards_removed":["Defend_P"],"damage_healed":0.0,"max_hp_gain":0.0,"max_hp_loss":0.0,"gold_gain":0.0,"event_name":"Golden Wing","player_choice":"Card Removal","floor":2.0,"gold_loss":0.0,"damage_taken":7.0},{"damage_healed":0.0,"max_hp_gain":0.0,"max_hp_loss":0.0,"gold_gain":0.0,"event_name":"Shining Light","player_choice":"Entered Light","floor":3.0,"gold_loss":0.0,"damage_taken":13.0,"cards_upgraded":["Strike_P","Strike_P"]},{"damage_healed":0,"gold_gain":0,"player_choice":"Obtained Relic","damage_taken":0,"relics_obtained":["Pear"],"max_hp_gain":0,"max_hp_loss":0,"event_name":"Addict","floor":20,"gold_loss":85},{"damage_healed":0,"gold_gain":0,"player_choice":"Shed Blood","damage_taken":19,"max_hp_gain":5,"max_hp_loss":0,"event_name":"Forgotten Altar","floor":22,"gold_loss":0},{"damage_healed":0,"gold_gain":0,"player_choice":"Trade","damage_taken":0,"relics_obtained":["GremlinMask"],"max_hp_gain":0,"max_hp_loss":0,"event_name":"FaceTrader","floor":27,"gold_loss":0}],"is_beta":false,"boss_relics":[{"not_picked":["Calling Bell","HolyWater"],"picked":"Astrolabe"}],"items_purged_floors":[21,25],"is_endless":false,"potions_floor_spawned":[1,10,14,23],"killed_by":"Book of Stabbing","ascension_level":0}}