{"host":"5w3ov2q8o40mj89d","time":1611155525,"event":{"mods":["ATMod(阿瑾Mod)","Arknights The Spire","Bard","BaseMod","Downfall","FutureSeer","Good Game Mod","Hunter 猎人","KinomotoSakuraMod(木之本樱)","LagranYue(拉格朗・月)","Luminous","Marisa（F雨　魔理沙）","Minty Spire (QoL Compilation)","Nova Terra(诺娃・泰拉)","Reimu（博丽灵梦）","Remilia_Scarlet Moed（蕾米莉亚・斯卡雷特）3.3.5","Remilia（蕾米莉亚）","RumiaBox-露米娅的神秘盒子","StSLib","Td1madao Mod","The Alterego","The Blackbeard","The Construct","The Gatherer","The Hierophant","The Invoker Mod","The Runesmith","The Senshi","The Servant 0.9.4","Waifu the Spire","WarShipGirlsR/战舰少女R mod","Yakumo Yukari mod","Youmu（魂魄妖梦）","Yuri Mod","Yuyuko","vexMod"],"gold_per_floor":[112,112,58,58,58,58,115,158,207,242,294,337,337,337,337,456,456,545,629,544,629,629,629,629],"floor_reached":23,"language":"ZHS","playtime":1302,"items_purged":[],"score":224,"play_id":"3a903e72-e01f-486e-86f7-f2fbc1434672","local_time":"20210120231205","is_ascension_mode":false,"campfire_choices":[{"data":"Judgement","floor":6,"key":"SMITH"},{"floor":13,"key":"REST"},{"floor":15,"key":"REST"}],"circlet_count":0,"master_deck":["hierophant:Strike_Hierophant","hierophant:Strike_Hierophant","hierophant:Strike_Hierophant","hierophant:Punish","hierophant:Defend_Hierophant","hierophant:Defend_Hierophant","hierophant:Defend_Hierophant","hierophant:Defend_Hierophant","hierophant:ChurchCoffers+1","AT_FamilyPortrait+1","Judgement+1","hierophant:PassingBell","hierophant:RustyCrate","hierophant:Doubloon","hierophant:Doubloon","hierophant:Smite","hierophant:SealAway","hierophant:Prophecy","hierophant:PassingBell","hierophant:FieryStrike","hierophant:FieryStrike","hierophant:PassingBell","hierophant:BulkyChest","hierophant:OrnateJavelin","hierophant:Shelter","hierophant:OrnateBuckler+1"],"relics":["hierophant:PropheticMaskRelic","AT_ATBox","REME:ComplimentaryCards","LagranYue:RandomDrawCardRelic","NeowsBlessing","GodSword7","AT_TimeSand","Dream Catcher","ScarletDevilRocket","GremlinMask","vexMod:CursedCompass","SSSystem","MutagenicStrength"],"acts_visited":["Exordium","TheCity"],"potions_floor_usage":[16],"damage_taken":[{"damage":0,"enemies":"Jaw Worm","floor":1,"turns":1},{"damage":0,"enemies":"Gremlin Nob","floor":7,"turns":1},{"damage":0,"enemies":"2 Louse","floor":8,"turns":2},{"damage":0,"enemies":"Small Slimes","floor":10,"turns":2},{"damage":41,"enemies":"Lagavulin","floor":11,"turns":6},{"damage":0,"enemies":"Exordium Thugs","floor":12,"turns":3},{"damage":63,"enemies":"Hexaghost","floor":16,"turns":10},{"damage":0,"enemies":"Spheric Guardian","floor":18,"turns":3},{"damage":33,"enemies":"3 Byrds","floor":19,"turns":5},{"damage":24,"enemies":"Cultist and Chosen","floor":21,"turns":5},{"damage":18,"enemies":"Book of Stabbing","floor":23,"turns":3}],"seed_played":"7973657596115902533","potions_obtained":[{"floor":7,"key":"DuplicationPotion"},{"floor":8,"key":"FearPotion"},{"floor":11,"key":"SkillPotion"},{"floor":18,"key":"GamblersBrew"}],"is_trial":false,"path_per_floor":["M","?","$","?","T","R","E","M","T","M","E","M","R","?","R","B",null,"M","M","?","M","?","E"],"character_chosen":"HIEROPHANT","items_purchased":["hierophant:RustyCrate"],"campfire_rested":2,"item_purchase_floors":[3],"current_hp_per_floor":[75,75,75,60,60,60,60,60,60,60,19,19,41,41,63,63,75,75,42,42,18,18,0,0],"gold":629,"neow_bonus":"THREE_ENEMY_KILL","is_daily":false,"chose_seed":false,"campfire_upgraded":1,"win_rate":0.0,"timestamp":1611155525,"path_taken":["M","?","$","?","?","R","E","M","T","M","E","M","R","?","R","BOSS","M","M","?","M","?","E"],"items_purchased_type":["Card"],"build_version":"2020-12-22","purchased_purges":0,"victory":false,"max_hp_per_floor":[75,75,75,75,75,75,75,75,75,75,75,75,75,75,75,75,75,75,75,75,75,75,75,75],"card_choices":[{"not_picked":["hierophant:Racketeering","hierophant:Alms"],"picked":"hierophant:PassingBell","floor":1},{"not_picked":["hierophant:Encroach","hierophant:Repentance"],"picked":"hierophant:Smite","floor":7},{"not_picked":["hierophant:Encroach","hierophant:WrathOfGod"],"picked":"hierophant:SealAway","floor":8},{"not_picked":["hierophant:RustyCrate","hierophant:OrnateBuckler"],"picked":"hierophant:Prophecy","floor":10},{"not_picked":["hierophant:Blessing","hierophant:Shelter"],"picked":"hierophant:PassingBell","floor":11},{"not_picked":["hierophant:PassingBell","hierophant:Anathema"],"picked":"hierophant:FieryStrike","floor":12},{"not_picked":["hierophant:Endure","hierophant:SealAway"],"picked":"hierophant:FieryStrike","floor":13},{"not_picked":["hierophant:PristineSoul","hierophant:DisplayOfPower"],"picked":"hierophant:PassingBell","floor":15},{"not_picked":["hierophant:Kindle","hierophant:Batter"],"picked":"hierophant:BulkyChest","floor":16},{"not_picked":["hierophant:TollTheBells","hierophant:Bribe"],"picked":"hierophant:OrnateJavelin","floor":18},{"not_picked":["hierophant:MorningPrayer","hierophant:Embezzle"],"picked":"hierophant:Shelter","floor":19},{"not_picked":["hierophant:RustyCrate","hierophant:MorningPrayer"],"picked":"hierophant:OrnateBuckler+1","floor":21}],"player_experience":18404,"relics_obtained":[{"floor":5,"key":"GodSword7"},{"floor":7,"key":"AT_TimeSand"},{"floor":9,"key":"Dream Catcher"},{"floor":11,"key":"ScarletDevilRocket"}],"event_choices":[{"damage_healed":0,"gold_gain":0,"player_choice":"Entered Light","damage_taken":15,"max_hp_gain":0,"max_hp_loss":0,"event_name":"Shining Light","floor":4,"gold_loss":0,"cards_upgraded":["hierophant:ChurchCoffers","AT_FamilyPortrait"]},{"damage_healed":0,"gold_gain":0,"player_choice":"Trade","damage_taken":0,"relics_obtained":["GremlinMask"],"max_hp_gain":0,"max_hp_loss":0,"event_name":"FaceTrader","floor":14,"gold_loss":0},{"damage_healed":0,"gold_gain":0,"player_choice":"Obtained Relic","damage_taken":0,"relics_obtained":["SSSystem"],"max_hp_gain":0,"max_hp_loss":0,"event_name":"Addict","floor":20,"gold_loss":85},{"damage_healed":0,"gold_gain":0,"player_choice":"Inject Mutagens","damage_taken":0,"relics_obtained":["MutagenicStrength"],"max_hp_gain":0,"max_hp_loss":0,"event_name":"Drug Dealer","floor":22,"gold_loss":0}],"is_beta":false,"boss_relics":[{"not_picked":["SlaversCollar","vexMod:DeviousBotling"],"picked":"vexMod:CursedCompass"}],"items_purged_floors":[],"is_endless":false,"potions_floor_spawned":[7,8,11,18,21],"killed_by":"Book of Stabbing","ascension_level":0}}