{"host":"tcdxiwht2vajk3tk","time":1611172762,"event":{"mods":["AchievementEnabler","BaseMod","Beaked The Cultist","Conspire","Defuse TimeMaze Blight","Downfall","Halation","Hermit","Hubris","Infinite Spire","Lobotomy","Minty Spire (QoL Compilation)","Shop Mod","StSLib","The Cursed","The Disciple","vexMod"],"gold_per_floor":[99,109,109,13,30,49,97,97,82,97,97,117,17,51,63,63,63,63],"floor_reached":16,"language":"ENG","playtime":1064,"items_purged":[],"score":102,"play_id":"12406626-ce21-4a2b-b08e-ed0100502240","local_time":"20210120145922","is_ascension_mode":false,"campfire_choices":[{"floor":1.0,"key":"RECALL"},{"data":"bronze:Mutator","floor":13.0,"key":"SMITH"}],"circlet_count":0,"master_deck":["bronze:Strike","bronze:Strike","bronze:Strike","bronze:Strike","bronze:Defend","bronze:Defend","bronze:Defend","bronze:Defend","bronze:Replicate","bronze:Goto","bronze:BronzeOrb","bronze:ItsAFeature","bronze:BugBarrage","bronze:FineTuning","bronze:Mutator+1","bronze:OilSpill","bronze:ChosenStrike","bronze:Frontload","bronze:HyperBeam"],"relics":["bronze:BronzeCore","PreservedInsect","infinitespire:Lucky Rock","halation:PinkSoulGem","downfall:HeartBlessingRed","Bag of Marbles"],"acts_visited":["Exordium"],"potions_floor_usage":[],"damage_taken":[{"damage":0.0,"enemies":"2 Louse","floor":2.0,"turns":3.0},{"damage":0.0,"enemies":"downfall:FleeingMerchant","floor":4.0,"turns":4.0},{"damage":0.0,"enemies":"Jaw Worm","floor":5.0,"turns":6.0},{"damage":0.0,"enemies":"Small Slimes","floor":6.0,"turns":3.0},{"damage":0.0,"enemies":"downfall:FleeingMerchant","floor":9.0,"turns":4.0},{"damage":0.0,"enemies":"3 Louse","floor":10.0,"turns":4.0},{"damage":13.0,"enemies":"Exordium Wildlife","floor":12.0,"turns":4.0},{"damage":14.0,"enemies":"Gremlin Nob","floor":14.0,"turns":3.0},{"damage":5.0,"enemies":"3 Louse","floor":15.0,"turns":2.0},{"damage":0,"enemies":"IC_STATUS_ARCHETYPE","floor":16,"turns":1}],"seed_played":"8746826089790763598","potions_obtained":[{"floor":2.0,"key":"Guardian:BlockOnCardUsePotion"},{"floor":5.0,"key":"Block Potion"},{"floor":10.0,"key":"SteroidPotion"},{"floor":12.0,"key":"bronze:CleanCodePotion"},{"floor":15.0,"key":"Regen Potion"}],"is_trial":false,"path_per_floor":["R","M","?","$","M","M","T","?","$","M","?","M","R","E","M","B"],"character_chosen":"THE_AUTOMATON","items_purchased":["bronze:ItsAFeature"],"campfire_rested":0,"item_purchase_floors":[4],"current_hp_per_floor":[77,77,77,77,77,77,77,70,70,70,70,57,57,43,38,38,38,38],"gold":63,"neow_bonus":"TEN_PERCENT_HP_BONUS","is_daily":false,"chose_seed":false,"campfire_upgraded":1,"win_rate":0.0,"timestamp":1611172762,"path_taken":["R","M","?","?","M","M","T","?","$","M","?","?","R","E","M","BOSS"],"items_purchased_type":["Card"],"build_version":"2020-12-22","purchased_purges":0,"victory":false,"max_hp_per_floor":[77,77,77,77,77,77,77,77,77,77,77,77,77,77,77,77,77,77],"card_choices":[{"not_picked":["bronze:DelayedGuard","bronze:Branch"],"picked":"bronze:ItsAFeature","floor":2.0},{"not_picked":["bronze:Branch","bronze:Iterate"],"picked":"bronze:BronzeOrb","floor":4.0},{"not_picked":["bronze:Deprecate","bronze:Iterate"],"picked":"bronze:BugBarrage","floor":5.0},{"not_picked":["bronze:DelayedGuard","bronze:Overheat"],"picked":"bronze:FineTuning","floor":6.0},{"not_picked":["bronze:WildBeam","bronze:Deprecate"],"picked":"bronze:Mutator","floor":9.0},{"not_picked":["bronze:Invalidate","bronze:BitShift"],"picked":"bronze:OilSpill","floor":10.0},{"not_picked":["bronze:ChildClass","bronze:Deprecate"],"picked":"bronze:ChosenStrike","floor":12.0},{"not_picked":["bronze:BronzeArmor","bronze:OilSpill"],"picked":"bronze:Frontload","floor":14.0},{"not_picked":["bronze:Branch","bronze:MaxOutput"],"picked":"bronze:HyperBeam","floor":15.0}],"player_experience":1607238,"relics_obtained":[{"floor":7.0,"key":"PreservedInsect"},{"floor":14.0,"key":"Bag of Marbles"}],"event_choices":[{"cards_removed":["bronze:ItsAFeature"],"damage_healed":0.0,"max_hp_gain":0.0,"max_hp_loss":0.0,"gold_gain":0.0,"event_name":"Bonfire Elementals","player_choice":"Offered Uncommon","floor":3.0,"gold_loss":0.0,"damage_taken":0.0},{"damage_healed":0.0,"max_hp_gain":0.0,"max_hp_loss":0.0,"gold_gain":0.0,"event_name":"Scrap Ooze","player_choice":"Success","floor":8.0,"gold_loss":0.0,"damage_taken":7.0,"relics_obtained":["infinitespire:Lucky Rock"]}],"is_beta":false,"boss_relics":[],"items_purged_floors":[],"is_endless":false,"potions_floor_spawned":[2,5,10,12,15],"killed_by":"IC_STATUS_ARCHETYPE","ascension_level":0}}