{"host":"8i58hvcssdezoe94","time":1611132010,"event":{"mods":["Act Like it!","BaseMod","Colored Map","Conspire","Downfall","Gensokyo","KinomotoSakuraMod(木之本樱)","Marisa（F雨　魔理沙）","Minty Spire (QoL Compilation)","Quick Restart","Remilia（蕾米莉亚）","StSLib","The Animator","The Bug Knight","The Construct","The Cursed","The Hierophant","The Jungle","The Servant 0.9.4"],"gold_per_floor":[119,153,172,186,186,11,11,29,82,12,42,42,52,84,84,186,186,204,222,222,222,235,235,235,235,288,42,42,62,62,77,77,277,277],"floor_reached":33,"language":"ZHS","playtime":2109,"items_purged":[],"score":255,"play_id":"04a010d3-c2c9-4085-b593-7dbc90c3eca2","local_time":"20210120164010","is_ascension_mode":false,"campfire_choices":[{"floor":7,"key":"RECALL"},{"floor":15,"key":"REST"},{"data":"Loop","floor":23,"key":"SMITH"},{"floor":30,"key":"REST"},{"data":"White Noise","floor":32,"key":"SMITH"}],"circlet_count":0,"master_deck":["Strike_B","Strike_B","Strike_B","Strike_B+1","Defend_B","Defend_B","Defend_B","Defend_B","Zap","Dualcast","Conserve Battery","Compile Driver","Leap","Rebound+1","Ball Lightning","Gash","Sweeping Beam","Beam Cell","Chill","White Noise+1","Buffer","Barrage","Self Repair","Loop+1","Gensokyo:BlemishedSteel","Hello World","Turbo","Doom and Gloom"],"relics":["Cracked Core","NeowsBlessing","Toy Ornithopter","Juzu Bracelet","Dream Catcher","Tiny Chest","Pen Nib","TungstenRod","Blood Vial","conspire:SpecialSausage","Strawberry","Bag of Marbles","TheAbacus"],"acts_visited":["Gensokyo:Gensokyo","Gensokyo:Gensokyoer"],"potions_floor_usage":[11],"damage_taken":[{"damage":0,"enemies":"Gensokyo:3_Fairies","floor":1,"turns":1},{"damage":0,"enemies":"conspire:MimicChest","floor":2,"turns":1},{"damage":0,"enemies":"Gensokyo:2_Kodama","floor":3,"turns":1},{"damage":4,"enemies":"Gensokyo:Gryphon","floor":4,"turns":3},{"damage":6,"enemies":"Gensokyo:Kitsune","floor":8,"turns":4},{"damage":11,"enemies":"Gensokyo:Mamizou","floor":11,"turns":8},{"damage":15,"enemies":"Gensokyo:CorruptedTreant","floor":13,"turns":3},{"damage":20,"enemies":"Gensokyo:Aya","floor":14,"turns":4},{"damage":28,"enemies":"Gensokyo:Kokoro","floor":16,"turns":10},{"damage":8,"enemies":"Gensokyo:3_Dogs","floor":18,"turns":7},{"damage":15,"enemies":"Gensokyo:CosmicMonolith","floor":19,"turns":6},{"damage":19,"enemies":"Gensokyo:Wraith","floor":22,"turns":5},{"damage":11,"enemies":"Gensokyo:Chomper_and_Gloop","floor":29,"turns":6},{"damage":39,"enemies":"Gensokyo:3_Gloops","floor":31,"turns":5},{"damage":91,"enemies":"Gensokyo:Eiki","floor":33,"turns":10}],"seed_played":"-7404325450718636309","potions_obtained":[{"floor":2,"key":"Regen Potion"},{"floor":4,"key":"AttackPotion"},{"floor":13,"key":"BlessingOfTheForge"},{"floor":19,"key":"FairyPotion"}],"is_trial":false,"path_per_floor":["M","?","M","M","?","COS","R","M","T","?","E","?","M","E","R","B",null,"M","M","?","$","M","R","T","$","T","COS","?","M","R","M","R","B"],"character_chosen":"DEFECT","items_purchased":[],"campfire_rested":2,"item_purchase_floors":[],"current_hp_per_floor":[75,75,75,71,71,71,71,65,65,65,71,71,56,36,58,32,75,67,54,54,54,44,44,51,51,51,51,51,49,73,43,43,0,0],"gold":277,"neow_bonus":"THREE_ENEMY_KILL","is_daily":false,"chose_seed":false,"campfire_upgraded":2,"win_rate":0.0,"timestamp":1611132010,"path_taken":["M","?","M","M","?","COS","R","?","T","?","E","?","M","E","R","BOSS","M","M","?","?","M","R","?","$","T","COS","?","M","R","M","R","BOSS"],"items_purchased_type":[],"build_version":"2020-12-22","purchased_purges":0,"victory":false,"max_hp_per_floor":[75,75,75,75,75,75,75,75,75,75,75,75,75,75,75,75,75,75,75,75,75,75,75,82,82,82,82,82,82,82,82,82,82,82],"card_choices":[{"not_picked":["Streamline","Cold Snap"],"picked":"Conserve Battery","floor":1},{"not_picked":["Turbo","Conserve Battery"],"picked":"Compile Driver","floor":2},{"not_picked":["Hologram","Barrage"],"picked":"Leap","floor":3},{"not_picked":["Streamline","conspire:SharedLibrary"],"picked":"Rebound","floor":4},{"not_picked":["Fission","Hologram"],"picked":"Ball Lightning","floor":8},{"not_picked":["Leap","Aggregate"],"picked":"Gash","floor":11},{"not_picked":["Rip and Tear","Go for the Eyes"],"picked":"Sweeping Beam","floor":12},{"not_picked":["Rebound","Undo"],"picked":"Beam Cell","floor":12},{"not_picked":["Gash","Hologram"],"picked":"Chill","floor":13},{"not_picked":["Creative AI","Consume"],"picked":"White Noise","floor":14},{"not_picked":["Rainbow","Reboot"],"picked":"Buffer","floor":16},{"not_picked":["Turbo+1","Defragment+1"],"picked":"Barrage","floor":18},{"not_picked":["Capacitor+1","Rebound"],"picked":"Self Repair","floor":19},{"not_picked":["Gash+1","Conserve Battery"],"picked":"Loop","floor":22},{"not_picked":["Go for the Eyes","Streamline+1"],"picked":"Hello World","floor":29},{"not_picked":["Compile Driver","Go for the Eyes"],"picked":"Turbo","floor":30},{"not_picked":["Turbo","Scrape"],"picked":"Doom and Gloom","floor":31}],"player_experience":58041,"relics_obtained":[{"floor":2,"key":"Toy Ornithopter"},{"floor":9,"key":"Juzu Bracelet"},{"floor":11,"key":"Tiny Chest"},{"floor":14,"key":"Blood Vial"},{"floor":24,"key":"Strawberry"},{"floor":26,"key":"Bag of Marbles"}],"event_choices":[],"is_beta":false,"boss_relics":[{"not_picked":["construct:ClawGrip","Cursed Key"],"picked":"conspire:SpecialSausage"}],"items_purged_floors":[],"is_endless":false,"potions_floor_spawned":[2,4,13,19,29],"killed_by":"Gensokyo:Eiki","ascension_level":0}}