{"host":"dlqyscxstsnu98l1","time":1611173538,"event":{"mods":["AchievementEnabler","BaseMod","Bestiary","Colored Map","Colored Powertips","Conspire","GifTheSpireLib","Highlight Path","Minty Spire (QoL Compilation)","Random Character Button","Replay The Spire","SacredBarkPlus","StSLib"],"gold_per_floor":[117,137,172,172,192,192,220,220,296,296,325,325,358,371,371,472,472,487,497,497,497,510,538,538,569,650,650,461,475,475,495,495,595,595,613,613,629,425,443,443,443,443,443,443,443,148,148,164,164,164,164],"floor_reached":50,"language":"ENG","playtime":2117,"items_purged":["Strike_R","Shame","Defend_R"],"score":546,"play_id":"93b44392-6e13-4864-8c04-934fb60e3e60","local_time":"20210120141217","is_ascension_mode":true,"campfire_choices":[{"data":"Rupture","floor":6,"key":"SMITH"},{"data":"Wild Strike","floor":8,"key":"SMITH"},{"data":"Combust","floor":10,"key":"SMITH"},{"floor":15,"key":"REST"},{"data":"Combust","floor":24,"key":"SMITH"},{"floor":30,"key":"REST"},{"data":"Heavy Blade","floor":32,"key":"SMITH"},{"floor":40,"key":"RECALL"},{"data":"The Bomb","floor":42,"key":"SMITH"},{"data":"Evolve","floor":47,"key":"SMITH"}],"circlet_count":0,"master_deck":["Strike_R+1","Defend_R","Defend_R","Defend_R","Bash","Impervious","Wild Strike+1","Rupture+1","Cleave+1","Battle Trance+1","Heavy Blade+1","Flex","Combust+1","Evolve+1","conspire:Purge","ReplayTheSpireMod:Stacked","The Bomb+1","Shrug It Off+1"],"relics":["Burning Blood","conspire:TopHat","Orichalcum","Bag of Marbles","Whetstone","Mark of Pain","Mirror","King of Hearts","Regal Pillow","Mercury Hourglass","Membership Card","Ring of Chaos","ReplayTheSpireMod:Ring of Collecting","ReplayTheSpireMod:Ring of Challenge","Onion Ring","Counterbalance","Oddly Smooth Stone"],"acts_visited":["Exordium","TheCity","TheBeyond"],"potions_floor_usage":[13,13,16,18,25,29,33,37,48,48,50],"damage_taken":[{"damage":13,"enemies":"Jaw Worm","floor":1,"turns":4},{"damage":5,"enemies":"Small Slimes","floor":2,"turns":4},{"damage":3,"enemies":"conspire:MimicChest","floor":3,"turns":5},{"damage":4,"enemies":"2 Louse","floor":5,"turns":2},{"damage":32,"enemies":"Lagavulin","floor":7,"turns":6},{"damage":13,"enemies":"Gremlin Nob","floor":11,"turns":3},{"damage":20,"enemies":"Lagavulin","floor":13,"turns":5},{"damage":8,"enemies":"Blue Slaver","floor":14,"turns":2},{"damage":16,"enemies":"Hexaghost","floor":16,"turns":9},{"damage":5,"enemies":"2 Thieves","floor":18,"turns":3},{"damage":14,"enemies":"Shell Parasite","floor":19,"turns":4},{"damage":20,"enemies":"Cultist and Chosen","floor":22,"turns":6},{"damage":14,"enemies":"Gremlin Leader","floor":23,"turns":10},{"damage":16,"enemies":"Book of Stabbing","floor":25,"turns":4},{"damage":11,"enemies":"Centurion and Healer","floor":29,"turns":4},{"damage":3,"enemies":"Snecko","floor":31,"turns":4},{"damage":22,"enemies":"Champ","floor":33,"turns":8},{"damage":13,"enemies":"Orb Walker","floor":35,"turns":3},{"damage":16,"enemies":"3 Darklings","floor":37,"turns":5},{"damage":19,"enemies":"4 Shapes","floor":39,"turns":3},{"damage":17,"enemies":"Jaw Worm Horde","floor":48,"turns":3},{"damage":51,"enemies":"Replay:Hell Engine","floor":50,"turns":6}],"seed_played":"-8092405566273927278","potions_obtained":[{"floor":1,"key":"FearPotion"},{"floor":3,"key":"Strength Potion"},{"floor":7,"key":"Fire Potion"},{"floor":14,"key":"Swift Potion"},{"floor":18,"key":"DuplicationPotion"},{"floor":23,"key":"Fire Potion"},{"floor":31,"key":"Dexterity Potion"},{"floor":33,"key":"Elixir"},{"floor":35,"key":"Swift Potion"}],"is_trial":false,"path_per_floor":["M","M","?","?","M","R","E","R","T","R","E","?","E","M","R","B",null,"M","M","?","?","M","E","R","E","T","?","$","M","R","M","R","B",null,"M","?","M","$","M","R","?","R","T","?","?","$","R","M","R_BF","B"],"character_chosen":"IRONCLAD","items_purchased":["Membership Card","Block Potion","LifebloodPotion","The Bomb","Counterbalance","Oddly Smooth Stone"],"campfire_rested":2,"item_purchase_floors":[28,38,38,38,46,46],"current_hp_per_floor":[73,74,77,70,72,72,46,46,46,46,39,39,25,23,47,37,80,80,72,57,57,43,35,35,25,25,25,25,20,60,63,63,47,85,78,78,68,68,55,55,55,55,55,55,55,55,55,44,44,0,0],"gold":164,"neow_bonus":"ONE_RANDOM_RARE_CARD","is_daily":false,"chose_seed":false,"campfire_upgraded":7,"win_rate":0.0,"timestamp":1611173537,"path_taken":["M","M","?","?","M","R","E","R","T","R","E","?","E","?","R","BOSS","M","M","?","?","M","E","R","E","T","?","$","M","R","M","R","BOSS","M","?","M","$","M","R","?","R","T","?","?","?","R","?","R_BF","BOSS"],"items_purchased_type":["Relic","Potion","Potion","Card","Relic","Relic"],"build_version":"2020-12-22","purchased_purges":3,"victory":false,"max_hp_per_floor":[80,80,80,80,80,80,80,80,80,80,80,80,80,80,80,80,80,80,80,85,85,85,85,85,85,85,85,85,85,85,85,85,85,85,85,85,85,85,85,85,85,85,85,85,85,85,85,85,85,85,85],"card_choices":[{"not_picked":["ReplayTheSpireMod:Limb From Limb","Cleave"],"picked":"Combust","floor":1},{"not_picked":["Heavy Blade","Battle Trance","Sword Boomerang"],"picked":"SKIP","floor":2},{"not_picked":["Perfected Strike","Cleave"],"picked":"Wild Strike","floor":3},{"not_picked":["Havoc","Disarm"],"picked":"Rupture","floor":5},{"not_picked":["Defy Death","Wild Strike"],"picked":"Cleave","floor":7},{"not_picked":["conspire:Charge","Offering","Burning Pact"],"picked":"SKIP","floor":11},{"not_picked":["ReplayTheSpireMod:Stacked","Thunderclap"],"picked":"Heavy Blade","floor":13},{"not_picked":["Thunderclap","Shockwave","Dark Embrace"],"picked":"SKIP","floor":14},{"not_picked":["Pummel","Perfected Strike","Twin Strike"],"picked":"SKIP","floor":18},{"not_picked":["Massacre","Power Through","ReplayTheSpireMod:Strike From Hell+1"],"picked":"SKIP","floor":19},{"not_picked":["Clothesline","ReplayTheSpireMod:Strike From Hell"],"picked":"Flex","floor":22},{"not_picked":["Flex+1","True Grit"],"picked":"Combust","floor":23},{"not_picked":["Corruption","Disarm"],"picked":"Evolve","floor":25},{"not_picked":["Perfected Strike","Run Through","Uppercut+1"],"picked":"SKIP","floor":29},{"not_picked":["Thunderclap","Power Through","Whirlwind+1"],"picked":"SKIP","floor":31},{"not_picked":["Double Tap","Immolate"],"picked":"conspire:Purge","floor":33},{"not_picked":["Replay:Undeath\u0027s Touch+1","Wild Strike"],"picked":"ReplayTheSpireMod:Stacked","floor":35},{"not_picked":["Burning Pact+1","Replay:Undeath\u0027s Touch","ReplayTheSpireMod:Stacked"],"picked":"SKIP","floor":37},{"not_picked":["Body Slam","True Grit+1"],"picked":"Shrug It Off+1","floor":39},{"not_picked":["Intimidate+1","Heavy Blade+1","Clash+1"],"picked":"SKIP","floor":48}],"player_experience":90975,"relics_obtained":[{"floor":3,"key":"conspire:TopHat"},{"floor":7,"key":"Orichalcum"},{"floor":11,"key":"Bag of Marbles"},{"floor":13,"key":"Whetstone"},{"floor":23,"key":"King of Hearts"},{"floor":25,"key":"Regal Pillow"},{"floor":26,"key":"Mercury Hourglass"},{"floor":36,"key":"ReplayTheSpireMod:Ring of Collecting"},{"floor":36,"key":"ReplayTheSpireMod:Ring of Challenge"},{"floor":43,"key":"Onion Ring"}],"event_choices":[{"cards_removed":["Strike_R"],"damage_healed":0,"gold_gain":0,"player_choice":"Card Removal","damage_taken":7,"max_hp_gain":0,"max_hp_loss":0,"event_name":"Golden Wing","floor":4,"gold_loss":0},{"damage_healed":0,"gold_gain":0,"player_choice":"Shed Blood","damage_taken":20,"max_hp_gain":5,"max_hp_loss":0,"event_name":"Forgotten Altar","floor":20,"gold_loss":0},{"damage_healed":0,"gold_gain":0,"player_choice":"Stole Relic","damage_taken":0,"relics_obtained":["Mirror"],"max_hp_gain":0,"max_hp_loss":0,"event_name":"Addict","floor":21,"gold_loss":0,"cards_obtained":["Shame"]},{"damage_healed":0,"gold_gain":0,"player_choice":"Ignored","damage_taken":0,"max_hp_gain":0,"max_hp_loss":0,"event_name":"Vampires","floor":27,"gold_loss":0},{"cards_removed":["Strike_R"],"damage_healed":0,"gold_gain":0,"player_choice":"Removed Attack","damage_taken":0,"max_hp_gain":0,"max_hp_loss":0,"event_name":"Falling","floor":41,"gold_loss":0},{"damage_healed":0,"gold_gain":0,"player_choice":"Ignored","damage_taken":0,"max_hp_gain":0,"max_hp_loss":0,"event_name":"Tomb of Lord Red Mask","floor":44,"gold_loss":0},{"damage_healed":0,"gold_gain":0,"player_choice":"Leave","damage_taken":0,"max_hp_gain":0,"max_hp_loss":0,"event_name":"conspire:Investor","floor":45,"gold_loss":0}],"is_beta":false,"boss_relics":[{"not_picked":["Replay:Wanted Poster","SlaversCollar"],"picked":"Mark of Pain"},{"not_picked":["Runic Dome","Fusion Hammer"],"picked":"Ring of Chaos"}],"items_purged_floors":[28,38,46],"is_endless":false,"potions_floor_spawned":[1,3,7,14,18,23,31,33,35],"killed_by":"Replay:Hell Engine","ascension_level":2}}