{"host":"pcbz64t4k17ey4z1","time":1611170733,"event":{"mods":["2.2 Compatiblity","AchievementEnabler","Act Like it!","Aspiration","BaseMod","Beaked The Cultist","Better Match","Better Third Choice","BetterRewards","Card Forge","Colored Map","Colored Powertips","Conspire","Disable Question Mark Monsters","Fireblade Mod","Friendly Minions","Gensokyo","GifTheSpireLib","Glutton Mod","Googly Eyes","Gremlin Mod","Hermit","Hubris","Infinite Spire","Koishi","Marisa????????","Minty Spire (QoL Compilation)","Permanent Neow","Potionbrewer","Quick Restart","Random Character Button","Rare Cards Sparkle","Relic Filter","Replay The Spire","Robot Space Explorer","Shade Mod","Shop Mod","Spicy Shops","StSLib","Stuff the Spire","SuperFastMode","The Cursed","The Druid","The Gatherer","The Hierophant","The IronCluck","The Jungle","The Marked","The Runesmith","Virulent Crown","Waifu the Spire","Wandering Minibosses","vexMod"],"gold_per_floor":[118,118,138,156,167,196,209,239,239,267,285,285,285,285,285,383,383,400,413,378,378,392,392,426,426,426,454,468,478,507,526,526,628,628,646,664,730,741,741,771,771,860,860,948,967,1054,1163,1321,1321,1421,1421,1421,544,622,747],"floor_reached":56,"language":"ENG","playtime":3620,"items_purged":["Gatherer:Strike_Gatherer+1"],"score":2095,"play_id":"98b51964-72a2-4460-a995-8ddbfdc4f600","local_time":"20210120192533","is_ascension_mode":true,"metric_token":3409,"campfire_choices":[{"data":"Gatherer:FlowerWhip","floor":12,"key":"SMITH"},{"data":"Gatherer:FlowerWhip+1","floor":15,"key":"SMITH"},{"floor":23,"key":"REST"},{"floor":32,"key":"RECALL"},{"data":"Gatherer:BomberForm","floor":41,"key":"SMITH"},{"data":"Gatherer:FlowerPower+1","floor":49,"key":"SMITH"},{"data":"Gatherer:FlowerBeam","floor":52,"key":"SMITH"}],"circlet_count":0,"master_deck":["Gatherer:Strike_Gatherer+1","Gatherer:Defend_Gatherer+1","Gatherer:Defend_Gatherer+1","Gatherer:Defend_Gatherer+1","Gatherer:Centralize+1","Apotheosis+1","Gatherer:WitheringStrike","Gatherer:ScherryThrow+1","Gatherer:AlchemyTrial","Gatherer:FlowerWhip+3","Gatherer:Uplift+1","Gatherer:Misfortune","Gatherer:RecoveryHerb","Gatherer:AlchemyTrial","Gatherer:FlowerPower+3","Gatherer:LuckyClover","Gatherer:FinishingStrike","Gatherer:RottenStipe+1","Gatherer:Nutrients+1","Gatherer:ScrollOfPurity+1","Gatherer:FlowerBeam+2","Gatherer:SmartManeuver+1","Gatherer:BomberForm+1","Gatherer:EchoOfNature+1","infinitespire:Gouge","Gatherer:FlowerPower+3","Gatherer:UpgradeBag+1","Gatherer:BalancedGrowth+1","Gatherer:Liquidism"],"relics":["Gatherer:MiracleBag","Hammer of Thor","Seething Fire","Anvil of the Gods","Runesmith:Nanobots","StuffTheSpire:EmeraldSignet","Peace Pipe","StuffTheSpire:Mouthbags","Sling","hubris:CrystalStatue","Orichalcum","StuffTheSpire:Gunfinga","hubris:GlazedTorus","Gensokyo:CelestialsFlawlessClothing","hubris:Towel","StuffTheSpire:Tea","Replay:Bottled Steam","Ice Cream","Calipers","Gatherer:ExplorersPath","wanderingMiniBosses:ThiefScarf","potionbrewer:Torch","infinitespire:Beetle Shell","aspiration:MobileForge","Replay:Bandana","hubris:MysteriousPyramids","infinitespire:Beetle Shell","Bottled Flame","Replay:Baseball","HandDrill","infinitespire:WardingShard","vexMod:FocusSash","Gatherer:FloralEgg"],"acts_visited":["Gensokyo:Gensokyo","TheCity","TheBeyond","TheEnding"],"potions_floor_usage":[6,8,10,16,20,20,22,24,28,28,28,29,30,33,33,33,33,37,37,37,37,37,40,40,42,42,44,45,46,46,47,48,48,50,50,55,55,55],"damage_taken":[{"damage":0,"enemies":"Gensokyo:3_Fairies","floor":1,"turns":4},{"damage":0,"enemies":"Gensokyo:Python","floor":3,"turns":2},{"damage":4,"enemies":"Gensokyo:2_Kodama","floor":4,"turns":3},{"damage":5,"enemies":"Gensokyo:Kitsune","floor":5,"turns":3},{"damage":4,"enemies":"Gensokyo:Mamizou","floor":6,"turns":7},{"damage":7,"enemies":"Gensokyo:5_Fairies","floor":7,"turns":5},{"damage":0,"enemies":"Gensokyo:Cirno","floor":8,"turns":4},{"damage":24,"enemies":"Gensokyo:Mamizou","floor":10,"turns":5},{"damage":3,"enemies":"Gensokyo:Python_and_Kodama","floor":11,"turns":3},{"damage":5,"enemies":"Gensokyo:Kokoro","floor":16,"turns":7},{"damage":5,"enemies":"2 Thieves","floor":18,"turns":2},{"damage":6,"enemies":"3 Byrds","floor":19,"turns":4},{"damage":22,"enemies":"conspire:HollyBat","floor":20,"turns":8},{"damage":12,"enemies":"Snake Plant","floor":22,"turns":4},{"damage":0,"enemies":"conspire:SneckoGhost","floor":24,"turns":5},{"damage":4,"enemies":"Slavers","floor":27,"turns":4},{"damage":22,"enemies":"Chosen and Byrds","floor":28,"turns":5},{"damage":0,"enemies":"Snecko","floor":29,"turns":5},{"damage":0,"enemies":"Replay:Snechameleon","floor":30,"turns":5},{"damage":0,"enemies":"Shelled Parasite and Fungi","floor":31,"turns":3},{"damage":10,"enemies":"Automaton","floor":33,"turns":5},{"damage":0,"enemies":"3 Shapes","floor":35,"turns":6},{"damage":6,"enemies":"Orb Walker","floor":36,"turns":3},{"damage":11,"enemies":"Maw","floor":37,"turns":5},{"damage":4,"enemies":"Transient","floor":38,"turns":5},{"damage":1,"enemies":"Nightmare","floor":40,"turns":7},{"damage":16,"enemies":"Reptomancer","floor":42,"turns":4},{"damage":0,"enemies":"Writhing Mass","floor":44,"turns":4},{"damage":0,"enemies":"3 Darklings","floor":45,"turns":1},{"damage":0,"enemies":"R_Hoarder","floor":46,"turns":4},{"damage":0,"enemies":"Maw","floor":47,"turns":5},{"damage":0,"enemies":"Transient","floor":48,"turns":4},{"damage":37,"enemies":"infinitespire:MassOfShapes","floor":50,"turns":5},{"damage":0,"enemies":"Shield and Spear","floor":54,"turns":3},{"damage":46,"enemies":"The Heart","floor":55,"turns":7}],"seed_played":"1744263822873087827","potions_obtained":[{"floor":3,"key":"potionbrewer:CleansingPotion"},{"floor":6,"key":"potionbrewer:DiscountPotion"},{"floor":7,"key":"Explosive Potion"},{"floor":11,"key":"potionbrewer:EndurancePotion"},{"floor":20,"key":"Energy Potion"},{"floor":28,"key":"potionbrewer:NoxiousPotion"},{"floor":30,"key":"potionbrewer:MidasPotion"},{"floor":31,"key":"Strength Potion"},{"floor":33,"key":"BlessingOfTheForge"},{"floor":35,"key":"Venom Potion"},{"floor":40,"key":"AttackPotion"},{"floor":42,"key":"Milkshake"},{"floor":46,"key":"Block Potion"}],"is_trial":false,"path_per_floor":["M","?","M","M","M","E","M","E","T","E","M","R","?","?","R","B",null,"M","M","M","?","M","R","E","?","T","E","M","M","E","M","R","B",null,"M","M","M","M","AVR","NM","R","E","T","M","M","E","M","M","R","B",null,"R","$","E","B",null],"character_chosen":"THE_GATHERER","items_purchased":["Runesmith:Nanobots","StuffTheSpire:EmeraldSignet","Apotheosis","Gatherer:WitheringStrike","Gatherer:ScherryThrow+1","Gatherer:AlchemyTrial","StuffTheSpire:Mouthbags","potionbrewer:Torch","Sling","hubris:CrystalStatue","Gatherer:Uplift","Replay:Baseball","HandDrill","infinitespire:WardingShard","vexMod:FocusSash","Gatherer:Liquidism","Adrenaline Potion","Strength Potion"],"campfire_rested":1,"item_purchase_floors":[0,0,0,0,0,0,0,0,0,0,0,53,53,53,53,53,53,53],"current_hp_per_floor":[72,72,72,68,63,60,59,63,63,42,44,44,26,33,33,34,63,61,59,41,41,39,60,68,76,76,73,56,56,62,64,64,56,72,73,67,59,58,58,59,59,55,55,62,62,71,77,80,80,45,77,77,77,78,39],"gold":747,"neow_bonus":"","is_daily":false,"chose_seed":false,"campfire_upgraded":5,"win_rate":0.0,"timestamp":1611170733,"path_taken":["M","?","M","M","M","E","M","E","T","E","M","R","?","?","R","BOSS","M","M","M","?","M","R","E","?","T","E","M","M","E","M","R","BOSS","M","?","M","M","AVR","NM","R","E","T","M","M","E","M","?","R","BOSS","R","$","E","BOSS"],"items_purchased_type":["Relic","Relic","Card","Card","Card","Card","Relic","Relic","Relic","Relic","Card","Relic","Relic","Relic","Relic","Card","Potion","Potion"],"build_version":"2020-12-22","purchased_purges":1,"victory":true,"max_hp_per_floor":[72,72,72,72,72,72,72,72,72,72,72,72,72,72,72,72,72,72,72,72,72,72,72,77,77,77,77,77,77,77,77,77,77,77,77,77,77,77,77,77,77,82,82,82,82,87,87,87,87,87,87,87,87,87,87],"card_choices":[{"not_picked":["Gatherer:CollectorsShot","Gatherer:AromaProtection"],"picked":"Gatherer:PotentialSlash","floor":1},{"not_picked":["Gatherer:SaveValuables","Gatherer:BambuSword"],"picked":"Gatherer:Misfortune","floor":3},{"not_picked":["Gatherer:Pollute","Gatherer:UpgradeBag"],"picked":"Gatherer:RecoveryHerb","floor":4},{"not_picked":["Gatherer:QuickSynthesis","Gatherer:SaveValuables"],"picked":"Gatherer:AlchemyTrial","floor":5},{"not_picked":["Gatherer:CarefulStrike","Gatherer:CollectorsShot"],"picked":"Gatherer:FlowerPower","floor":6},{"not_picked":["Gatherer:ScrollOfWall","Gatherer:FragileHammer"],"picked":"Gatherer:LuckyClover","floor":7},{"not_picked":["Gatherer:Snatch","Gatherer:ScrollOfWall","Gatherer:TacticalStrike"],"picked":"SKIP","floor":8},{"not_picked":["Gatherer:UpgradeBag","Gatherer:RecipeChange","Gatherer:BigPouch"],"picked":"SKIP","floor":10},{"not_picked":["Gatherer:BambuSword","Gatherer:ScherryThrow","Gatherer:EnergyBasket"],"picked":"SKIP","floor":11},{"not_picked":["Gatherer:ColorfulGarden","Gatherer:LuckyClover"],"picked":"Gatherer:FinishingStrike","floor":16},{"not_picked":["Gatherer:GatherMaterial+1","Gatherer:BigPouch"],"picked":"Gatherer:RottenStipe+1","floor":18},{"not_picked":["Gatherer:QuickSynthesis","Gatherer:TacticalStrike"],"picked":"Gatherer:CarefulStrike","floor":19},{"not_picked":["Gatherer:FragileHammer+1","Gatherer:Snatch"],"picked":"Gatherer:Nutrients","floor":20},{"not_picked":["Gatherer:GlowingPlant+1","Gatherer:BambuSword","Gatherer:TacticalStrike"],"picked":"SKIP","floor":22},{"not_picked":["Gatherer:AromaProtection","Gatherer:RecipeChange+1","Gatherer:DrugPower"],"picked":"SKIP","floor":24},{"not_picked":["Gatherer:Convert","Gatherer:FlowerFalling"],"picked":"Gatherer:ScrollOfPurity","floor":27},{"not_picked":["Gatherer:Snatch+1","Gatherer:Duality"],"picked":"Gatherer:Nutrients","floor":28},{"not_picked":["Gatherer:BambuSword+1","Gatherer:FragileHammer","Gatherer:GlowingPlant+1"],"picked":"SKIP","floor":29},{"not_picked":["Gatherer:FlowerFalling","Gatherer:SaveValuables"],"picked":"Gatherer:FlowerBeam","floor":30},{"not_picked":["Gatherer:RottenStipe","Gatherer:ScherryThrow"],"picked":"Gatherer:SmartManeuver+1","floor":31},{"not_picked":["Gatherer:Photoscythe","Gatherer:Bulldoze"],"picked":"Gatherer:BomberForm","floor":33},{"not_picked":["Gatherer:Snatch","Gatherer:BambuSword"],"picked":"Gatherer:SmartManeuver+1","floor":35},{"not_picked":["Gatherer:ScherryThrow","Gatherer:QuickSynthesis"],"picked":"Gatherer:GatherMaterial","floor":36},{"not_picked":["Gatherer:BambuSword+1","Gatherer:WitheringStrike"],"picked":"Gatherer:EchoOfNature+1","floor":37},{"not_picked":["Gatherer:FlowerShield","Gatherer:BambuSword+1"],"picked":"Gatherer:AcidicSpray","floor":38},{"not_picked":["infinitespire:TheBestDefense","ReplayTheSpireMod:Echo Chamber"],"picked":"infinitespire:Gouge","floor":40},{"not_picked":["Gatherer:Frenzy+1","Gatherer:TreeGrowth+1"],"picked":"Gatherer:FlowerPower+1","floor":40},{"not_picked":["Gatherer:AromaProtection+1","Gatherer:WitheringStrike+1"],"picked":"Gatherer:UpgradeBag+1","floor":42},{"not_picked":["Gatherer:WoolGloves+1","Gatherer:SaveValuables"],"picked":"Gatherer:BalancedGrowth+1","floor":44},{"not_picked":["Gatherer:AcidicSpray+1","Gatherer:RottenStipe+1"],"picked":"Gatherer:GatherMaterial+1","floor":45},{"not_picked":["Gatherer:TacticalStrike","Gatherer:TreeGrowth"],"picked":"Gatherer:GatherMaterial+1","floor":46},{"not_picked":["Gatherer:SealedBomb","Gatherer:Transmute+1"],"picked":"Gatherer:DrugPower","floor":47},{"not_picked":["Gatherer:BigPouch+1","Gatherer:CarefulStrike"],"picked":"Gatherer:Convert","floor":48},{"not_picked":["Gatherer:Overflowing","Gatherer:LuckyClover"],"picked":"Gatherer:PotentialSlash","floor":54}],"player_experience":3344458,"relics_obtained":[{"floor":6,"key":"Orichalcum"},{"floor":8,"key":"StuffTheSpire:Gunfinga"},{"floor":10,"key":"hubris:GlazedTorus"},{"floor":24,"key":"StuffTheSpire:Tea"},{"floor":26,"key":"Replay:Bottled Steam"},{"floor":27,"key":"Ice Cream"},{"floor":30,"key":"Calipers"},{"floor":37,"key":"wanderingMiniBosses:ThiefScarf"},{"floor":37,"key":"potionbrewer:Torch"},{"floor":40,"key":"Replay:Bandana"},{"floor":42,"key":"hubris:MysteriousPyramids"},{"floor":43,"key":"infinitespire:Beetle Shell"},{"floor":46,"key":"Bottled Flame"},{"floor":54,"key":"Gatherer:FloralEgg"}],"event_choices":[{"damage_healed":0,"gold_gain":0,"player_choice":"Leave","damage_taken":0,"max_hp_gain":0,"max_hp_loss":0,"event_name":"conspire:Investor","floor":2,"gold_loss":0}],"is_beta":false,"boss_relics":[{"not_picked":["Ring of Chaos","aspiration:RunicSpoon"],"picked":"Gatherer:MiracleBag"},{"not_picked":["conspire:SlowCooker","Pandora\u0027s Box"],"picked":"Gatherer:ExplorersPath"}],"items_purged_floors":[39],"is_endless":false,"potions_floor_spawned":[3,6,7,11,20,28,30,31,33,35,40,42,46],"ascension_level":5}}