{"host":"deyrtfrmqzu7hb38","time":1611142806,"event":{"mods":["Act Like it!","BaseMod","Better Note","BetterRewards","Block Reminder","Conspire","Elementarium","Friendly Minions","Gold Saver","Infinite Spire","Minty Spire (QoL Compilation)","Rare Cards Sparkle","Relic Filter","Relic Stats","Replay The Spire","StSLib","The Death Knight","The Runesmith","Treasure Hunter","Unceasing Turn Reminder","Useless Jewels Mod","Virulent Crown","Wandering Minibosses"],"gold_per_floor":[692,166,166,180,160,187,187,221,221,214,229,220,220,224,224,304,404,419,419,419,419,428,428,455,484,496,532,1297,1340,1366,1398,1410,1423,1423],"floor_reached":33,"language":"ENG","playtime":5611,"items_purged":["Strike_G","Strike_G"],"score":405,"play_id":"74ec1665-7cdb-43c4-ace7-f28f6c223512","local_time":"20210120194006","is_ascension_mode":true,"campfire_choices":[{"data":"Catalyst","floor":7.0,"key":"SMITH"},{"data":"Deadly Poison","floor":13.0,"key":"SMITH"},{"floor":15.0,"key":"REST"},{"data":"ReplayTheSpireMod:Black Plague","floor":23.0,"key":"SMITH"},{"data":"Burst","floor":32.0,"key":"SMITH"}],"circlet_count":0,"master_deck":["Strike_G","Strike_G","Defend_G+1","Defend_G+1","Defend_G+1","Defend_G+1","Defend_G+1","Survivor","Neutralize","Catalyst+1","Choke","Poisoned Stab","TH:CopperCoins","Deadly Poison+1","TH:TreasureMap","TH:BikiniMail","TH:BikiniMail","Burst+1","Replay:Poison Smokescreen","ReplayTheSpireMod:Black Plague+1","TH:DeckOfManyThings","Runesmith:Grindstone+1","TH:DeckOfManyThings","TH:DeckOfManyThings","Replay:Undeath\u0027s Touch"],"relics":["Ring of the Snake","NeowsBlessing","Replay:Bottled Eggs","Replay:Baseball","Centennial Puzzle","Bag of Marbles","Ancient Tea Set","Replay:Wanted Poster","WristBlade","PrismaticShard","MawBank","Mummified Hand","ReplayTheSpireMod:Ninjato","wanderingMiniBosses:MasterThiefsPresence","Elementarium:GoldenMirage"],"acts_visited":["Exordium","Exordium"],"potions_floor_usage":[33,33],"damage_taken":[{"damage":0.0,"enemies":"Cultist","floor":1.0,"turns":1.0},{"damage":0.0,"enemies":"2 Louse","floor":4.0,"turns":1.0},{"damage":0.0,"enemies":"Gremlin Nob","floor":6.0,"turns":1.0},{"damage":11.0,"enemies":"3 Sentries","floor":8.0,"turns":6.0},{"damage":7.0,"enemies":"Jaw Worm","floor":10.0,"turns":7.0},{"damage":6.0,"enemies":"Lots of Slimes","floor":11.0,"turns":4.0},{"damage":7.0,"enemies":"2 Fungi Beasts","floor":12.0,"turns":5.0},{"damage":0.0,"enemies":"Exordium Wildlife","floor":14.0,"turns":2.0},{"damage":69.0,"enemies":"Fading Forest","floor":16.0,"turns":11.0},{"damage":6.0,"enemies":"Elementarium:2_ELEMENTALS","floor":18.0,"turns":4.0},{"damage":8.0,"enemies":"Elementarium:MUD_AND_TAR_GOLEMS","floor":22.0,"turns":2.0},{"damage":14.0,"enemies":"Elementarium:FIRE_NOBILITY","floor":24.0,"turns":5.0},{"damage":7.0,"enemies":"Elementarium:STONE_GOLEMS","floor":25.0,"turns":3.0},{"damage":7.0,"enemies":"Elementarium:WarGolem","floor":27.0,"turns":3.0},{"damage":2.0,"enemies":"Elementarium:CYCLONE_AND_ORB_OF_FIRE","floor":28.0,"turns":7.0},{"damage":4.0,"enemies":"Elementarium:GOLDEN_STATUES","floor":29.0,"turns":5.0},{"damage":2.0,"enemies":"Elementarium:VoidBeast","floor":30.0,"turns":4.0},{"damage":2.0,"enemies":"Elementarium:RubyGolem","floor":31.0,"turns":4.0},{"damage":20,"enemies":"Elementarium:PHOENIXES","floor":33,"turns":10}],"seed_played":"2017197645791659166","potions_obtained":[{"floor":1.0,"key":"DeathKnight:RimePotion"},{"floor":5.0,"key":"Energy Potion"},{"floor":8.0,"key":"ColorlessPotion"},{"floor":14.0,"key":"Explosive Potion"},{"floor":25.0,"key":"Reflective Coating"},{"floor":27.0,"key":"LifebloodPotion"},{"floor":29.0,"key":"Poison Potion"}],"is_trial":false,"path_per_floor":["M","$","?","M","?","E","R","E","T","M","M","M","R","M","R","B",null,"M","?","?","AVR","M","R","E","M","T","E","M","?","M","M","R","B"],"character_chosen":"THE_SILENT","items_purchased":["Replay:Bottled Eggs","SkillPotion","Replay:Baseball"],"campfire_rested":1,"item_purchase_floors":[2,2,2],"current_hp_per_floor":[70,70,70,70,70,70,70,59,59,52,46,39,39,39,60,13,70,64,64,64,64,56,56,42,35,35,28,26,22,20,18,18,0,0],"gold":1423,"neow_bonus":"THREE_ENEMY_KILL","is_daily":false,"chose_seed":false,"campfire_upgraded":4,"win_rate":0.0,"timestamp":1611142806,"path_taken":["M","$","?","?","?","E","R","E","T","M","?","M","R","M","R","BOSS","M","?","?","AVR","M","R","E","M","T","E","?","?","M","M","R","BOSS"],"items_purchased_type":["Relic","Potion","Relic"],"build_version":"2020-12-22","purchased_purges":2,"victory":false,"max_hp_per_floor":[70,70,70,70,70,70,70,70,70,70,70,70,70,70,70,70,70,70,70,70,70,70,70,70,70,70,70,70,70,70,70,70,70,70],"relic_stats":{"Centennial Puzzle":[45],"counters":[19,84],"Mummified Hand":[3],"MawBank":108,"obtain_stats":[{"ReplayTheSpireMod:Ninjato":27,"NeowsBlessing":0,"wanderingMiniBosses:MasterThiefsPresence":28,"Ancient Tea Set":9,"PrismaticShard":21,"MawBank":24,"Elementarium:GoldenMirage":29,"Replay:Wanted Poster":17,"Replay:Baseball":2,"Centennial Puzzle":6,"WristBlade":21,"Mummified Hand":26,"Bag of Marbles":8,"Replay:Bottled Eggs":2,"Ring of the Snake":0},{"ReplayTheSpireMod:Ninjato":14,"NeowsBlessing":0,"wanderingMiniBosses:MasterThiefsPresence":15,"Ancient Tea Set":4,"PrismaticShard":10,"MawBank":12,"Elementarium:GoldenMirage":16,"Replay:Wanted Poster":9,"Replay:Baseball":1,"Centennial Puzzle":3,"WristBlade":10,"Mummified Hand":13,"Bag of Marbles":4,"Replay:Bottled Eggs":1,"Ring of the Snake":0},{"ReplayTheSpireMod:Ninjato":55,"NeowsBlessing":0,"wanderingMiniBosses:MasterThiefsPresence":62,"Ancient Tea Set":9,"PrismaticShard":42,"MawBank":49,"Elementarium:GoldenMirage":67,"Replay:Wanted Poster":38,"Replay:Baseball":1,"Centennial Puzzle":3,"WristBlade":42,"Mummified Hand":52,"Bag of Marbles":9,"Replay:Bottled Eggs":1,"Ring of the Snake":0}],"Ring of the Snake":[38]},"card_choices":[{"not_picked":["ReplayTheSpireMod:Scrap Shanks","Backflip"],"picked":"Catalyst","floor":1.0},{"not_picked":["Dagger Spray","Skewer"],"picked":"Poisoned Stab","floor":4.0},{"not_picked":["TH:EnergyPotion"],"picked":"TH:CopperCoins","floor":6.0},{"not_picked":["ReplayTheSpireMod:Tripwire","Terror"],"picked":"Deadly Poison","floor":6.0},{"not_picked":["TH:EnergyPotion"],"picked":"TH:TreasureMap","floor":8.0},{"not_picked":["Dodge and Roll","Backflip","Calculated Gamble"],"picked":"SKIP","floor":8.0},{"not_picked":["TH:PixieDust"],"picked":"TH:BikiniMail","floor":9.0},{"not_picked":["Backflip","Underhanded Strike","Eviscerate"],"picked":"SKIP","floor":10.0},{"not_picked":["Fluid Movement","Well Laid Plans","ReplayTheSpireMod:Speed Training"],"picked":"SKIP","floor":11.0},{"not_picked":["Infinite Blades","Deflect","Distraction"],"picked":"SKIP","floor":12.0},{"not_picked":["Infinite Blades","Deflect","Bouncing Flask"],"picked":"SKIP","floor":14.0},{"not_picked":["TH:EnergyPotion"],"picked":"TH:BikiniMail","floor":16.0},{"not_picked":["A Thousand Cuts","Grand Finale"],"picked":"Burst","floor":16.0},{"not_picked":["Acrobatics+1","Deflect","Quick Slash"],"picked":"SKIP","floor":18.0},{"not_picked":["Replay:BasicMightCard","Dark Shackles+1","Evaluate"],"picked":"SKIP","floor":22.0},{"not_picked":["TH:EnergyPotion"],"picked":"TH:DeckOfManyThings","floor":24.0},{"not_picked":["Infinite Blades","Crystallizer","DeathKnight:BloodPact"],"picked":"SKIP","floor":24.0},{"not_picked":["DeathKnight:Hysteria","Combust"],"picked":"Runesmith:Grindstone+1","floor":25.0},{"not_picked":["TH:Mimic"],"picked":"TH:DeckOfManyThings","floor":26.0},{"not_picked":["TH:CopperCoins"],"picked":"TH:DeckOfManyThings","floor":27.0},{"not_picked":["Runesmith:HeatExchange","Consume+1","DeathKnight:Parry"],"picked":"SKIP","floor":27.0},{"not_picked":["Headbutt","DeathKnight:HartStrike","Hello World"],"picked":"SKIP","floor":28.0},{"not_picked":["Shockwave","Fission","Sucker Punch"],"picked":"SKIP","floor":30.0},{"not_picked":["Prepared+1","Second Wind"],"picked":"Replay:Undeath\u0027s Touch","floor":31.0}],"player_experience":395295,"relics_obtained":[{"floor":6.0,"key":"Centennial Puzzle"},{"floor":8.0,"key":"Bag of Marbles"},{"floor":9.0,"key":"Ancient Tea Set"},{"floor":24.0,"key":"MawBank"},{"floor":26.0,"key":"Mummified Hand"},{"floor":27.0,"key":"ReplayTheSpireMod:Ninjato"},{"floor":28.0,"key":"wanderingMiniBosses:MasterThiefsPresence"},{"floor":29.0,"key":"Elementarium:GoldenMirage"}],"event_choices":[{"damage_healed":0.0,"max_hp_gain":0.0,"max_hp_loss":0.0,"gold_gain":0.0,"cards_transformed":["Strike_G"],"event_name":"Transmorgrifier","player_choice":"Transformed","floor":3.0,"gold_loss":0.0,"damage_taken":0.0,"cards_obtained":["Choke"]},{"damage_healed":0.0,"max_hp_gain":0.0,"max_hp_loss":0.0,"gold_gain":0.0,"event_name":"The Woman in Blue","player_choice":"Bought 1 Potion","floor":5.0,"gold_loss":0.0,"damage_taken":0.0},{"damage_healed":0.0,"max_hp_gain":0.0,"max_hp_loss":0.0,"gold_gain":0.0,"event_name":"Elementarium:LostScrolls","player_choice":"Read","floor":19.0,"gold_loss":0.0,"damage_taken":0.0,"cards_obtained":["Replay:Poison Smokescreen"]},{"damage_healed":0.0,"max_hp_gain":0.0,"max_hp_loss":0.0,"gold_gain":0.0,"event_name":"conspire:Investor","player_choice":"Leave","floor":20.0,"gold_loss":0.0,"damage_taken":0.0},{"damage_healed":0.0,"max_hp_gain":0.0,"max_hp_loss":0.0,"gold_gain":0.0,"event_name":"Elementarium:GoldenStatues","player_choice":"Fight","floor":29.0,"gold_loss":0.0,"damage_taken":0.0}],"is_beta":false,"boss_relics":[{"not_picked":["Snecko Eye","Black Star"],"picked":"Replay:Wanted Poster"}],"items_purged_floors":[2,21],"is_endless":false,"potions_floor_spawned":[1,6,8,14,25,27,29],"killed_by":"Elementarium:PHOENIXES","ascension_level":2}}