{"host":"0jfycbte0yldxyb4","time":1611122746,"event":{"mods":["2.2 Compatiblity","AchievementEnabler","Aspiration","BaseMod","Better Note","BetterRewards","Colored Map","Colored Powertips","GungeonMod","Hermit","Minty Spire (QoL Compilation)","StSLib","The Bladedancer","The Bug Knight","The Servant 0.9.4","The Wild Card"],"gold_per_floor":[113,125,125,135,145,145,170,182,194,171,203,215,240,352,364,376,376],"floor_reached":16,"language":"ENG","playtime":1095,"items_purged":[],"score":102,"play_id":"87557d93-7e89-4504-90e6-875f64c4b42e","local_time":"20210120000546","is_ascension_mode":false,"campfire_choices":[{"floor":6,"key":"REST"},{"floor":12,"key":"REST"},{"floor":15,"key":"REST"}],"circlet_count":0,"master_deck":["Strike_S","Strike_S","Strike_S","Strike_S","Defend_S","Defend_S","Defend_S","KidneyShot","Exchange","Gouge","Ricochet","FastForward","BottledTime","Defy","Snipe","Moonlight"],"relics":["Uniform","NeowsBlessing","White Beast Statue","MawBank","DemoMod:MeltedRock"],"acts_visited":["Exordium"],"potions_floor_usage":[16,16,16],"damage_taken":[{"damage":0,"enemies":"2 Louse","floor":1,"turns":1},{"damage":0,"enemies":"Jaw Worm","floor":2,"turns":1},{"damage":0,"enemies":"Small Slimes","floor":4,"turns":1},{"damage":0,"enemies":"Exordium Wildlife","floor":5,"turns":3},{"damage":32,"enemies":"Lagavulin","floor":7,"turns":7},{"damage":9,"enemies":"Looter","floor":11,"turns":3},{"damage":8,"enemies":"Gremlin Gang","floor":13,"turns":3},{"damage":63,"enemies":"Hexaghost","floor":16,"turns":12}],"seed_played":"-8287857029883850895","potions_obtained":[{"floor":1,"key":"GamblersBrew"},{"floor":4,"key":"SpeedPotion"},{"floor":5,"key":"Energy Potion"},{"floor":7,"key":"EssenceOfSteel"},{"floor":11,"key":"FearPotion"},{"floor":13,"key":"Explosive Potion"}],"is_trial":false,"path_per_floor":["M","M","?","M","M","R","E","?","T","?","M","R","M","?","R","B"],"character_chosen":"THE_SERVANT","items_purchased":[],"campfire_rested":3,"item_purchase_floors":[],"current_hp_per_floor":[65,65,47,47,47,65,33,26,26,42,33,52,44,44,63,0,0],"gold":376,"neow_bonus":"THREE_ENEMY_KILL","is_daily":false,"chose_seed":false,"campfire_upgraded":0,"win_rate":0.0,"timestamp":1611122746,"path_taken":["M","M","?","M","M","R","E","?","T","?","M","R","?","?","R","BOSS"],"items_purchased_type":[],"build_version":"2020-12-22","purchased_purges":0,"victory":false,"max_hp_per_floor":[65,65,65,65,65,65,65,65,65,65,65,65,65,65,65,65,65],"card_choices":[{"not_picked":["TimeWarp","Defy"],"picked":"Gouge","floor":1},{"not_picked":["FanOfKnives","PendulumOfEternity"],"picked":"Ricochet","floor":2},{"not_picked":["Collapse","Replace"],"picked":"FastForward","floor":4},{"not_picked":["Unruled","TimeWarp"],"picked":"BottledTime","floor":5},{"not_picked":["Alleviate","Misdirection"],"picked":"Defy","floor":7},{"not_picked":["BottledTime","GearUp"],"picked":"Snipe","floor":11},{"not_picked":["Revamp","Advance"],"picked":"Moonlight","floor":13}],"player_experience":1847,"relics_obtained":[{"floor":7,"key":"MawBank"},{"floor":9,"key":"DemoMod:MeltedRock"}],"event_choices":[{"damage_healed":0,"gold_gain":0,"player_choice":"Success","damage_taken":18,"relics_obtained":["White Beast Statue"],"max_hp_gain":0,"max_hp_loss":0,"event_name":"Scrap Ooze","floor":3,"gold_loss":0},{"cards_removed":["Defend_S"],"damage_healed":0,"gold_gain":0,"player_choice":"Card Removal","damage_taken":7,"max_hp_gain":0,"max_hp_loss":0,"event_name":"Golden Wing","floor":8,"gold_loss":0},{"damage_healed":16,"gold_gain":0,"player_choice":"Healed","damage_taken":0,"max_hp_gain":0,"max_hp_loss":0,"event_name":"The Cleric","floor":10,"gold_loss":35},{"damage_healed":0,"gold_gain":100,"player_choice":"Gold","damage_taken":0,"max_hp_gain":0,"max_hp_loss":0,"event_name":"Wheel of Change","floor":14,"gold_loss":0}],"is_beta":false,"boss_relics":[],"items_purged_floors":[],"is_endless":false,"potions_floor_spawned":[1,4,5,7,11,13],"killed_by":"Hexaghost","ascension_level":0}}