{"host":"qy7jow5usmjkdnnq","time":1611182392,"event":{"mods":["BaseMod","Colored Map","Downfall","Minty Spire (QoL Compilation)","Permanent Neow","Relic Stats","StSLib"],"gold_per_floor":[99,113,128,139,154,185,185,15,42,42,55,65,65,98,117,221,221,121,121,121,121,139,49,131,156,56,76,176,207,107,80,94,190,190,190,204,204,37,53,53,53,66,66,94,112,125,153,166,177,177,177,205,30,30,30,30],"floor_reached":57,"language":"ENG","playtime":5890,"items_purged":["Pride","Regret","Normality"],"score":1586,"play_id":"32394158-fa68-494c-8fc0-ff01ad1c65bc","local_time":"20210120233952","is_ascension_mode":true,"campfire_choices":[{"data":"hexamod:Float","floor":1,"key":"SMITH"},{"data":"hexamod:TimeWarp","floor":10,"key":"SMITH"},{"data":"hexamod:GhostLash","floor":13,"key":"SMITH"},{"floor":18,"key":"RECALL"},{"data":"hexamod:PhantomCloak","floor":26,"key":"SMITH"},{"data":"J.A.X.","floor":30,"key":"SMITH"},{"data":"hexamod:UnlimitedPower","floor":35,"key":"SMITH"},{"data":"expansioncontent:DashGenerateEvil","floor":40,"key":"SMITH"},{"data":"hexamod:Incineration","floor":54,"key":"SMITH"}],"circlet_count":0,"master_deck":["hexamod:Strike+1","hexamod:Strike+1","hexamod:Defend","hexamod:Defend+1","hexamod:Defend","hexamod:Defend","hexamod:Float+1","hexamod:NightmareStrike","hexamod:GhostLash+1","hexamod:ApocalypseNow","hexamod:ShieldOfDarkness+1","hexamod:TimeWarp+1","hexamod:RecurringNightmare+1","hexamod:RetreatToShadows+1","hexamod:GhostShield+1","hexamod:FastForward+1","hexamod:PhantomCloak+1","hexamod:AdvancingGuard+1","hexamod:PhantomCloak","hexamod:TimeOfNeed","J.A.X.+1","hexamod:Incineration+1","hexamod:UnlimitedPower+1","hexamod:BacktrackSmack+1","expansioncontent:DashGenerateEvil+1","hexamod:ForkedFlame","hexamod:RainOfEmbers+1"],"relics":["hexamod:SpiritBrand","champ:DeflectingBracers","InkBottle","Shuriken","champ:Barbells","Mercury Hourglass","champ:DuelingGlove","Cursed Key","downfall:HeartBlessingGreen","Oddly Smooth Stone","HornCleat","downfall:HeartBlessingRed","MutagenicStrength","Lizard Tail","downfall:HeartBlessingBlue","Pantograph","sneckomod:SneckoTalon","hexamod:InflammatoryLetter","White Beast Statue","StoneCalendar","Gambling Chip"],"acts_visited":["Exordium","TheCity","TheBeyond","TheEnding"],"potions_floor_usage":[6,14,23,25,32,33,52,52,56,56,56],"damage_taken":[{"damage":0,"enemies":"Cultist","floor":2,"turns":3},{"damage":2,"enemies":"Jaw Worm","floor":3,"turns":3},{"damage":0,"enemies":"2 Louse","floor":4,"turns":3},{"damage":4,"enemies":"Large Slime","floor":5,"turns":4},{"damage":16,"enemies":"3 Sentries","floor":6,"turns":6},{"damage":0,"enemies":"downfall:FleeingMerchant","floor":8,"turns":4},{"damage":10,"enemies":"Lagavulin","floor":9,"turns":4},{"damage":0,"enemies":"Exordium Wildlife","floor":11,"turns":3},{"damage":0,"enemies":"2 Fungi Beasts","floor":12,"turns":2},{"damage":0,"enemies":"3 Sentries","floor":14,"turns":3},{"damage":0,"enemies":"3 Louse","floor":15,"turns":2},{"damage":26,"enemies":"IC_STATUS_ARCHETYPE","floor":16,"turns":5},{"damage":0,"enemies":"Spheric Guardian","floor":22,"turns":2},{"damage":6,"enemies":"downfall:FleeingMerchant","floor":23,"turns":4},{"damage":7,"enemies":"Slavers","floor":25,"turns":3},{"damage":6,"enemies":"Shelled Parasite and Fungi","floor":27,"turns":4},{"damage":2,"enemies":"downfall:Augmenter","floor":28,"turns":4},{"damage":4,"enemies":"Gremlin Leader","floor":29,"turns":5},{"damage":3,"enemies":"downfall:FleeingMerchant","floor":31,"turns":2},{"damage":0,"enemies":"Cultist and Chosen","floor":32,"turns":3},{"damage":14,"enemies":"SI_MIRROR_ARCHETYPE","floor":33,"turns":6},{"damage":0,"enemies":"Orb Walker","floor":36,"turns":3},{"damage":0,"enemies":"3 Shapes","floor":39,"turns":3},{"damage":1,"enemies":"Jaw Worm Horde","floor":42,"turns":3},{"damage":0,"enemies":"Nemesis","floor":44,"turns":4},{"damage":0,"enemies":"3 Darklings","floor":45,"turns":1},{"damage":0,"enemies":"Transient","floor":46,"turns":5},{"damage":9,"enemies":"Reptomancer","floor":47,"turns":4},{"damage":4,"enemies":"Sphere and 2 Shapes","floor":48,"turns":3},{"damage":0,"enemies":"Writhing Mass","floor":49,"turns":2},{"damage":18,"enemies":"WA_ARCHETYPE_DIVINITY","floor":50,"turns":5},{"damage":32,"enemies":"downfall:CharBossMerchant","floor":52,"turns":6},{"damage":54,"enemies":"downfall:NeowBoss","floor":55,"turns":10},{"damage":25,"enemies":"downfall:NeowBossFinal","floor":56,"turns":8}],"seed_played":"162529872881968500","potions_obtained":[{"floor":3,"key":"bronze:BurnAndBuffPotion"},{"floor":9,"key":"SkillPotion"},{"floor":11,"key":"Weak Potion"},{"floor":12,"key":"hexamod:DoubleChargePotion"},{"floor":15,"key":"hexamod:InfernoChargePotion"},{"floor":25,"key":"Fruit Juice"},{"floor":29,"key":"hexamod:SoulburnPotion"},{"floor":32,"key":"Swift Potion"},{"floor":36,"key":"ColorlessPotion"},{"floor":44,"key":"Swift Potion"},{"floor":45,"key":"Regen Potion"},{"floor":48,"key":"PowerPotion"},{"floor":52,"key":"sneckomod:MuddlingPotion"}],"is_trial":false,"path_per_floor":["R","M","M","M","M","E","T","$","E","R","M","M","R","E","M","B",null,"R","?","?","?","M","$","T","E","R","M","?","E","R","$","M","B",null,"R","M","?","$","M","R","T","M","?","E","M","M","E","M","M","B",null,"E","$","R","B","B",null],"character_chosen":"THE_SPIRIT","items_purchased":["champ:Barbells","Pantograph","expansioncontent:DashGenerateEvil","PowerPotion"],"campfire_rested":0,"item_purchase_floors":[8,31,38,53],"current_hp_per_floor":[63,63,61,61,57,41,41,41,31,31,31,31,31,31,31,5,49,49,49,49,49,49,43,43,36,36,30,28,24,34,31,36,47,70,70,70,70,70,70,70,70,69,69,69,69,69,60,56,56,60,74,42,42,42,13,28],"gold":30,"neow_bonus":"ONE_RARE_RELIC","is_daily":false,"chose_seed":false,"campfire_upgraded":8,"win_rate":0.0,"timestamp":1611182392,"path_taken":["R","M","M","M","M","E","T","$","E","R","M","?","R","E","M","BOSS","R","?","?","?","?","$","T","E","R","M","?","E","R","$","M","BOSS","R","M","?","?","M","R","T","?","?","E","M","M","E","M","M","BOSS","E","$","R","BOSS","BOSS"],"items_purchased_type":["Relic","Relic","Card","Potion"],"build_version":"2020-12-22","purchased_purges":3,"victory":true,"max_hp_per_floor":[63,63,63,63,63,63,63,63,63,63,63,63,63,63,63,63,63,63,63,63,63,63,63,63,63,63,63,63,63,73,73,78,78,78,78,78,78,78,78,78,78,78,78,78,78,78,78,78,78,78,78,78,78,78,78,78],"relic_stats":{"Lizard Tail":0,"counters":[34,131],"Shuriken":[44],"Pantograph":97,"Gambling Chip":[5],"StoneCalendar":[104],"Cursed Key":2,"obtain_stats":[{"champ:Barbells":8,"champ:DuelingGlove":14,"downfall:HeartBlessingRed":26,"Oddly Smooth Stone":21,"downfall:HeartBlessingGreen":18,"StoneCalendar":47,"champ:DeflectingBracers":0,"hexamod:InflammatoryLetter":41,"Cursed Key":17,"sneckomod:SneckoTalon":34,"White Beast Statue":44,"Mercury Hourglass":9,"Lizard Tail":29,"HornCleat":25,"Shuriken":7,"downfall:HeartBlessingBlue":30,"MutagenicStrength":28,"Pantograph":31,"Gambling Chip":52,"hexamod:SpiritBrand":0,"InkBottle":6},{"champ:Barbells":6,"champ:DuelingGlove":10,"downfall:HeartBlessingRed":15,"Oddly Smooth Stone":12,"downfall:HeartBlessingGreen":12,"StoneCalendar":28,"champ:DeflectingBracers":0,"hexamod:InflammatoryLetter":23,"Cursed Key":12,"sneckomod:SneckoTalon":21,"White Beast Statue":25,"Mercury Hourglass":7,"Lizard Tail":18,"HornCleat":15,"Shuriken":5,"downfall:HeartBlessingBlue":18,"MutagenicStrength":17,"Pantograph":19,"Gambling Chip":32,"hexamod:SpiritBrand":0,"InkBottle":5},{"champ:Barbells":23,"champ:DuelingGlove":35,"downfall:HeartBlessingRed":51,"Oddly Smooth Stone":42,"downfall:HeartBlessingGreen":42,"StoneCalendar":97,"champ:DeflectingBracers":0,"hexamod:InflammatoryLetter":80,"Cursed Key":42,"sneckomod:SneckoTalon":75,"White Beast Statue":87,"Mercury Hourglass":27,"Lizard Tail":64,"HornCleat":51,"Shuriken":19,"downfall:HeartBlessingBlue":64,"MutagenicStrength":59,"Pantograph":66,"Gambling Chip":113,"hexamod:SpiritBrand":0,"InkBottle":19}],"InkBottle":[50],"Mercury Hourglass":[315]},"card_choices":[{"not_picked":["hexamod:Firestarter","hexamod:SpectersWail"],"picked":"hexamod:NightmareStrike","floor":2},{"not_picked":["hexamod:HeatMetal","hexamod:BacktrackSmack","hexamod:ThermalTransfer"],"picked":"SKIP","floor":3},{"not_picked":["hexamod:Firestarter","hexamod:AdvancingGuard"],"picked":"hexamod:GhostLash","floor":4},{"not_picked":["hexamod:EtherealExpedition","hexamod:SuperheatedStrike"],"picked":"hexamod:ApocalypseNow","floor":5},{"not_picked":["hexamod:SwordOfDarkness","hexamod:BurningTouch"],"picked":"hexamod:ShieldOfDarkness","floor":6},{"not_picked":["hexamod:GhostOfSpireFuture","hexamod:ThermalTransfer"],"picked":"hexamod:TimeWarp","floor":8},{"not_picked":["hexamod:RainOfEmbers","hexamod:EtherealExpedition","hexamod:GhostOfSpirePresent"],"picked":"SKIP","floor":9},{"not_picked":["hexamod:NightmareStrike","hexamod:SpectersWail"],"picked":"hexamod:RecurringNightmare","floor":11},{"not_picked":["hexamod:SpectralAdrenaline","hexamod:HeatMetal","hexamod:HauntingEcho"],"picked":"SKIP","floor":12},{"not_picked":["hexamod:SearingWound","hexamod:PhantomCloak"],"picked":"hexamod:RetreatToShadows","floor":14},{"not_picked":["hexamod:BurningTouch","hexamod:PhantomFireball","hexamod:ShieldOfDarkness"],"picked":"SKIP","floor":15},{"not_picked":["hexamod:ShieldOfDarkness","hexamod:HauntingEcho"],"picked":"hexamod:GhostShield+1","floor":22},{"not_picked":["hexamod:NightmareStrike","hexamod:RetreatToShadows"],"picked":"hexamod:FastForward","floor":23},{"not_picked":["hexamod:InspiringFlames","hexamod:RainOfEmbers"],"picked":"hexamod:PhantomCloak","floor":25},{"not_picked":["hexamod:HeatShield","hexamod:BurningTouch+1","hexamod:GhostOfSpirePast+1"],"picked":"SKIP","floor":27},{"not_picked":["hexamod:Toasty","hexamod:HeatMetal"],"picked":"hexamod:AdvancingGuard+1","floor":28},{"not_picked":[],"picked":"J.A.X.","floor":28},{"not_picked":["hexamod:DynamicBlow","hexamod:ExtraCrispy"],"picked":"hexamod:Incineration","floor":29},{"not_picked":["hexamod:NightmareGuise+1","hexamod:ShieldOfDarkness","hexamod:NightmareStrike"],"picked":"SKIP","floor":31},{"not_picked":["hexamod:AdvancingGuard","hexamod:NightmareGuise","hexamod:HeatMetal"],"picked":"SKIP","floor":32},{"not_picked":["hexamod:TurnItUp","hexamod:SixthSeal"],"picked":"hexamod:UnlimitedPower","floor":33},{"not_picked":["hexamod:SpectralAdrenaline+1","hexamod:InspiringFlames+1"],"picked":"hexamod:BacktrackSmack+1","floor":36},{"not_picked":["hexamod:Again+1","hexamod:BacktrackSmack","hexamod:HeatMetal"],"picked":"SKIP","floor":39},{"not_picked":["hexamod:HauntingEcho+1","hexamod:GhostLash","hexamod:AdvancingGuard"],"picked":"SKIP","floor":42},{"not_picked":["hexamod:NightmareGuise+1","hexamod:SixthSeal"],"picked":"hexamod:ForkedFlame","floor":44},{"not_picked":["hexamod:SwordOfDarkness+1","hexamod:NightmareStrike+1","hexamod:NightmareGuise"],"picked":"SKIP","floor":45},{"not_picked":["hexamod:SwordOfDarkness+1","hexamod:NightmareStrike+1","hexamod:NightmareGuise"],"picked":"SKIP","floor":45},{"not_picked":["hexamod:FastForward+1","hexamod:HauntingEcho","hexamod:SwordOfDarkness+1"],"picked":"SKIP","floor":46},{"not_picked":["hexamod:BacktrackSmack","hexamod:SuperheatedStrike+1","hexamod:FlamesFromBeyond"],"picked":"SKIP","floor":47},{"not_picked":["hexamod:NightmareGuise+1","hexamod:SuperheatedStrike+1"],"picked":"hexamod:RainOfEmbers+1","floor":48},{"not_picked":["hexamod:FourthSeal","hexamod:HexaLevel","hexamod:NightmareStrike+1"],"picked":"SKIP","floor":49},{"not_picked":["hexamod:SuperheatedStrike","hexamod:FastForward+1","hexamod:BacktrackSmack"],"picked":"SKIP","floor":52}],"player_experience":644539,"relics_obtained":[{"floor":6,"key":"InkBottle"},{"floor":7,"key":"Shuriken"},{"floor":9,"key":"Mercury Hourglass"},{"floor":14,"key":"champ:DuelingGlove"},{"floor":25,"key":"HornCleat"},{"floor":28,"key":"MutagenicStrength"},{"floor":29,"key":"Lizard Tail"},{"floor":41,"key":"hexamod:InflammatoryLetter"},{"floor":44,"key":"White Beast Statue"},{"floor":47,"key":"StoneCalendar"},{"floor":52,"key":"Gambling Chip"}],"event_choices":[{"damage_healed":0,"gold_gain":0,"player_choice":"Stole Relic","damage_taken":0,"relics_obtained":["Oddly Smooth Stone"],"max_hp_gain":0,"max_hp_loss":0,"event_name":"Addict","floor":21,"gold_loss":0,"cards_obtained":["Pride"]}],"is_beta":false,"boss_relics":[{"not_picked":["bronze:MakeshiftBattery","Snecko Eye"],"picked":"Cursed Key"},{"not_picked":["hexamod:UnbrokenSoul","Philosopher\u0027s Stone"],"picked":"sneckomod:SneckoTalon"}],"items_purged_floors":[23,31,53],"is_endless":false,"potions_floor_spawned":[3,9,11,12,15,25,29,32,36,44,45,46,47,48,49,52],"ascension_level":5}}