{"host":"u9xtr94typ21duox","time":1611126154,"event":{"mods":["BaseMod","Key Reminder","KinomotoSakuraMod(ƒæ÷Æ±æ”£)","LagranYue(¿≠∏Ò¿ °§‘¬)","Marisa£®ÏF”Í°°ƒß¿Ì…≥£©","Minty Spire (QoL Compilation)","Reimu£®≤©¿ˆ¡È√Œ£©","Replay The Spire","StSLib","Td1madao Mod","The Administrix","The Bladedancer","The Bug Knight","The Construct","The Cursed","The Gatherer","The Runesmith","The Servant 0.9.4","WarShipGirlsR/’ΩΩ¢…Ÿ≈ÆR mod","Youmu£®ªÍ∆«—˝√Œ£©","vexMod"],"gold_per_floor":[111,36,36,51,65,65,15,15,41,51,126,54,102,136,136,136,136],"floor_reached":16,"language":"ZHS","playtime":521,"items_purged":["Strike_B"],"score":113,"play_id":"4b3d3b0f-a5e6-4126-983b-3fff1f635a24","local_time":"20210120150234","is_ascension_mode":true,"campfire_choices":[{"data":"Coolheaded","floor":6,"key":"SMITH"},{"data":"Zap","floor":8,"key":"SMITH"},{"data":"Hologram","floor":15,"key":"SMITH"}],"circlet_count":0,"master_deck":["Strike_B","Strike_B","Strike_B","Defend_B","Defend_B","Defend_B","Zap+1","Dualcast","Coolheaded+1","Hologram+1"],"relics":["Cracked Core","LagranYue:RandomDrawCardRelic","Ginger","Pocketwatch","keyreminder:keyreminder","Replay:Ringing Soul","vexMod:BarristanHead","Prayer Wheel","vexMod:InvisibilityCloak"],"acts_visited":["Exordium"],"potions_floor_usage":[12],"damage_taken":[{"damage":6,"enemies":"2 Louse","floor":1,"turns":2},{"damage":0,"enemies":"Jaw Worm","floor":4,"turns":3},{"damage":2,"enemies":"Small Slimes","floor":5,"turns":3},{"damage":3,"enemies":"Looter","floor":10,"turns":3},{"damage":10,"enemies":"Gremlin Nob","floor":12,"turns":3},{"damage":28,"enemies":"3 Sentries","floor":14,"turns":7},{"damage":51,"enemies":"Fading Forest","floor":16,"turns":11}],"seed_played":"-7327726759956259822","potions_obtained":[{"floor":1,"key":"EssenceOfDarkness"},{"floor":5,"key":"Fire Potion"},{"floor":14,"key":"FairyPotion"}],"is_trial":false,"path_per_floor":["M","$","?","M","M","R","?","R","T","M","?","E","T","E","R","B"],"character_chosen":"DEFECT","items_purchased":[],"campfire_rested":0,"item_purchase_floors":[],"current_hp_per_floor":[69,69,62,62,60,60,60,60,60,57,46,39,39,14,14,0,0],"gold":136,"neow_bonus":"ONE_RARE_RELIC","is_daily":false,"chose_seed":false,"campfire_upgraded":3,"win_rate":0.0,"timestamp":1611126154,"path_taken":["M","$","?","M","M","R","?","R","T","M","?","E","?","E","R","BOSS"],"items_purchased_type":[],"build_version":"2020-12-22","purchased_purges":1,"victory":false,"max_hp_per_floor":[75,75,75,75,75,75,75,75,75,75,75,78,78,81,81,81,81],"card_choices":[{"not_picked":["Steam","Time Bomb","Rebound"],"picked":"SKIP","floor":1},{"not_picked":["Darkness","ReplaySolidLightProjector","ReplayTheSpireMod:Repulse"],"picked":"SKIP","floor":4},{"not_picked":["Static Discharge","Sweeping Beam"],"picked":"Coolheaded","floor":5},{"not_picked":["Leap","ReplayTheSpireMod:Reroute Power","Streamline"],"picked":"SKIP","floor":10},{"not_picked":["Coolheaded","FTL"],"picked":"ReplayTheSpireMod:Fabricate Wheel","floor":12},{"not_picked":["ReplaySolidLightProjector","FTL"],"picked":"Hologram","floor":14}],"player_experience":322428,"relics_obtained":[{"floor":12,"key":"Replay:Ringing Soul"},{"floor":13,"key":"vexMod:BarristanHead"},{"floor":14,"key":"vexMod:InvisibilityCloak"}],"event_choices":[{"damage_healed":0,"gold_gain":0,"player_choice":"Success","damage_taken":7,"relics_obtained":["Pocketwatch"],"max_hp_gain":0,"max_hp_loss":0,"event_name":"Scrap Ooze","floor":3,"gold_loss":0},{"cards_removed":["Defend_B"],"damage_healed":0,"gold_gain":0,"player_choice":"Card Removal","damage_taken":0,"max_hp_gain":0,"max_hp_loss":0,"event_name":"The Cleric","floor":7,"gold_loss":50},{"damage_healed":0,"gold_gain":75,"player_choice":"Gather Gold","damage_taken":11,"max_hp_gain":0,"max_hp_loss":0,"event_name":"World of Goop","floor":11,"gold_loss":0}],"is_beta":false,"boss_relics":[],"items_purged_floors":[2],"is_endless":false,"potions_floor_spawned":[1,5,14],"killed_by":"Fading Forest","ascension_level":1}}