{"host":"vohenq18pmg6jboc","time":1611125251,"event":{"mods":["100% Spire Juice","Arknights The Spire","Bard","BaseMod","Chen","Downfall","Gremlin Mod","GungeonMod","Hermit","Koishi","Lobotomy","Marisa¡]Ãú«B¡@Å]²z¨F¡^","Minty Spire (QoL Compilation)","Relic Stats","Remilia¡]Á¢¦Ì²ú?¡^","StSLib","The Administrix","The Bug Knight","The Cursed","The Hierophant","The IronCluck","The Runesmith","The Servant 0.9.4","WarShipGirlsR/??¤Ö¤kR mod","Yakumo Yukari mod","Youmu¡]»î¾z§¯?¡^","Yuyuko"],"gold_per_floor":[119,119,138,152,44,44,44,44,44,54,70,86,86,97,97,193,193,175,175,22,22,22,22,34,34,34,34,34],"floor_reached":27,"language":"ZHS","playtime":1958,"items_purged":[],"score":203,"play_id":"279d136c-d4fe-491f-b679-43a91c4996c3","local_time":"20210120144731","is_ascension_mode":false,"campfire_choices":[{"data":"rmod:acesubmarine","floor":6,"key":"SMITH"},{"floor":8,"key":"REST"},{"floor":13,"key":"REST"},{"floor":15,"key":"REST"},{"data":"rmod:fletcher","floor":23,"key":"SMITH"}],"circlet_count":0,"master_deck":["rmod:strick+1","rmod:strick+1","rmod:strick+1","rmod:strick+1","rmod:defend+1","rmod:defend+1","rmod:defend+1","rmod:defend+1","rmod:basicallowance","rmod:maingunfire","Mercenary","rmod:victimresponsibility","Funeral","rmod:highspeedshooting","QueenOfHatred","rmod:acesubmarine+1","rmod:salvage","rmod:wasp","rmod:fletcherpendant","Scorched","rmod:fletcher+1","MHz","rmod:fletcherpendant","Freischutz","rmod:diamondstrike","Parasite","BlackSwan","rmod:acesubmarine+1","HeroicMonk","rmod:fletcherpendant","Lust_TH","FairyFestival","rmod:combined"],"relics":["rmod:firstchargereward","CogitoBucket","GremlinMask","DemoMod:DecoyRelic","BehaviorAdjustment","rmod:monthlycard","Juzu Bracelet","DemoMod:Bottle"],"acts_visited":["Exordium","TheCity"],"potions_floor_usage":[16,16,16],"damage_taken":[{"damage":2,"enemies":"Cultist","floor":1,"turns":4},{"damage":2,"enemies":"Small Slimes","floor":3,"turns":5},{"damage":10,"enemies":"Jaw Worm","floor":4,"turns":4},{"damage":24,"enemies":"Large Slime","floor":10,"turns":8},{"damage":31,"enemies":"Looter","floor":11,"turns":4},{"damage":12,"enemies":"3 Louse","floor":12,"turns":2},{"damage":0,"enemies":"Exordium Wildlife","floor":14,"turns":2},{"damage":51,"enemies":"Hexaghost","floor":16,"turns":8},{"damage":10,"enemies":"Shell Parasite","floor":18,"turns":4},{"damage":6,"enemies":"3 Byrds","floor":24,"turns":2},{"damage":85,"enemies":"Centurion and Healer","floor":27,"turns":3}],"seed_played":"-7350819973827866823","potions_obtained":[{"floor":1,"key":"Dexterity Potion"},{"floor":3,"key":"Slimebound:ThreeZeroPotion"},{"floor":11,"key":"LiquidBronze"}],"is_trial":false,"path_per_floor":["M","?","M","M","$","R","$","R","T","M","M","M","R","M","R","B",null,"M","?","$","?","?","R","M","?","T","M"],"character_chosen":"PRAEFECT","items_purchased":["rmod:salvage","rmod:wasp","Juzu Bracelet"],"campfire_rested":3,"item_purchase_floors":[5,5,20],"current_hp_per_floor":[73,73,71,63,63,63,63,75,75,52,22,16,38,38,60,13,75,71,71,71,71,71,71,71,71,71,0,0],"gold":34,"neow_bonus":"","is_daily":false,"chose_seed":false,"campfire_upgraded":2,"win_rate":0.0,"timestamp":1611125251,"path_taken":["M","?","M","M","$","R","$","R","T","M","M","M","R","M","R","BOSS","M","?","$","?","?","R","M","?","T","M"],"items_purchased_type":["Card","Card","Relic"],"build_version":"2020-12-22","purchased_purges":0,"victory":false,"max_hp_per_floor":[75,75,75,75,75,75,75,75,75,75,75,75,75,75,75,75,75,75,75,75,75,75,75,75,75,75,75,75],"relic_stats":{"counters":[13,48],"Juzu Bracelet":0,"obtain_stats":[{"CogitoBucket":0,"DemoMod:DecoyRelic":9,"GremlinMask":2,"DemoMod:GlassGuonStoneRelic":1,"BehaviorAdjustment":12,"rmod:firstchargereward":0,"Juzu Bracelet":20,"DemoMod:Bottle":26,"rmod:monthlycard":17},{"CogitoBucket":0,"DemoMod:DecoyRelic":3,"GremlinMask":1,"DemoMod:GlassGuonStoneRelic":1,"BehaviorAdjustment":7,"rmod:firstchargereward":0,"Juzu Bracelet":10,"DemoMod:Bottle":11,"rmod:monthlycard":9},{"CogitoBucket":0,"DemoMod:DecoyRelic":13,"GremlinMask":4,"DemoMod:GlassGuonStoneRelic":4,"BehaviorAdjustment":28,"rmod:firstchargereward":0,"Juzu Bracelet":42,"DemoMod:Bottle":44,"rmod:monthlycard":38}]},"card_choices":[{"not_picked":["ShyLook","WallGazer"],"picked":"Mercenary","floor":1},{"not_picked":["rmod:goodsister","rmod:combined"],"picked":"rmod:victimresponsibility","floor":1},{"not_picked":["Wellcheers","UniverseFragment"],"picked":"Funeral","floor":3},{"not_picked":["rmod:aviationdawn","rmod:capitalist"],"picked":"rmod:highspeedshooting","floor":3},{"not_picked":["Variant","Bloodbath"],"picked":"QueenOfHatred","floor":4},{"not_picked":["rmod:highspeedshooting","rmod:fuelsupply"],"picked":"rmod:acesubmarine","floor":4},{"not_picked":["WallGazer","OldLady"],"picked":"Scorched","floor":10},{"not_picked":["rmod:steelsupply","rmod:advancebysurprise"],"picked":"rmod:fletcher","floor":10},{"not_picked":["Laetitia","BigBadWolf"],"picked":"MHz","floor":11},{"not_picked":["rmod:highspeedshooting","rmod:lonelyqueen"],"picked":"rmod:openingtorpedo","floor":11},{"not_picked":["SilentOrchestra","CrumblingArmor"],"picked":"WhitesApple","floor":12},{"not_picked":["rmod:aluminumsupply","rmod:victimresponsibility"],"picked":"rmod:fletcherpendant","floor":12},{"not_picked":["Bloodbath","OSAHOGD","VoidDream"],"picked":"Singing Bowl","floor":14},{"not_picked":["LittleHelper","UniverseFragment"],"picked":"Freischutz","floor":14},{"not_picked":["rmod:combined","rmod:tearstotiara"],"picked":"rmod:diamondstrike","floor":14},{"not_picked":["SpiderBud","BodiesMountain","Murderer"],"picked":"Singing Bowl","floor":16},{"not_picked":["CherryBlossoms","QueenBee"],"picked":"BlackSwan","floor":16},{"not_picked":["rmod:saltedfish","rmod:abidefaith"],"picked":"rmod:acesubmarine","floor":16},{"not_picked":["DespairKnight","FieryBird","CrumblingArmor"],"picked":"Singing Bowl","floor":18},{"not_picked":["GreedKing","RedShoes"],"picked":"HeroicMonk","floor":18},{"not_picked":["rmod:concentratefire","rmod:gendarmerie"],"picked":"rmod:fletcherpendant","floor":18},{"not_picked":["CherryBlossoms","BeautyBeast","OSAHOGD"],"picked":"Singing Bowl","floor":24},{"not_picked":["CherryBlossoms","DespairKnight"],"picked":"FairyFestival","floor":24},{"not_picked":["rmod:circuitoustactics","rmod:aluminumsupply"],"picked":"rmod:combined","floor":24}],"player_experience":102102,"relics_obtained":[{"floor":9,"key":"DemoMod:DecoyRelic"},{"floor":26,"key":"DemoMod:Bottle"}],"event_choices":[{"damage_healed":0,"gold_gain":0,"player_choice":"Trade","damage_taken":0,"relics_obtained":["GremlinMask"],"max_hp_gain":0,"max_hp_loss":0,"event_name":"FaceTrader","floor":2,"gold_loss":0},{"damage_healed":0,"gold_gain":0,"player_choice":"Simplicity","damage_taken":0,"max_hp_gain":0,"max_hp_loss":0,"event_name":"Back to Basics","floor":21,"gold_loss":0,"cards_upgraded":["rmod:strick","rmod:strick","rmod:strick","rmod:strick","rmod:defend","rmod:defend","rmod:defend","rmod:defend"]}],"is_beta":false,"boss_relics":[{"not_picked":["bronze:MakeshiftBattery","Busted Crown"],"picked":"rmod:monthlycard"}],"items_purged_floors":[],"is_endless":false,"potions_floor_spawned":[1,3,11,12],"killed_by":"Centurion and Healer","ascension_level":0}}