{"host":"exlsoi54q6pc3sri","time":1611146090,"event":{"mods":["2.2 Compatiblity","AchievementEnabler","Act Like it!","BaseMod","Colored Map","Colored Powertips","Downfall","Friendly Minions","GifTheSpireLib","Highlight Path","Jorbs\u0027s Wanderer Trilogy","Minty Spire (QoL Compilation)","Permanent Neow","Rare Cards Sparkle","StSLib"],"gold_per_floor":[111,61,72,90,110,137,137,148,229,256,275,309,327,63,63,159,159,178,178,178,194,194,194,206,240,240,254,267,287,101,111,111,212,212,225,37,37,37,37,37],"floor_reached":39,"language":"ENG","playtime":3772,"items_purged":["Strike_G","Defend_G","downfall:Bewildered"],"score":475,"play_id":"b31b2302-a835-4433-b4d7-b35a8ee58cef","local_time":"20210120123450","is_ascension_mode":false,"campfire_choices":[{"data":"Blade Dance","floor":7.0,"key":"SMITH"},{"data":"Survivor","floor":15.0,"key":"SMITH"},{"data":"Calculated Gamble","floor":23.0,"key":"SMITH"},{"data":"RitualDagger","floor":32,"key":"SMITH"}],"circlet_count":0,"master_deck":["Strike_G","Strike_G","Strike_G","Defend_G","Defend_G","Survivor+1","Neutralize","Flechettes","Poisoned Stab","Outmaneuver","Blade Dance+1","Venomology","Acrobatics","Calculated Gamble+1","Blade Dance+1","Blade Dance","Acrobatics","Die Die Die","Acrobatics+1","Writhe","RitualDagger+1","Reflex","Backflip+1","Dagger Spray+1","Reflex+1","Finisher","Blur","Dagger Throw","Blade Dance","Outmaneuver","Blade Dance","A Thousand Cuts","Calculated Gamble+1","Prepared","Dagger Spray","HandOfGreed","Secret Technique"],"relics":["Coffee Dripper","Question Card","Pantograph","Tough Bandages","Pen Nib","Membership Card","Blood Vial","Empty Cage","Tingsha","sneckomod:BabySnecko","Lantern","White Beast Statue","War Paint","Cursed Key","Orichalcum"],"acts_visited":["Exordium","TheCity","TheBeyond"],"potions_floor_usage":[33,33,33,33,39,39,39,39],"damage_taken":[{"damage":2.0,"enemies":"Small Slimes","floor":1.0,"turns":5.0},{"damage":0.0,"enemies":"2 Louse","floor":3.0,"turns":2.0},{"damage":3.0,"enemies":"Jaw Worm","floor":4.0,"turns":3.0},{"damage":3.0,"enemies":"Red Slaver","floor":5.0,"turns":3.0},{"damage":31.0,"enemies":"3 Sentries","floor":6.0,"turns":10.0},{"damage":0.0,"enemies":"Looter","floor":8.0,"turns":1.0},{"damage":4.0,"enemies":"Gremlin Nob","floor":10.0,"turns":3.0},{"damage":0.0,"enemies":"2 Fungi Beasts","floor":11.0,"turns":3.0},{"damage":6.0,"enemies":"3 Sentries","floor":12.0,"turns":6.0},{"damage":11.0,"enemies":"Large Slime","floor":13.0,"turns":4.0},{"damage":26.0,"enemies":"The Guardian","floor":16.0,"turns":6.0},{"damage":0.0,"enemies":"3 Byrds","floor":18.0,"turns":3.0},{"damage":0.0,"enemies":"Spheric Guardian","floor":21.0,"turns":3.0},{"damage":0.0,"enemies":"3 Cultists","floor":24.0,"turns":3.0},{"damage":7.0,"enemies":"Slavers","floor":25.0,"turns":3.0},{"damage":12.0,"enemies":"Shelled Parasite and Fungi","floor":27.0,"turns":3.0},{"damage":4.0,"enemies":"Snecko","floor":28.0,"turns":4.0},{"damage":6.0,"enemies":"3 Cultists","floor":29.0,"turns":4.0},{"damage":24.0,"enemies":"Shelled Parasite and Fungi","floor":31.0,"turns":5.0},{"damage":25,"enemies":"Collector","floor":33,"turns":7},{"damage":1,"enemies":"Orb Walker","floor":35,"turns":2},{"damage":72,"enemies":"Time Eater","floor":39,"turns":7}],"seed_played":"-619392604379433172","potions_obtained":[{"floor":1.0,"key":"Dexterity Potion"},{"floor":4.0,"key":"Explosive Potion"},{"floor":6.0,"key":"SteroidPotion"},{"floor":10.0,"key":"DistilledChaos"},{"floor":13.0,"key":"AttackPotion"},{"floor":21.0,"key":"SkillPotion"},{"floor":24.0,"key":"BlessingOfTheForge"},{"floor":25.0,"key":"Strength Potion"},{"floor":27.0,"key":"Energy Potion"},{"floor":28.0,"key":"SteroidPotion"},{"floor":29.0,"key":"Regen Potion"},{"floor":33,"key":"Energy Potion"},{"floor":35,"key":"Swift Potion"}],"is_trial":false,"path_per_floor":["M","?","M","M","M","E","R","M","T","E","M","E","M","$","R","B",null,"M","?","?","M","?","R","M","E","T","M","M","M","$","M","R","B",null,"M","$","?","?","B"],"character_chosen":"THE_SILENT","items_purchased":["Membership Card","Blood Vial","War Paint","Dagger Throw","Blade Dance","Outmaneuver","Prepared","Orichalcum","Dagger Spray"],"campfire_rested":0,"item_purchase_floors":[14,14,30,30,30,30,36,36,36],"current_hp_per_floor":[68,68,68,65,62,31,31,31,31,27,27,21,10,10,10,11,70,70,70,64,66,66,66,68,63,63,53,51,47,47,25,25,42,70,69,69,59,59,0,0],"gold":37,"neow_bonus":"BOSS_RELIC","is_daily":false,"chose_seed":false,"campfire_upgraded":4,"win_rate":0.0,"timestamp":1611146090,"path_taken":["M","?","M","M","M","E","R","M","T","E","M","E","M","$","R","BOSS","M","?","?","M","?","R","M","E","T","?","M","M","$","M","R","BOSS","M","$","?","?","BOSS"],"items_purchased_type":["Relic","Relic","Relic","Card","Card","Card","Card","Relic","Card"],"build_version":"2020-12-22","purchased_purges":3,"victory":false,"max_hp_per_floor":[70,70,70,70,70,70,70,70,70,70,70,70,70,70,70,70,70,70,70,70,70,70,70,70,70,70,70,70,70,70,70,70,70,70,70,70,70,70,70,70],"card_choices":[{"not_picked":["Caltrops","Reflex"],"picked":"Flechettes","floor":1.0},{"not_picked":["Bane","Outmaneuver"],"picked":"Poisoned Stab","floor":3.0},{"not_picked":["Backflip","Backstab"],"picked":"Outmaneuver","floor":4.0},{"not_picked":["Skewer","Finisher"],"picked":"Blade Dance","floor":5.0},{"not_picked":["Bane","Reflex"],"picked":"Venomology","floor":6.0},{"not_picked":["Endless Agony","Predator","Deadly Poison"],"picked":"Acrobatics","floor":8.0},{"not_picked":["Dagger Throw","Adrenaline","Deflect"],"picked":"Calculated Gamble","floor":10.0},{"not_picked":["Riddle With Holes","Sucker Punch","Finisher"],"picked":"Blade Dance","floor":11.0},{"not_picked":["Flechettes","Night Terror","Expertise"],"picked":"Blade Dance","floor":12.0},{"not_picked":["Infinite Blades","Flying Knee","Deadly Poison"],"picked":"Acrobatics","floor":13.0},{"not_picked":["Bullet Time","Night Terror","Burst"],"picked":"Die Die Die","floor":16.0},{"not_picked":["Masterful Stab+1","Infinite Blades","Dagger Throw"],"picked":"Acrobatics+1","floor":18.0},{"not_picked":["Choke","All Out Attack","Deflect"],"picked":"Reflex","floor":21.0},{"not_picked":["Crippling Poison","Eviscerate","PiercingWail+1"],"picked":"Backflip+1","floor":24.0},{"not_picked":["Quick Slash","Escape Plan","Riddle With Holes"],"picked":"Dagger Spray+1","floor":25.0},{"not_picked":["Outmaneuver","Underhanded Strike+1","Well Laid Plans"],"picked":"Reflex","floor":27.0},{"not_picked":["Distraction+1","Bouncing Flask+1","Blur"],"picked":"Finisher","floor":28.0},{"not_picked":["Deflect","After Image","Sucker Punch"],"picked":"Blur","floor":29.0},{"not_picked":["Bane","Outmaneuver","Slice"],"picked":"Blade Dance","floor":31.0},{"not_picked":["Glass Knife","Burst","Malaise"],"picked":"A Thousand Cuts","floor":33},{"not_picked":["Deadly Poison","Deflect","Acrobatics+1"],"picked":"Calculated Gamble+1","floor":35},{"not_picked":["Jack Of All Trades","Discovery","Magnetism"],"picked":"HandOfGreed","floor":37},{"not_picked":["Purity","Sadistic Nature","Discovery"],"picked":"Secret Technique","floor":37}],"player_experience":95884,"relics_obtained":[{"floor":6.0,"key":"Question Card"},{"floor":9.0,"key":"Pantograph"},{"floor":10.0,"key":"Tough Bandages"},{"floor":12.0,"key":"Pen Nib"},{"floor":25.0,"key":"Lantern"},{"floor":26.0,"key":"White Beast Statue"}],"event_choices":[{"cards_removed":["Defend_G"],"damage_healed":0.0,"max_hp_gain":0.0,"max_hp_loss":0.0,"gold_gain":0.0,"event_name":"The Cleric","player_choice":"Card Removal","floor":2.0,"gold_loss":50.0,"damage_taken":0.0},{"damage_healed":0.0,"max_hp_gain":0.0,"max_hp_loss":0.0,"gold_gain":0.0,"event_name":"The Mausoleum","player_choice":"Opened","floor":19.0,"gold_loss":0.0,"damage_taken":0.0,"relics_obtained":["Tingsha"],"cards_obtained":["Writhe"]},{"damage_healed":0.0,"max_hp_gain":0.0,"max_hp_loss":0.0,"gold_gain":0.0,"event_name":"Nest","player_choice":"Joined the Cult","floor":20.0,"gold_loss":0.0,"damage_taken":6.0,"cards_obtained":["RitualDagger"]},{"damage_healed":0,"gold_gain":0,"player_choice":"Memory 3","damage_taken":10,"max_hp_gain":0,"max_hp_loss":0,"event_name":"SensoryStone","floor":37,"gold_loss":0},{"damage_healed":0,"gold_gain":0,"player_choice":"Took Portal","damage_taken":0,"max_hp_gain":0,"max_hp_loss":0,"event_name":"SecretPortal","floor":38,"gold_loss":0}],"is_beta":false,"boss_relics":[{"not_picked":["Fusion Hammer","Runic Pyramid"],"picked":"Empty Cage"},{"not_picked":["Runic Dome","Snecko Eye"],"picked":"Cursed Key"}],"items_purged_floors":[14,30,36],"is_endless":false,"potions_floor_spawned":[1,4,6,10,13,21,24,25,27,28,29,31,33,35],"killed_by":"Time Eater","ascension_level":0}}