{"host":"yo9wwslrag05lh37","time":1611176037,"event":{"mods":["AchievementEnabler","BaseMod","Block Reminder","Colored Map","Colored Powertips","GifTheSpireLib","HexUI Lib","Highlight Path","Minty Spire (QoL Compilation)","Rare Cards Sparkle","Relic Stats","Replay The Spire","StSLib","everything is the same but u backflip on backflip"],"gold_per_floor":[209,209,228,245,47,72,72,82,82,98,98,248,6,20,20,20,20],"floor_reached":16,"language":"ENG","playtime":576,"items_purged":["Doubt"],"score":204,"play_id":"fff6e162-07b8-46c1-a85e-9fc65c9922e0","local_time":"20210120215357","is_ascension_mode":true,"campfire_choices":[{"floor":7,"key":"REST"},{"data":"Replay:Many Hands","floor":11,"key":"SMITH"},{"data":"Clothesline","floor":15,"key":"SMITH"}],"circlet_count":0,"master_deck":["AscendersBane","Strike_R","Strike_R","Strike_R","Strike_R","Strike_R","Defend_R","Defend_R","Defend_R","Defend_R","Bash+1","Life Link","Feed","Hemokinesis","Double Tap","Clothesline+1","Shrug It Off","Replay:Many Hands+1"],"relics":["Burning Blood","Potion Belt","Shuriken","Gremlin Food"],"acts_visited":["Exordium"],"potions_floor_usage":[16,16],"damage_taken":[{"damage":4,"enemies":"Small Slimes","floor":1,"turns":4},{"damage":2,"enemies":"Cultist","floor":3,"turns":4},{"damage":9,"enemies":"Jaw Worm","floor":4,"turns":4},{"damage":52,"enemies":"3 Sentries","floor":6,"turns":9},{"damage":14,"enemies":"Blue Slaver","floor":8,"turns":4},{"damage":16,"enemies":"Large Slime","floor":10,"turns":5},{"damage":20,"enemies":"Lots of Slimes","floor":14,"turns":5},{"damage":36,"enemies":"Hexaghost","floor":16,"turns":9}],"seed_played":"-1482682188430566579","potions_obtained":[{"floor":1,"key":"SmokeBomb"},{"floor":6,"key":"Death Potion"},{"floor":10,"key":"Adrenaline Potion"}],"is_trial":false,"path_per_floor":["M","?","M","M","$","E","R","M","T","M","R","?","$","M","R","B"],"character_chosen":"IRONCLAD","items_purchased":["Hemokinesis","Double Tap","Gremlin Food"],"campfire_rested":1,"item_purchase_floors":[5,5,13],"current_hp_per_floor":[70,70,74,71,71,28,51,43,43,36,36,36,36,25,25,0,0],"gold":20,"neow_bonus":"HUNDRED_GOLD","is_daily":false,"chose_seed":false,"campfire_upgraded":2,"win_rate":0.0,"timestamp":1611176037,"path_taken":["M","?","M","M","$","E","R","M","T","?","R","?","$","M","R","BOSS"],"items_purchased_type":["Card","Card","Relic"],"build_version":"2020-12-22","purchased_purges":1,"victory":false,"max_hp_per_floor":[75,75,75,75,75,78,78,78,78,81,81,81,81,84,84,84,84],"relic_stats":{"counters":[8,44],"Shuriken":[7],"obtain_stats":[{"Potion Belt":6,"Gremlin Food":13,"Shuriken":9,"Burning Blood":0},{"Potion Belt":4,"Gremlin Food":6,"Shuriken":5,"Burning Blood":0},{"Potion Belt":21,"Gremlin Food":30,"Shuriken":25,"Burning Blood":0}],"Burning Blood":42},"card_choices":[{"not_picked":["Sentinel","Headbutt","Heavy Blade"],"picked":"SKIP","floor":1},{"not_picked":["Headbutt","Sword Boomerang"],"picked":"Life Link","floor":3},{"not_picked":["Pommel Strike","Twin Strike"],"picked":"Feed","floor":4},{"not_picked":["True Grit","Wild Strike"],"picked":"Clothesline","floor":6},{"not_picked":["Perfected Strike","Armaments"],"picked":"Shrug It Off","floor":8},{"not_picked":["Heavy Blade","Pommel Strike"],"picked":"Replay:Many Hands","floor":10},{"not_picked":["Warcry","Carnage","Clothesline"],"picked":"SKIP","floor":14}],"player_experience":1519849,"relics_obtained":[{"floor":6,"key":"Potion Belt"},{"floor":9,"key":"Shuriken"}],"event_choices":[{"damage_healed":0,"gold_gain":0,"player_choice":"Upgraded","damage_taken":0,"max_hp_gain":0,"max_hp_loss":0,"event_name":"Upgrade Shrine","floor":2,"gold_loss":0,"cards_upgraded":["Bash"]},{"damage_healed":0,"gold_gain":150,"player_choice":"AGREE","damage_taken":0,"max_hp_gain":0,"max_hp_loss":0,"event_name":"Liars Game","floor":12,"gold_loss":0,"cards_obtained":["Doubt"]}],"is_beta":false,"boss_relics":[],"items_purged_floors":[13],"is_endless":false,"potions_floor_spawned":[1,6,10],"killed_by":"Hexaghost","ascension_level":20}}