{"host":"0fmi5fguj5lvt8pf","time":1611149705,"event":{"mods":["BaseMod","Colored Map","Curses Come First","Downfall","Minty Spire (QoL Compilation)","Permanent Neow","StSLib"],"gold_per_floor":[99,9,22,297,308,343,393,412,429,447,447,463,480,18,31,132,132,132,145,145,245,264,289,289,307,307,145,145,157,171,191,211,309,309,9,23,23,23,23,23,23,34,116,116,132,11,11,30,41,41,41,74,0,0,0,0],"floor_reached":57,"language":"ENG","playtime":4438,"items_purged":["Normality","Regret","bronze:Defend"],"score":980,"play_id":"11ab3a7d-17d9-42df-a382-aee548191a52","local_time":"20210120053505","is_ascension_mode":false,"campfire_choices":[{"data":"bronze:Replicate","floor":1.0,"key":"SMITH"},{"floor":18.0,"key":"RECALL"},{"data":"bronze:Repulsor","floor":28.0,"key":"SMITH"},{"data":"bronze:DonuBeam","floor":35.0,"key":"SMITH"},{"data":"bronze:Terminator","floor":40.0,"key":"SMITH"},{"data":"bronze:MaxOutput","floor":47.0,"key":"SMITH"},{"data":"bronze:DecaBeam","floor":54.0,"key":"SMITH"}],"circlet_count":0,"master_deck":["bronze:Strike","bronze:Strike","bronze:Strike","bronze:Defend","bronze:Defend","bronze:Defend","bronze:Replicate+1","bronze:Goto","bronze:OilSpill","bronze:OilSpill","bronze:ChildClass","bronze:OilSpill","bronze:BuggyMess","bronze:Shield","bronze:Format","bronze:Iterate","bronze:Constructor","bronze:InfiniteBeams","bronze:Terminator+1","bronze:SpaghettiCode","bronze:ChildClass","bronze:DonuBeam+1","bronze:DecaBeam+1","bronze:MaxOutput+1","bronze:Repulsor+1","bronze:InfiniteLoop","bronze:Boost","bronze:Format","bronze:Verify","bronze:MaxOutput","expansioncontent:Chronoboost","bronze:Philosophize+1","bronze:Repulsor"],"relics":["bronze:BronzeCore","champ:DuelingGlove","Oddly Smooth Stone","MealTicket","Mummified Hand","Sozu","Darkstone Periapt","Black Star","downfall:HeartBlessingRed","downfall:HeartBlessingGreen","downfall:HeartBlessingBlue","Pear","CaptainsWheel","bronze:BottledCode","Toy Ornithopter","Anchor"],"acts_visited":["Exordium","TheCity","TheBeyond","TheEnding"],"potions_floor_usage":[],"damage_taken":[{"damage":0.0,"enemies":"downfall:FleeingMerchant","floor":2.0,"turns":4.0},{"damage":4.0,"enemies":"2 Louse","floor":3.0,"turns":3.0},{"damage":3.0,"enemies":"Cultist","floor":5.0,"turns":2.0},{"damage":19.0,"enemies":"3 Sentries","floor":6.0,"turns":5.0},{"damage":0.0,"enemies":"Jaw Worm","floor":8.0,"turns":1.0},{"damage":0.0,"enemies":"Exordium Wildlife","floor":9.0,"turns":2.0},{"damage":1.0,"enemies":"2 Fungi Beasts","floor":10.0,"turns":3.0},{"damage":8.0,"enemies":"Blue Slaver","floor":12.0,"turns":2.0},{"damage":0.0,"enemies":"Exordium Wildlife","floor":13.0,"turns":1.0},{"damage":9.0,"enemies":"downfall:FleeingMerchant","floor":14.0,"turns":4.0},{"damage":0.0,"enemies":"Large Slime","floor":15.0,"turns":3.0},{"damage":22.0,"enemies":"SI_SHIV_ARCHETYPE","floor":16.0,"turns":6.0},{"damage":0.0,"enemies":"Shell Parasite","floor":19.0,"turns":2.0},{"damage":46.0,"enemies":"Shell Parasite","floor":21.0,"turns":8.0},{"damage":0.0,"enemies":"Chosen","floor":22.0,"turns":3.0},{"damage":0.0,"enemies":"Book of Stabbing","floor":23.0,"turns":5.0},{"damage":0.0,"enemies":"Sentry and Sphere","floor":25.0,"turns":3.0},{"damage":0.0,"enemies":"downfall:FleeingMerchant","floor":27.0,"turns":4.0},{"damage":1.0,"enemies":"Shelled Parasite and Fungi","floor":29.0,"turns":3.0},{"damage":3.0,"enemies":"Centurion and Healer","floor":30.0,"turns":4.0},{"damage":21.0,"enemies":"Snake Plant","floor":31.0,"turns":3.0},{"damage":0.0,"enemies":"3 Cultists","floor":32.0,"turns":4.0},{"damage":34.0,"enemies":"IC_MUSHROOM_ARCHETYPE","floor":33.0,"turns":7.0},{"damage":5.0,"enemies":"3 Darklings","floor":36.0,"turns":3.0},{"damage":0.0,"enemies":"Orb Walker","floor":42.0,"turns":2.0},{"damage":0.0,"enemies":"downfall:FleeingMerchant","floor":43.0,"turns":1.0},{"damage":0.0,"enemies":"Transient","floor":45.0,"turns":5.0},{"damage":0.0,"enemies":"4 Shapes","floor":48.0,"turns":2.0},{"damage":0.0,"enemies":"3 Darklings","floor":49.0,"turns":2.0},{"damage":41.0,"enemies":"WA_ARCHETYPE_DIVINITY","floor":50.0,"turns":7.0},{"damage":25.0,"enemies":"downfall:CharBossMerchant","floor":52.0,"turns":6.0},{"damage":33.0,"enemies":"downfall:NeowBoss","floor":55.0,"turns":10.0},{"damage":0,"enemies":"downfall:NeowBoss","floor":56,"turns":10}],"seed_played":"-4314204200452939246","potions_obtained":[{"floor":3.0,"key":"Weak Potion"},{"floor":6.0,"key":"EssenceOfSteel"},{"floor":12.0,"key":"SneckoOil"}],"is_trial":false,"path_per_floor":["R","$","M","?","M","E","T","M","M","M","?","M","M","$","M","B",null,"R","M","?","?","M","E","T","M","?","$","R","M","M","M","M","B",null,"R","M","?","?","?","R","T","M","$","?","M","$","R","M","M","B",null,"E","$","R","B","B",null],"character_chosen":"THE_AUTOMATON","items_purchased":["Mummified Hand","bronze:InfiniteBeams","Explosive Potion","bronze:InfiniteLoop","bronze:Verify","bronze:MaxOutput","expansioncontent:Chronoboost","bronze:Repulsor"],"campfire_rested":0,"item_purchase_floors":[14,14,14,27,43,46,46,53],"current_hp_per_floor":[70,70,66,66,63,44,44,44,44,43,48,40,40,46,46,24,75,75,75,75,29,29,29,29,29,54,69,69,68,65,44,44,10,75,85,80,90,90,90,90,90,90,95,85,85,85,85,85,85,44,85,60,75,75,42,42],"gold":0,"neow_bonus":"ONE_RARE_RELIC","is_daily":false,"chose_seed":false,"campfire_upgraded":6,"win_rate":0.0,"timestamp":1611149705,"path_taken":["R","$","M","?","?","E","T","M","M","?","?","M","M","$","M","BOSS","R","M","?","?","M","E","T","M","?","?","R","M","M","?","M","BOSS","R","M","?","?","?","R","T","M","?","?","M","$","R","M","M","BOSS","E","$","R","BOSS","BOSS"],"items_purchased_type":["Relic","Card","Potion","Card","Card","Card","Card","Card"],"build_version":"2020-12-22","purchased_purges":3,"victory":true,"max_hp_per_floor":[70,70,70,70,70,70,70,70,70,70,75,75,75,75,75,75,75,75,75,75,75,75,75,75,75,75,75,75,75,75,75,75,75,75,85,85,95,95,95,95,95,95,95,85,85,85,85,85,85,85,85,85,85,85,85,85],"card_choices":[{"not_picked":["bronze:Separator","bronze:WhirlingStrike"],"picked":"bronze:Iterate","floor":2.0},{"not_picked":["bronze:BugBarrage","bronze:CutThrough"],"picked":"bronze:OilSpill","floor":3.0},{"not_picked":["bronze:NullPointer","bronze:Separator"],"picked":"bronze:OilSpill","floor":5.0},{"not_picked":["bronze:FineTuning","bronze:ItsAFeature"],"picked":"bronze:ChildClass","floor":6.0},{"not_picked":["bronze:Allocate","bronze:ItsAFeature"],"picked":"bronze:OilSpill","floor":8.0},{"not_picked":["bronze:Terminator","bronze:Return"],"picked":"bronze:BuggyMess","floor":9.0},{"not_picked":["bronze:Allocate","bronze:Frontload"],"picked":"bronze:Shield","floor":10.0},{"not_picked":["bronze:Separator","bronze:WildBeam"],"picked":"bronze:Format","floor":12.0},{"not_picked":["bronze:FineTuning","bronze:Shield"],"picked":"bronze:Iterate","floor":13.0},{"not_picked":["bronze:DelayedGuard","bronze:BuggyMess"],"picked":"bronze:Constructor","floor":14.0},{"not_picked":["bronze:FineTuning","bronze:Return"],"picked":"bronze:Terminator","floor":15.0},{"not_picked":["bronze:FindAndReplace","bronze:AlphaBuild"],"picked":"bronze:SpaghettiCode","floor":16.0},{"not_picked":["bronze:Iterate","bronze:Overload"],"picked":"bronze:ChildClass","floor":19.0},{"not_picked":[],"picked":"bronze:DonuBeam","floor":21.0},{"not_picked":[],"picked":"bronze:DecaBeam","floor":21.0},{"not_picked":["bronze:Deprecate","bronze:WildBeam"],"picked":"bronze:MaxOutput","floor":21.0},{"not_picked":["bronze:Frontload","bronze:Boost"],"picked":"bronze:Repulsor","floor":22.0},{"not_picked":["bronze:CutThrough","bronze:Overload","bronze:BronzeOrb+1"],"picked":"SKIP","floor":23.0},{"not_picked":["bronze:Allocate","bronze:Invalidate","bronze:Deprecate"],"picked":"SKIP","floor":25.0},{"not_picked":["bronze:BronzeOrb","bronze:Iterate","bronze:CutThrough"],"picked":"SKIP","floor":27.0},{"not_picked":["bronze:DigitalCarnage","bronze:InfiniteBeams"],"picked":"bronze:Boost","floor":29.0},{"not_picked":["bronze:OilSpill","bronze:BronzeOrb","bronze:Repair+1"],"picked":"SKIP","floor":30.0},{"not_picked":["bronze:Separator","bronze:OilSpill+1","bronze:ClassDefault"],"picked":"SKIP","floor":31.0},{"not_picked":["bronze:Boost","bronze:BuggyMess","bronze:CutThrough+1"],"picked":"SKIP","floor":32.0},{"not_picked":["bronze:RecursiveStrike","bronze:Mutator"],"picked":"bronze:Format","floor":33.0},{"not_picked":["bronze:BronzeArmor+1","bronze:Branch","bronze:Turbo+1"],"picked":"SKIP","floor":36.0},{"not_picked":["bronze:Deprecate+1","bronze:Safeguard","bronze:DarkDash+1"],"picked":"SKIP","floor":42.0},{"not_picked":["bronze:BronzeArmor+1","bronze:BitShift","bronze:BuggyMess+1"],"picked":"SKIP","floor":43.0},{"not_picked":["bronze:Backtrace","bronze:DarkDash+1","bronze:Separator+1"],"picked":"SKIP","floor":45.0},{"not_picked":["bronze:WhirlingStrike","bronze:Overload","bronze:ItsAFeature"],"picked":"SKIP","floor":48.0},{"not_picked":["bronze:BugBarrage+1","bronze:Branch"],"picked":"bronze:Philosophize+1","floor":49.0},{"not_picked":["bronze:FineTuning","bronze:CloningBeam","bronze:Backtrace"],"picked":"SKIP","floor":52.0}],"player_experience":1382690,"relics_obtained":[{"floor":6.0,"key":"Oddly Smooth Stone"},{"floor":7.0,"key":"MealTicket"},{"floor":23.0,"key":"Darkstone Periapt"},{"floor":37.0,"key":"Pear"},{"floor":41.0,"key":"CaptainsWheel"},{"floor":52.0,"key":"Toy Ornithopter"},{"floor":52.0,"key":"Anchor"}],"event_choices":[{"damage_healed":0.0,"max_hp_gain":5.0,"max_hp_loss":0.0,"gold_gain":0.0,"event_name":"Big Fish","player_choice":"Donut","floor":11.0,"gold_loss":0.0,"damage_taken":0.0},{"damage_healed":25.0,"max_hp_gain":0.0,"max_hp_loss":0.0,"gold_gain":0.0,"event_name":"The Library","player_choice":"Heal","floor":26.0,"gold_loss":0.0,"damage_taken":0.0},{"cards_removed":["bronze:Iterate"],"damage_healed":0.0,"max_hp_gain":0.0,"max_hp_loss":0.0,"gold_gain":0.0,"event_name":"Falling","player_choice":"Removed Attack","floor":39.0,"gold_loss":0.0,"damage_taken":0.0}],"is_beta":false,"boss_relics":[{"not_picked":["Snecko Eye","Cursed Key"],"picked":"Sozu"},{"not_picked":["Runic Pyramid","Fusion Hammer"],"picked":"Black Star"}],"items_purged_floors":[2,14,43],"is_endless":false,"potions_floor_spawned":[3,6,12,13,15,23,25,30,31,32,33,42,45,49],"ascension_level":0}}