{"host":"vyjryxuuuxkt43k4","time":1611107198,"event":{"mods":["AchievementEnabler","BaseMod","Colored Map","DeckTracker","Keyboard Shortcuts","Minty Spire (QoL Compilation)","Permanent Neow","Quick Restart","Rare Cards Sparkle","StSLib","SuperFastMode","everything is the same but u backflip on backflip"],"gold_per_floor":[114,189,206,206,219,219,239,271,298,298,56,76,76,100,100,196,196,176,188,188,199,213,213,230,230,254,254,254,254,286,286,286,286,286],"floor_reached":33,"language":"KOR","playtime":2147,"items_purged":[],"score":383,"play_id":"76c7545e-0494-419b-983b-99f50df87ef3","local_time":"20210120104638","is_ascension_mode":true,"campfire_choices":[{"data":"Neutralize","floor":6,"key":"SMITH"},{"data":"Deadly Poison","floor":10,"key":"SMITH"},{"data":"Dash","floor":15,"key":"SMITH"},{"floor":23,"key":"REST"},{"data":"Tactician","floor":27,"key":"SMITH"},{"data":"Adrenaline","floor":29,"key":"SMITH"},{"floor":32,"key":"REST"}],"circlet_count":0,"master_deck":["Defend_G","Defend_G","Defend_G","Defend_G","Defend_G","Survivor","Neutralize+1","Caltrops","Cloak And Dagger","Deadly Poison+1","Leg Sweep","Dash+1","Adrenaline+1","CurseOfTheBell","Acrobatics+1","Tactician+1","Expertise+1","PiercingWail","PiercingWail","Leg Sweep+1","Bite","Bite","Bite","Bite","Bite","Prepared","Backflip"],"relics":["Ring of the Snake","Bag of Marbles","Happy Flower","Nunchaku","Potion Belt","Odd Mushroom","Calling Bell","Lantern","Singing Bowl","The Specimen","Dream Catcher","Prayer Wheel"],"acts_visited":["Exordium","TheCity"],"potions_floor_usage":[7,8,16,16,16,16,19,22,30,33,33],"damage_taken":[{"damage":0,"enemies":"Small Slimes","floor":1,"turns":5},{"damage":0,"enemies":"2 Louse","floor":3,"turns":4},{"damage":0,"enemies":"Cultist","floor":5,"turns":4},{"damage":1,"enemies":"3 Louse","floor":7,"turns":3},{"damage":8,"enemies":"3 Sentries","floor":8,"turns":9},{"damage":1,"enemies":"Looter","floor":12,"turns":4},{"damage":11,"enemies":"The Mushroom Lair","floor":14,"turns":6},{"damage":15,"enemies":"Hexaghost","floor":16,"turns":7},{"damage":16,"enemies":"2 Thieves","floor":18,"turns":4},{"damage":0,"enemies":"3 Byrds","floor":19,"turns":4},{"damage":13,"enemies":"Shelled Parasite and Fungi","floor":21,"turns":7},{"damage":18,"enemies":"3 Cultists","floor":22,"turns":6},{"damage":7,"enemies":"Snecko","floor":24,"turns":6},{"damage":43,"enemies":"Book of Stabbing","floor":30,"turns":7},{"damage":49,"enemies":"Champ","floor":33,"turns":12}],"seed_played":"8885173938219878948","potions_obtained":[{"floor":4,"key":"DistilledChaos"},{"floor":4,"key":"LiquidBronze"},{"floor":4,"key":"Fire Potion"},{"floor":8,"key":"ColorlessPotion"},{"floor":12,"key":"Fruit Juice"},{"floor":14,"key":"Poison Potion"},{"floor":16,"key":"ColorlessPotion"},{"floor":18,"key":"DuplicationPotion"},{"floor":19,"key":"CultistPotion"},{"floor":24,"key":"Poison Potion"}],"is_trial":false,"path_per_floor":["M","?","M","?","M","R","M","E","T","R","$","M","?","?","R","B",null,"M","M","?","M","M","R","M","?","T","R","?","R","E","?","R","B"],"character_chosen":"THE_SILENT","items_purchased":["Dash","Potion Belt","Poison Potion"],"campfire_rested":2,"item_purchase_floors":[11,11,11],"current_hp_per_floor":[63,52,52,52,52,52,51,43,43,43,43,42,35,24,24,14,60,44,44,44,31,13,35,28,28,28,28,45,45,12,12,27,0,0],"gold":286,"neow_bonus":"RANDOM_COMMON_RELIC","is_daily":false,"chose_seed":false,"campfire_upgraded":5,"win_rate":0.0,"timestamp":1611107198,"path_taken":["M","?","M","?","M","R","M","E","T","R","$","?","?","?","R","BOSS","M","M","?","M","M","R","?","?","T","R","?","R","E","?","R","BOSS"],"items_purchased_type":["Card","Relic","Potion"],"build_version":"2020-12-22","purchased_purges":0,"victory":false,"max_hp_per_floor":[70,70,70,70,70,70,70,70,70,70,70,70,70,70,70,75,75,75,75,75,75,75,75,75,52,52,52,52,52,52,52,52,52,52],"card_choices":[{"not_picked":["Outmaneuver","Distraction"],"picked":"Sucker Punch","floor":1},{"not_picked":["Sucker Punch","Slice"],"picked":"Caltrops","floor":3},{"not_picked":["Backflip","Outmaneuver"],"picked":"Cloak And Dagger","floor":5},{"not_picked":["Poisoned Stab","Dagger Throw"],"picked":"Deadly Poison","floor":7},{"not_picked":["Prepared","Infinite Blades"],"picked":"Leg Sweep","floor":8},{"not_picked":["Prepared","Dagger Throw"],"picked":"Heel Hook","floor":12},{"not_picked":["Night Terror","Malaise"],"picked":"Adrenaline","floor":16},{"not_picked":["Poisoned Stab","Underhanded Strike+1"],"picked":"Acrobatics+1","floor":18},{"not_picked":["Acrobatics","Eviscerate+1"],"picked":"Tactician","floor":19},{"not_picked":["PiercingWail","Prepared"],"picked":"Expertise+1","floor":21},{"not_picked":["Deadly Poison+1","Night Terror"],"picked":"PiercingWail","floor":22},{"not_picked":["Deflect+1","Outmaneuver"],"picked":"PiercingWail","floor":23},{"not_picked":["Dash","Infinite Blades"],"picked":"Leg Sweep+1","floor":24},{"not_picked":["PiercingWail","A Thousand Cuts"],"picked":"Prepared","floor":30},{"not_picked":["Dagger Throw","Bouncing Flask+1"],"picked":"Backflip","floor":32}],"player_experience":127387,"relics_obtained":[{"floor":8,"key":"Happy Flower"},{"floor":9,"key":"Nunchaku"},{"floor":14,"key":"Odd Mushroom"},{"floor":17,"key":"Lantern"},{"floor":17,"key":"Singing Bowl"},{"floor":17,"key":"The Specimen"},{"floor":30,"key":"Prayer Wheel"}],"event_choices":[{"damage_healed":0,"gold_gain":75,"player_choice":"Gather Gold","damage_taken":11,"max_hp_gain":0,"max_hp_loss":0,"event_name":"World of Goop","floor":2,"gold_loss":0},{"damage_healed":0,"gold_gain":0,"player_choice":"Got Potions","damage_taken":0,"max_hp_gain":0,"max_hp_loss":0,"event_name":"Lab","floor":4,"gold_loss":0},{"cards_removed":["Strike_G"],"damage_healed":0,"gold_gain":0,"player_choice":"Card Removal","damage_taken":7,"max_hp_gain":0,"max_hp_loss":0,"event_name":"Golden Wing","floor":13,"gold_loss":0},{"damage_healed":0,"gold_gain":0,"player_choice":"Fought Mushrooms","damage_taken":0,"max_hp_gain":0,"max_hp_loss":0,"event_name":"Mushrooms","floor":14,"gold_loss":0},{"cards_removed":["Heel Hook"],"damage_healed":0,"gold_gain":0,"player_choice":"Gave Card","damage_taken":0,"relics_obtained":["Dream Catcher"],"max_hp_gain":0,"max_hp_loss":0,"event_name":"WeMeetAgain","floor":20,"gold_loss":0},{"damage_healed":0,"gold_gain":0,"player_choice":"Became a vampire","damage_taken":0,"max_hp_gain":0,"max_hp_loss":23,"event_name":"Vampires","floor":25,"gold_loss":0,"cards_obtained":["Bite","Bite","Bite","Bite","Bite"]},{"damage_healed":17,"gold_gain":0,"player_choice":"Heal","damage_taken":0,"max_hp_gain":0,"max_hp_loss":0,"event_name":"The Library","floor":28,"gold_loss":0},{"cards_removed":["Sucker Punch"],"damage_healed":0,"gold_gain":0,"player_choice":"Elegance","damage_taken":0,"max_hp_gain":0,"max_hp_loss":0,"event_name":"Back to Basics","floor":31,"gold_loss":0}],"is_beta":false,"boss_relics":[{"not_picked":["WristBlade","Ectoplasm"],"picked":"Calling Bell"}],"items_purged_floors":[],"is_endless":false,"potions_floor_spawned":[5,8,12,14,16,18,19,24],"killed_by":"Champ","ascension_level":7}}