{"host":"msa0wxqjs3jv1k3j","time":1611136077,"event":{"mods":["AchievementEnabler","BaseMod","BetterRewards","Colored Map","Highlight Path","KOR Keyword Fix","Keyboard Shortcuts","Minty Spire (QoL Compilation)","Quick Restart","SuperFastMode","everything is the same but u backflip on backflip"],"gold_per_floor":[112,287,287,362,381,381,397,397,397,428,5,24,44,44,44,144,144,164,183,183,196,213,213,230,260,260,260,278,278,296,296,296,400,450,460,472,472,489,489,489,238,238,238,258,145,177,177,202,202,202],"floor_reached":51,"language":"KOR","playtime":1944,"items_purged":["Strike_R","Strike_R","Strike_R"],"score":1027,"play_id":"dd9288d0-e400-499a-9833-14a5196cd76e","local_time":"20210120184757","is_ascension_mode":false,"campfire_choices":[{"data":"Body Slam","floor":6,"key":"SMITH"},{"data":"True Grit","floor":8,"key":"SMITH"},{"data":"Seeing Red","floor":15,"key":"SMITH"},{"data":"Corruption","floor":23,"key":"SMITH"},{"data":"Sentinel","floor":27,"key":"SMITH"},{"data":"Armaments","floor":29,"key":"SMITH"},{"data":"Shrug It Off","floor":32,"key":"SMITH"},{"data":"Impervious","floor":40,"key":"SMITH"},{"data":"Flex","floor":47,"key":"SMITH"},{"floor":49,"key":"REST"}],"circlet_count":0,"master_deck":["Defend_R","Defend_R+1","Defend_R+1","Bash+1","True Grit+1","Pommel Strike","Body Slam+1","Seeing Red+1","Armaments+1","Corruption+1","Bloodletting+1","Impervious+1","Thunderclap","Sentinel+1","Shrug It Off+1","Flex+1"],"relics":["Burning Blood","Dead Branch","Ice Cream","TheAbacus","Art of War","Paper Frog","Toy Ornithopter","War Paint","Turnip","Empty Cage","Singing Bowl","CeramicFish","Enchiridion","Tiny House","Anchor","Juzu Bracelet","The Courier","Pocketwatch","InkBottle"],"acts_visited":["Exordium","TheCity","TheBeyond"],"potions_floor_usage":[16],"damage_taken":[{"damage":0,"enemies":"Small Slimes","floor":1,"turns":4},{"damage":1,"enemies":"Jaw Worm","floor":5,"turns":4},{"damage":6,"enemies":"Cultist","floor":7,"turns":3},{"damage":15,"enemies":"Gremlin Nob","floor":10,"turns":4},{"damage":2,"enemies":"Large Slime","floor":12,"turns":3},{"damage":1,"enemies":"Looter","floor":13,"turns":3},{"damage":40,"enemies":"Slime Boss","floor":16,"turns":12},{"damage":3,"enemies":"Spheric Guardian","floor":18,"turns":4},{"damage":1,"enemies":"Shell Parasite","floor":19,"turns":4},{"damage":3,"enemies":"Snecko","floor":21,"turns":5},{"damage":27,"enemies":"Shelled Parasite and Fungi","floor":22,"turns":4},{"damage":3,"enemies":"Centurion and Healer","floor":24,"turns":3},{"damage":22,"enemies":"Gremlin Leader","floor":25,"turns":3},{"damage":4,"enemies":"Sentry and Sphere","floor":28,"turns":4},{"damage":3,"enemies":"Snake Plant","floor":30,"turns":4},{"damage":3,"enemies":"Automaton","floor":33,"turns":3},{"damage":4,"enemies":"Orb Walker","floor":35,"turns":2},{"damage":5,"enemies":"3 Shapes","floor":36,"turns":3},{"damage":0,"enemies":"Jaw Worm Horde","floor":38,"turns":2},{"damage":20,"enemies":"Transient","floor":44,"turns":5},{"damage":34,"enemies":"Reptomancer","floor":46,"turns":4},{"damage":11,"enemies":"Giant Head","floor":48,"turns":3},{"damage":6,"enemies":"Donu and Deca","floor":50,"turns":3}],"seed_played":"7546965278795198502","potions_obtained":[{"floor":1,"key":"Block Potion"},{"floor":13,"key":"BlessingOfTheForge"},{"floor":18,"key":"ElixirPotion"},{"floor":25,"key":"SkillPotion"},{"floor":34,"key":"PowerPotion"},{"floor":38,"key":"Regen Potion"}],"is_trial":false,"path_per_floor":["M","?","T","?","M","R","M","R","T","E","$","M","M","$","R","B",null,"M","M","?","M","M","R","M","E","T","R","M","R","M","?","R","B",null,"M","M","?","M","?","R","$","?","T","M","$","E","R","E","R","B",null],"character_chosen":"IRONCLAD","items_purchased":["Dead Branch","TheAbacus","Art of War","True Grit","Turnip","Armaments","Juzu Bracelet","Flex"],"campfire_rested":1,"item_purchase_floors":[0,0,0,0,11,11,41,45],"current_hp_per_floor":[80,80,80,69,74,74,74,74,74,65,65,69,74,74,74,45,80,80,80,80,80,59,59,62,48,48,48,52,52,57,41,41,46,95,97,99,99,101,96,96,96,96,96,84,84,58,58,55,85,85],"gold":202,"neow_bonus":"","is_daily":false,"chose_seed":false,"campfire_upgraded":9,"win_rate":0.0,"timestamp":1611136077,"path_taken":["M","?","?","?","M","R","M","R","T","E","$","?","M","?","R","BOSS","M","M","?","M","M","R","M","E","T","R","M","R","M","?","R","BOSS","M","M","?","?","?","R","?","?","T","M","$","E","R","E","R","BOSS"],"items_purchased_type":["Relic","Relic","Relic","Card","Relic","Card","Relic","Card"],"build_version":"2020-12-22","purchased_purges":3,"victory":true,"max_hp_per_floor":[80,80,80,80,80,80,80,80,80,80,80,80,80,80,80,80,80,80,80,80,80,80,80,80,82,82,82,84,84,86,86,86,88,95,97,99,99,101,96,96,96,96,96,98,98,100,100,102,102,102],"card_choices":[{"not_picked":["Iron Wave","Power Through"],"picked":"Pommel Strike","floor":1},{"not_picked":["Heavy Blade","Iron Wave"],"picked":"Body Slam","floor":5},{"not_picked":["Fire Breathing","Havoc"],"picked":"Seeing Red","floor":7},{"not_picked":["Sword Boomerang","Reckless Charge","Headbutt"],"picked":"SKIP","floor":10},{"not_picked":["Havoc","Second Wind","Sword Boomerang"],"picked":"SKIP","floor":12},{"not_picked":["Spot Weakness","Havoc","True Grit"],"picked":"SKIP","floor":13},{"not_picked":["Impervious","Immolate"],"picked":"Corruption","floor":16},{"not_picked":["Havoc","Cleave","Inflame"],"picked":"SKIP","floor":18},{"not_picked":["Combust","Heavy Blade"],"picked":"Bloodletting+1","floor":19},{"not_picked":["Anger","Feel No Pain+1"],"picked":"Sentinel","floor":21},{"not_picked":["Reckless Charge","Thunderclap+1"],"picked":"Shrug It Off","floor":22},{"not_picked":["Heavy Blade","Perfected Strike","Armaments"],"picked":"SKIP","floor":24},{"not_picked":["Wild Strike","Iron Wave","Sentinel"],"picked":"Singing Bowl","floor":25},{"not_picked":["Pommel Strike","Sword Boomerang","Iron Wave+1"],"picked":"Singing Bowl","floor":28},{"not_picked":["Twin Strike+1","Evolve+1","Ghostly Armor+1"],"picked":"Singing Bowl","floor":30},{"not_picked":["Corruption","Immolate","Bludgeon"],"picked":"Singing Bowl","floor":33},{"not_picked":["Sever Soul","True Grit","Rupture+1"],"picked":"Singing Bowl","floor":34},{"not_picked":["Searing Blow+1","Headbutt+1","Pommel Strike+1"],"picked":"Singing Bowl","floor":35},{"not_picked":["Body Slam","Burning Pact+1","Cleave+1"],"picked":"Singing Bowl","floor":36},{"not_picked":["Shrug It Off+1","Rage+1","Infernal Blade"],"picked":"Singing Bowl","floor":38},{"not_picked":["Body Slam+1","Headbutt+1","Sword Boomerang"],"picked":"Singing Bowl","floor":44},{"not_picked":["Flex","Perfected Strike+1","Whirlwind"],"picked":"Singing Bowl","floor":46},{"not_picked":["Brutality","Rupture+1","Clothesline"],"picked":"Singing Bowl","floor":48}],"player_experience":137591,"relics_obtained":[{"floor":3,"key":"Paper Frog"},{"floor":9,"key":"Toy Ornithopter"},{"floor":10,"key":"War Paint"},{"floor":25,"key":"Singing Bowl"},{"floor":26,"key":"CeramicFish"},{"floor":31,"key":"Enchiridion"},{"floor":43,"key":"The Courier"},{"floor":46,"key":"Pocketwatch"},{"floor":48,"key":"InkBottle"}],"event_choices":[{"damage_healed":0,"gold_gain":175,"player_choice":"AGREE","damage_taken":0,"max_hp_gain":0,"max_hp_loss":0,"event_name":"Liars Game","floor":2,"gold_loss":0,"cards_obtained":["Doubt"]},{"damage_healed":0,"gold_gain":75,"player_choice":"Gather Gold","damage_taken":11,"max_hp_gain":0,"max_hp_loss":0,"event_name":"World of Goop","floor":4,"gold_loss":0},{"damage_healed":0,"gold_gain":0,"cards_transformed":["Strike_R","Defend_R"],"player_choice":"Became Test Subject","damage_taken":0,"max_hp_gain":0,"max_hp_loss":0,"event_name":"Drug Dealer","floor":20,"gold_loss":0,"cards_obtained":["Impervious","Thunderclap"]},{"damage_healed":0,"gold_gain":0,"player_choice":"Obtained Book","damage_taken":16,"max_hp_gain":0,"max_hp_loss":0,"event_name":"Cursed Tome","floor":31,"gold_loss":0},{"damage_healed":0,"gold_gain":0,"player_choice":"Gave Potion","damage_taken":0,"relics_obtained":["Anchor"],"max_hp_gain":0,"max_hp_loss":0,"event_name":"WeMeetAgain","floor":37,"gold_loss":0},{"damage_healed":0,"gold_gain":0,"player_choice":"Max HP","damage_taken":0,"max_hp_gain":0,"max_hp_loss":5,"event_name":"Winding Halls","floor":39,"gold_loss":0},{"damage_healed":0,"gold_gain":0,"player_choice":"Ignored","damage_taken":0,"max_hp_gain":0,"max_hp_loss":0,"event_name":"Tomb of Lord Red Mask","floor":42,"gold_loss":0}],"is_beta":false,"boss_relics":[{"not_picked":["Velvet Choker","SlaversCollar"],"picked":"Empty Cage"},{"not_picked":["Runic Dome","SacredBark"],"picked":"Tiny House"}],"items_purged_floors":[11,41,45],"is_endless":false,"potions_floor_spawned":[1,13,18,25,30,33,36,38,46],"ascension_level":0}}