{"host":"nbmmy2ys5j9alw05","time":1611117284,"event":{"mods":["AchievementEnabler","BaseMod","Bestiary","Better Vampires","Colored Map","Colored Powertips","Googly Eyes","Minty Spire (QoL Compilation)","Quick Restart","StSLib","The Hierophant","The IronCluck","everything is the same but u backflip on backflip"],"gold_per_floor":[113,128,16,16,16,50,50,66,66,66,85,101,9,29,29,130,130,141,119,119,119,119,119,150,150,150,203,236,254,254,281,281,281,281],"floor_reached":33,"language":"ENG","playtime":764,"items_purged":[],"score":498,"play_id":"2c77d2d8-1e66-4000-b20c-19b82edbebe7","local_time":"20210119203444","is_ascension_mode":true,"campfire_choices":[{"data":"Perfected Strike","floor":7,"key":"SMITH"},{"data":"Limit Break","floor":15,"key":"SMITH"},{"data":"Limit Break","floor":23,"key":"SMITH"},{"floor":25,"key":"REST"},{"data":"Pummel","floor":30,"key":"SMITH"},{"floor":32,"key":"REST"}],"circlet_count":0,"master_deck":["Strike_R","Strike_R+1","Strike_R","Strike_R","Strike_R","Defend_R","Defend_R","Defend_R","Defend_R","Bash+1","Pommel Strike","Perfected Strike+1","Inflame","Rage+1","Anger","Limit Break+1","Pummel+1","Wild Strike","Flex+1","Metallicize","Pommel Strike","Limit Break+1","Pommel Strike+1","Twin Strike","Double Tap","Twin Strike","Flex"],"relics":["Burning Blood","NeowsBlessing","Shuriken","Whetstone","StoneCalendar","Sozu","War Paint","Pear","Lantern","Bag of Marbles","Bottled Lightning"],"acts_visited":["Exordium","TheCity"],"potions_floor_usage":[16,16,24],"damage_taken":[{"damage":0,"enemies":"Cultist","floor":1,"turns":1},{"damage":0,"enemies":"2 Louse","floor":2,"turns":1},{"damage":0,"enemies":"3 Sentries","floor":6,"turns":2},{"damage":1,"enemies":"Jaw Worm","floor":8,"turns":2},{"damage":7,"enemies":"3 Louse","floor":11,"turns":4},{"damage":8,"enemies":"Blue Slaver","floor":12,"turns":3},{"damage":8,"enemies":"Red Slaver","floor":14,"turns":2},{"damage":35,"enemies":"Hexaghost","floor":16,"turns":6},{"damage":12,"enemies":"Chosen","floor":18,"turns":3},{"damage":37,"enemies":"Slavers","floor":24,"turns":5},{"damage":17,"enemies":"Gremlin Leader","floor":28,"turns":4},{"damage":12,"enemies":"2 Thieves","floor":29,"turns":3},{"damage":14,"enemies":"Book of Stabbing","floor":31,"turns":2},{"damage":109,"enemies":"Collector","floor":33,"turns":5}],"seed_played":"-1178610132393696498","potions_obtained":[{"floor":6,"key":"Strength Potion"},{"floor":11,"key":"Energy Potion"},{"floor":12,"key":"Energy Potion"}],"is_trial":false,"path_per_floor":["M","M","$","?","?","E","R","M","T","?","M","M","$","M","R","B",null,"M","$","?","?","$","R","E","R","T","T","E","M","R","E","R","B"],"character_chosen":"IRONCLAD","items_purchased":["Inflame","Rage","Flex","Metallicize","Twin Strike"],"campfire_rested":2,"item_purchase_floors":[3,3,13,13,19],"current_hp_per_floor":[78,80,80,85,85,85,85,85,85,78,77,75,75,73,73,44,75,69,69,69,69,69,69,38,63,73,73,62,56,56,48,76,0,0],"gold":281,"neow_bonus":"THREE_ENEMY_KILL","is_daily":false,"chose_seed":false,"campfire_upgraded":4,"win_rate":0.0,"timestamp":1611117284,"path_taken":["M","?","$","?","?","E","R","M","T","?","M","?","?","?","R","BOSS","M","$","?","?","$","R","E","R","T","?","E","?","R","E","R","BOSS"],"items_purchased_type":["Card","Card","Card","Card","Card"],"build_version":"2020-12-22","purchased_purges":0,"victory":false,"max_hp_per_floor":[80,80,80,85,85,85,85,85,85,85,85,85,85,85,85,85,85,85,85,85,85,85,85,85,85,95,95,95,95,95,95,95,95,95],"card_choices":[{"not_picked":["Warcry","Fire Breathing"],"picked":"Pommel Strike","floor":1},{"not_picked":["Ghostly Armor","Sword Boomerang"],"picked":"Perfected Strike","floor":2},{"not_picked":["Havoc","Headbutt"],"picked":"Anger","floor":6},{"not_picked":["Headbutt","Ghostly Armor"],"picked":"Limit Break","floor":8},{"not_picked":["Searing Blow","Entrench"],"picked":"Pummel","floor":11},{"not_picked":["Combust","Heavy Blade"],"picked":"Wild Strike","floor":12},{"not_picked":["Wild Strike","Carnage"],"picked":"Pommel Strike","floor":14},{"not_picked":["Feed","Impervious"],"picked":"Limit Break","floor":16},{"not_picked":["Clash+1","Sword Boomerang+1"],"picked":"Pommel Strike+1","floor":18},{"not_picked":["Flame Barrier","Combust"],"picked":"Double Tap","floor":24},{"not_picked":["Spot Weakness","Dropkick+1"],"picked":"Twin Strike","floor":28},{"not_picked":["Ghostly Armor","Warcry"],"picked":"Flex","floor":29},{"not_picked":["Cleave","Warcry+1","Clash+1"],"picked":"SKIP","floor":31}],"player_experience":487878,"relics_obtained":[{"floor":6,"key":"Shuriken"},{"floor":9,"key":"Whetstone"},{"floor":24,"key":"War Paint"},{"floor":26,"key":"Pear"},{"floor":27,"key":"Lantern"},{"floor":28,"key":"Bag of Marbles"},{"floor":31,"key":"Bottled Lightning"}],"event_choices":[{"damage_healed":0,"gold_gain":0,"player_choice":"Donut","damage_taken":0,"max_hp_gain":5,"max_hp_loss":0,"event_name":"Big Fish","floor":4,"gold_loss":0},{"damage_healed":0,"gold_gain":0,"player_choice":"Ignored","damage_taken":0,"max_hp_gain":0,"max_hp_loss":0,"event_name":"Golden Wing","floor":5,"gold_loss":0},{"damage_healed":0,"gold_gain":0,"player_choice":"Success","damage_taken":7,"relics_obtained":["StoneCalendar"],"max_hp_gain":0,"max_hp_loss":0,"event_name":"Scrap Ooze","floor":10,"gold_loss":0},{"damage_healed":0,"gold_gain":0,"player_choice":"Ignored","damage_taken":0,"max_hp_gain":0,"max_hp_loss":0,"event_name":"The Mausoleum","floor":20,"gold_loss":0},{"damage_healed":0,"gold_gain":0,"player_choice":"Ignored","damage_taken":0,"max_hp_gain":0,"max_hp_loss":0,"event_name":"Ghosts","floor":21,"gold_loss":0}],"is_beta":false,"boss_relics":[{"not_picked":["Fusion Hammer","Astrolabe"],"picked":"Sozu"}],"items_purged_floors":[],"is_endless":false,"potions_floor_spawned":[6,11,12,18,28],"killed_by":"Collector","ascension_level":9}}