{"host":"e6sgj53qqwx3piqv","time":1611170556,"event":{"mods":["AchievementEnabler","Aspiration","BaseMod","BetterRewards","Colored Powertips","Downfall","Hermit","Highlight Path","Hubris","Infinite Spire","Minty Spire (QoL Compilation)","Quick Restart","Rare Cards Sparkle","Shop Mod","StSLib","The Cursed","The Disciple","The Jungle","The Runesmith"],"gold_per_floor":[111,128,140,140,159,159,159,159,231,231,247,147,161,187,187,289,289,304,304,304,352,352,352,370,402,429,442,442,461,27,27,27,122,122,142,0,13,85,85,130,157,183,265,277,277],"floor_reached":44,"language":"ENG","playtime":2241,"items_purged":[],"score":483,"play_id":"9017f5c1-4152-4a57-ad63-b79d70975a75","local_time":"20210120142236","is_ascension_mode":false,"campfire_choices":[{"floor":6,"key":"RECALL"},{"floor":15,"key":"REST"},{"floor":23,"key":"REST"},{"floor":28,"key":"REST"},{"floor":32,"key":"REST"}],"circlet_count":0,"master_deck":["Strike_G","Strike_G","Strike_G","Strike_G","Strike_G","Defend_G","Defend_G","Defend_G","Defend_G","Defend_G","Survivor","Neutralize","Noxious Fumes","Blind","Quick Slash","Cloak And Dagger","hubris:Ssssneak","Noxious Fumes","Slice","A Thousand Cuts","Catalyst","Deadly Poison","Bullet Time","Poisoned Stab","Deflect","Leg Sweep","Poisoned Stab","Deadly Poison","Corpse Explosion","CurseOfTheBell","Bane","infinitespire:NeuralNetwork","Night Terror","Deflect+1","Poisoned Stab","Blade Dance","Corpse Explosion","Bane","Panache","Caltrops+1","Phantasmal Killer","PiercingWail","Caltrops+1","Dagger Spray+1","Cloak And Dagger+1","Infinite Blades+1"],"relics":["Ring of the Snake","MerchantsRug","Tiny Chest","Torii","PreservedInsect","Eternal Feather","Dream Catcher","Calling Bell","Lantern","aspiration:FrozenJewel","hubris:AstralHammer","hubris:AncientText","hubris:Towel","HornCleat","Omamori","Molten Egg 2","Red Mask","infinitespire:Midas Blood","Ancient Tea Set","aspiration:RitualDagger","MealTicket","hubris:PeanutButter"],"acts_visited":["Exordium","TheCity","TheBeyond"],"potions_floor_usage":[16,16,29,33,33,33,33,41,42],"damage_taken":[{"damage":1,"enemies":"Cultist","floor":1,"turns":5},{"damage":1,"enemies":"2 Louse","floor":2,"turns":3},{"damage":0,"enemies":"Small Slimes","floor":3,"turns":3},{"damage":2,"enemies":"Red Slaver","floor":5,"turns":5},{"damage":13,"enemies":"3 Louse","floor":11,"turns":3},{"damage":2,"enemies":"Large Slime","floor":13,"turns":6},{"damage":8,"enemies":"3 Sentries","floor":14,"turns":6},{"damage":8,"enemies":"The Guardian","floor":16,"turns":9},{"damage":27,"enemies":"2 Thieves","floor":18,"turns":3},{"damage":6,"enemies":"Spheric Guardian","floor":24,"turns":4},{"damage":15,"enemies":"Slavers","floor":25,"turns":3},{"damage":15,"enemies":"3 Cultists","floor":27,"turns":6},{"damage":6,"enemies":"Cultist and Chosen","floor":29,"turns":4},{"damage":83,"enemies":"Collector","floor":33,"turns":8},{"damage":17,"enemies":"3 Darklings","floor":35,"turns":3},{"damage":9,"enemies":"Orb Walker","floor":37,"turns":4},{"damage":42,"enemies":"Nemesis","floor":40,"turns":5},{"damage":26,"enemies":"Sphere and 2 Shapes","floor":41,"turns":5},{"damage":46,"enemies":"Transient","floor":42,"turns":5},{"damage":52,"enemies":"Spire Growth","floor":44,"turns":4}],"seed_played":"9195046300112534314","potions_obtained":[{"floor":2,"key":"Poison Potion"},{"floor":3,"key":"SpeedPotion"},{"floor":7,"key":"LiquidBronze"},{"floor":7,"key":"PowerPotion"},{"floor":7,"key":"AttackPotion"},{"floor":25,"key":"EntropicBrew"},{"floor":27,"key":"infinitespire:BlackPotion"},{"floor":35,"key":"Dexterity Potion"},{"floor":37,"key":"Swift Potion"}],"is_trial":false,"path_per_floor":["M","M","M","T","M","R","?","T","T","?","M","$","M","E","R","B",null,"M","?","?","T","?","R","M","E","T","M","R","M","$","?","R","B",null,"M","?","M","T","AVR","E","M","M","T","M"],"character_chosen":"THE_SILENT","items_purchased":["MerchantsRug","Noxious Fumes","Tiny Chest","Blind","Quick Slash","Cloak And Dagger","Poisoned Stab","Deflect","Panache","Molten Egg 2"],"campfire_rested":4,"item_purchase_floors":[0,0,0,0,0,0,12,12,30,30],"current_hp_per_floor":[37,36,36,36,34,34,34,34,34,34,21,21,19,11,47,39,70,43,26,26,26,26,65,59,44,44,29,70,64,64,64,70,21,70,53,53,44,44,44,2,56,33,33,0,0],"gold":277,"neow_bonus":"","is_daily":false,"chose_seed":false,"campfire_upgraded":0,"win_rate":0.0,"timestamp":1611170556,"path_taken":["M","?","M","?","M","R","?","?","T","?","M","$","M","E","R","BOSS","M","?","?","?","?","R","M","E","T","M","R","M","$","?","R","BOSS","M","?","M","?","AVR","E","M","?","T","M"],"items_purchased_type":["Relic","Card","Relic","Card","Card","Card","Card","Card","Card","Relic"],"build_version":"2020-12-22","purchased_purges":0,"victory":false,"max_hp_per_floor":[70,70,70,70,70,70,70,70,70,70,70,70,70,70,70,70,70,70,70,70,70,70,70,70,70,70,70,70,70,70,70,70,70,70,70,70,70,70,70,70,70,70,70,70,70],"card_choices":[{"not_picked":["Backstab","Sucker Punch"],"picked":"Noxious Fumes","floor":1},{"not_picked":["hubris:SlightOfHand","Underhanded Strike"],"picked":"Slice","floor":2},{"not_picked":["Escape Plan","Quick Slash"],"picked":"A Thousand Cuts","floor":3},{"not_picked":["Bane","Dodge and Roll"],"picked":"Catalyst","floor":5},{"not_picked":["Backflip","Underhanded Strike"],"picked":"Bullet Time","floor":11},{"not_picked":["Acrobatics","Eviscerate"],"picked":"Leg Sweep","floor":13},{"not_picked":["hubris:Counter","Outmaneuver"],"picked":"Poisoned Stab","floor":14},{"not_picked":["Sucker Punch","Masterful Stab"],"picked":"Deadly Poison","floor":15},{"not_picked":["Storm of Steel","Glass Knife"],"picked":"Corpse Explosion","floor":16},{"not_picked":["Backflip","Cloak And Dagger"],"picked":"Bane","floor":18},{"not_picked":["hubris:Rewind","infinitespire:SevenWalls"],"picked":"infinitespire:NeuralNetwork","floor":19},{"not_picked":["Slice","Calculated Gamble"],"picked":"Deflect+1","floor":23},{"not_picked":["After Image","Dodge and Roll"],"picked":"Poisoned Stab","floor":24},{"not_picked":["hubris:SlightOfHand+1","Eviscerate","Dagger Throw"],"picked":"SKIP","floor":25},{"not_picked":["Dodge and Roll","Dagger Throw+1"],"picked":"Blade Dance","floor":27},{"not_picked":["hubris:SlightOfHand","Acrobatics"],"picked":"Corpse Explosion","floor":28},{"not_picked":["Flying Knee+1","Dodge and Roll"],"picked":"Bane","floor":29},{"not_picked":["Predator+1","Infinite Blades"],"picked":"Caltrops+1","floor":32},{"not_picked":["Glass Knife+1","Malaise"],"picked":"Phantasmal Killer","floor":33},{"not_picked":["Dagger Spray+1","Sucker Punch+1"],"picked":"PiercingWail","floor":35},{"not_picked":["Acrobatics","Flechettes+1"],"picked":"Caltrops+1","floor":37},{"not_picked":["Acrobatics","Blur+1"],"picked":"Dagger Spray+1","floor":40},{"not_picked":["hubris:SlightOfHand","Flying Knee+1"],"picked":"Cloak And Dagger+1","floor":41},{"not_picked":["Dagger Spray+1","Flying Knee+1"],"picked":"Infinite Blades+1","floor":42}],"player_experience":203768,"relics_obtained":[{"floor":8,"key":"PreservedInsect"},{"floor":9,"key":"Eternal Feather"},{"floor":14,"key":"Dream Catcher"},{"floor":17,"key":"Lantern"},{"floor":17,"key":"aspiration:FrozenJewel"},{"floor":17,"key":"hubris:AstralHammer"},{"floor":21,"key":"hubris:AncientText"},{"floor":25,"key":"HornCleat"},{"floor":26,"key":"Omamori"},{"floor":38,"key":"infinitespire:Midas Blood"},{"floor":40,"key":"MealTicket"},{"floor":43,"key":"hubris:PeanutButter"}],"event_choices":[{"damage_healed":0,"gold_gain":0,"player_choice":"Got Potions","damage_taken":0,"max_hp_gain":0,"max_hp_loss":0,"event_name":"Lab","floor":7,"gold_loss":0},{"damage_healed":0,"gold_gain":0,"player_choice":"1 cards matched","damage_taken":0,"max_hp_gain":0,"max_hp_loss":0,"event_name":"Match and Keep!","floor":20,"gold_loss":0,"cards_obtained":["Night Terror"]},{"damage_healed":0,"gold_gain":0,"player_choice":"Ignored","damage_taken":0,"max_hp_gain":0,"max_hp_loss":0,"event_name":"Ghosts","floor":31,"gold_loss":0},{"damage_healed":0,"gold_gain":0,"player_choice":"Paid","damage_taken":0,"relics_obtained":["Red Mask"],"max_hp_gain":0,"max_hp_loss":0,"event_name":"Tomb of Lord Red Mask","floor":36,"gold_loss":142}],"is_beta":false,"boss_relics":[{"not_picked":["hubris:RunicObelisk","Astrolabe"],"picked":"Calling Bell"},{"not_picked":["hubris:BlackHole","Runic Dome","Ring of the Serpent"]}],"items_purged_floors":[],"is_endless":false,"potions_floor_spawned":[2,3,11,25,27,35,37],"killed_by":"Spire Growth","ascension_level":0}}