{"host":"ao4lxi9bhtts409i","time":1611132868,"event":{"mods":["AchievementEnabler","BaseMod","Colored Map","Colored Powertips","Minty Spire (QoL Compilation)","SuperFastMode"],"gold_per_floor":[109,119,135,210,223,223,237,265,291,291,322,382,410,124,124,124,124],"floor_reached":16,"language":"ENG","playtime":1935,"items_purged":["Strike_P"],"score":132,"play_id":"858c0599-4162-4baf-8573-f66140434ece","local_time":"20210120095428","is_ascension_mode":true,"campfire_choices":[{"data":"DeceiveReality","floor":6,"key":"SMITH"},{"floor":10,"key":"REST"},{"floor":15,"key":"REST"}],"circlet_count":0,"master_deck":["Strike_P","Strike_P","Strike_P","Defend_P","Defend_P","Defend_P","Defend_P","Eruption","Vigilance","ConjureBlade","BowlingBash","DeceiveReality+1","PathToVictory","Protect","PathToVictory","Adaptation","Protect","SashWhip+1","Study"],"relics":["PureWater","Juzu Bracelet","Art of War","Anchor","Potion Belt","Molten Egg 2","PreservedInsect"],"acts_visited":["Exordium"],"potions_floor_usage":[12,13,13,16],"damage_taken":[{"damage":1,"enemies":"2 Louse","floor":1,"turns":3},{"damage":1,"enemies":"Cultist","floor":2,"turns":3},{"damage":4,"enemies":"Small Slimes","floor":3,"turns":3},{"damage":0,"enemies":"2 Fungi Beasts","floor":5,"turns":2},{"damage":3,"enemies":"Blue Slaver","floor":7,"turns":6},{"damage":26,"enemies":"Gremlin Nob","floor":8,"turns":5},{"damage":1,"enemies":"Lagavulin","floor":11,"turns":5},{"damage":2,"enemies":"3 Sentries","floor":12,"turns":9},{"damage":37,"enemies":"Gremlin Nob","floor":13,"turns":5},{"damage":65,"enemies":"Slime Boss","floor":16,"turns":5}],"seed_played":"-4321355280600644286","potions_obtained":[{"floor":2,"key":"Block Potion"},{"floor":5,"key":"SpeedPotion"},{"floor":7,"key":"BlessingOfTheForge"},{"floor":12,"key":"Regen Potion"}],"is_trial":false,"path_per_floor":["M","M","M","?","M","R","M","E","T","R","E","?","E","$","R","B"],"character_chosen":"WATCHER","items_purchased":["Study","PreservedInsect"],"campfire_rested":2,"item_purchase_floors":[14,14],"current_hp_per_floor":[71,70,66,55,55,55,52,26,26,47,46,44,21,21,42,0,0],"gold":124,"neow_bonus":"ONE_RANDOM_RARE_CARD","is_daily":false,"chose_seed":false,"campfire_upgraded":1,"win_rate":0.0,"timestamp":1611132868,"path_taken":["M","M","M","?","M","R","M","E","T","R","E","?","E","$","R","BOSS"],"items_purchased_type":["Card","Relic"],"build_version":"2020-12-22","purchased_purges":1,"victory":false,"max_hp_per_floor":[72,72,72,72,72,72,72,72,72,72,72,72,72,72,72,72,72],"card_choices":[{"not_picked":["FlyingSleeves","EmptyFist"],"picked":"BowlingBash","floor":1},{"not_picked":["FlyingSleeves","Wireheading"],"picked":"DeceiveReality","floor":2},{"not_picked":["Wireheading","ClearTheMind"],"picked":"PathToVictory","floor":3},{"not_picked":["EmptyBody","Halt"],"picked":"Protect","floor":5},{"not_picked":["JustLucky","CutThroughFate"],"picked":"PathToVictory","floor":7},{"not_picked":["Consecrate","ForeignInfluence"],"picked":"Adaptation","floor":8},{"not_picked":["Swivel","Prostrate","Halt"],"picked":"SKIP","floor":11},{"not_picked":["FollowUp","Brilliance"],"picked":"Protect","floor":12},{"not_picked":["Wireheading","Collect"],"picked":"SashWhip+1","floor":13}],"player_experience":211536,"relics_obtained":[{"floor":8,"key":"Juzu Bracelet"},{"floor":9,"key":"Art of War"},{"floor":11,"key":"Anchor"},{"floor":12,"key":"Potion Belt"},{"floor":13,"key":"Molten Egg 2"}],"event_choices":[{"damage_healed":0,"gold_gain":75,"player_choice":"Gather Gold","damage_taken":11,"max_hp_gain":0,"max_hp_loss":0,"event_name":"World of Goop","floor":4,"gold_loss":0},{"damage_healed":0,"gold_gain":0,"player_choice":"Searched \u00272\u0027 times","damage_taken":0,"max_hp_gain":0,"max_hp_loss":0,"event_name":"Dead Adventurer","floor":12,"gold_loss":0}],"is_beta":false,"boss_relics":[],"items_purged_floors":[14],"is_endless":false,"potions_floor_spawned":[2,5,7,11,12],"killed_by":"Slime Boss","ascension_level":2}}