{"host":"igi9xpgoc000gxf5","time":1611175658,"event":{"mods":["BaseMod","Colored Powertips","Downfall","Googly Eyes","Minty Spire (QoL Compilation)","StSLib"],"gold_per_floor":[99,119,129,11,11,0,54,76,96,96,120,120,120,120,149,149,149,149],"floor_reached":16,"language":"ENG","playtime":905,"items_purged":[],"score":92,"play_id":"8b81f5cd-6bdf-4ef6-9dd3-98a724d7d41b","local_time":"20210120214738","is_ascension_mode":false,"campfire_choices":[{"data":"bronze:Goto","floor":1,"key":"SMITH"},{"data":"bronze:Terminator","floor":10,"key":"SMITH"},{"data":"bronze:WildBeam","floor":13,"key":"SMITH"}],"circlet_count":0,"master_deck":["bronze:Strike","bronze:Strike","bronze:Strike","bronze:Strike","bronze:Defend","bronze:Defend","bronze:Defend","bronze:Defend","bronze:Replicate","bronze:Goto+1","bronze:WildBeam+1","bronze:FineTuning+1","bronze:Iterate","bronze:DelayedSlice","bronze:BuggyMess+1","Doubt","bronze:WhirlingStrike","bronze:Allocate","bronze:Terminator+1","bronze:Repair","bronze:ChosenStrike"],"relics":["bronze:BronzeCore","MealTicket","CeramicFish","bronze:BottledCode"],"acts_visited":["Exordium"],"potions_floor_usage":[16,16,16],"damage_taken":[{"damage":1,"enemies":"Jaw Worm","floor":2,"turns":3},{"damage":0,"enemies":"Cultist","floor":3,"turns":2},{"damage":0,"enemies":"downfall:FleeingMerchant","floor":4,"turns":4},{"damage":10,"enemies":"downfall:FleeingMerchant","floor":6,"turns":4},{"damage":3,"enemies":"Small Slimes","floor":8,"turns":3},{"damage":0,"enemies":"2 Fungi Beasts","floor":9,"turns":3},{"damage":6,"enemies":"3 Louse","floor":11,"turns":2},{"damage":14,"enemies":"Large Slime","floor":15,"turns":5},{"damage":66,"enemies":"DF_ARCHETYPE_STREAMLINE","floor":16,"turns":9}],"seed_played":"2679508706924485172","potions_obtained":[{"floor":3,"key":"LiquidBronze"},{"floor":8,"key":"SkillPotion"},{"floor":9,"key":"Explosive Potion"}],"is_trial":false,"path_per_floor":["R","M","M","$","?","$","T","M","M","R","M","?","R","?","M","B"],"character_chosen":"THE_AUTOMATON","items_purchased":["bronze:DelayedSlice","bronze:BuggyMess"],"campfire_rested":0,"item_purchase_floors":[4,4],"current_hp_per_floor":[70,69,69,70,70,60,60,57,57,57,51,51,51,56,49,0,0,0],"gold":149,"neow_bonus":"RANDOM_COMMON_RELIC","is_daily":false,"chose_seed":false,"campfire_upgraded":3,"win_rate":0.0,"timestamp":1611175658,"path_taken":["R","M","M","$","?","$","T","M","?","R","M","?","R","?","M","BOSS"],"items_purchased_type":["Card","Card"],"build_version":"2020-12-22","purchased_purges":0,"victory":false,"max_hp_per_floor":[70,70,70,70,70,70,70,70,70,70,70,60,60,65,65,65,65,65],"card_choices":[{"not_picked":["bronze:Frontload","bronze:Shield"],"picked":"bronze:WildBeam","floor":2},{"not_picked":["bronze:DigitalCarnage","bronze:DelayedGuard"],"picked":"bronze:FineTuning","floor":3},{"not_picked":["bronze:ForLoop","bronze:BugBarrage"],"picked":"bronze:Iterate","floor":4},{"not_picked":["bronze:ChildClass","bronze:FineTuning"],"picked":"bronze:WhirlingStrike","floor":6},{"not_picked":["bronze:ForLoop","bronze:WildBeam"],"picked":"bronze:Allocate","floor":8},{"not_picked":["bronze:Safeguard","bronze:Iterate"],"picked":"bronze:Terminator","floor":9},{"not_picked":["bronze:Refactor","bronze:FineTuning"],"picked":"bronze:Repair","floor":11},{"not_picked":["bronze:Shield","bronze:GetLatest"],"picked":"bronze:ChosenStrike","floor":15}],"player_experience":949921,"relics_obtained":[{"floor":7,"key":"CeramicFish"}],"event_choices":[{"damage_healed":0,"gold_gain":0,"player_choice":"Donut","damage_taken":0,"max_hp_gain":5,"max_hp_loss":0,"event_name":"Big Fish","floor":14,"gold_loss":0}],"is_beta":false,"boss_relics":[],"items_purged_floors":[],"is_endless":false,"potions_floor_spawned":[3,8,9,11],"killed_by":"DF_ARCHETYPE_STREAMLINE","ascension_level":0}}