{"host":"e6sgj53qqwx3piqv","time":1611157336,"event":{"mods":["AchievementEnabler","Aspiration","BaseMod","BetterRewards","Colored Powertips","Downfall","Hermit","Highlight Path","Hubris","Infinite Spire","Minty Spire (QoL Compilation)","Quick Restart","Rare Cards Sparkle","Shop Mod","StSLib","The Cursed","The Disciple","The Jungle","The Runesmith"],"gold_per_floor":[111,111,111,58,71,71,98,7,33,33,33,50,50,64,64,164,164,179,179,199,199,214,214,36,36,36,36,49,49,49,49],"floor_reached":30,"language":"ENG","playtime":973,"items_purged":[],"score":251,"play_id":"75e619e9-644a-458e-bb8c-88f044700fd4","local_time":"20210120104216","is_ascension_mode":false,"campfire_choices":[{"floor":6,"key":"RECALL"},{"data":"hubris:Sniper","floor":13,"key":"SMITH"},{"data":"Noxious Fumes","floor":15,"key":"SMITH"},{"data":"Noxious Fumes","floor":23,"key":"SMITH"},{"data":"Bouncing Flask","floor":27,"key":"SMITH"},{"floor":29,"key":"REST"}],"circlet_count":0,"master_deck":["Strike_G","Strike_G","Strike_G","Strike_G","Strike_G","Defend_G","Defend_G","Defend_G","Defend_G","Defend_G","Survivor","Neutralize","Cloak And Dagger+1","Sucker Punch","Quick Slash","Noxious Fumes+1","hubris:Sniper+1","Slice","Dodge and Roll","Deadly Poison","After Image","Bouncing Flask+1","Noxious Fumes+1","Poisoned Stab+1","Phantasmal Killer","Sadistic Nature","Shame","Deadly Poison"],"relics":["Ring of the Snake","NeowsBlessing","hubris:DisguiseKit","Akabeko","hubris:Icosahedron","FaceOfCleric","Sozu","Paper Crane","Mummified Hand"],"acts_visited":["Exordium","TheCity"],"potions_floor_usage":[16,16],"damage_taken":[{"damage":0,"enemies":"Cultist","floor":1,"turns":1},{"damage":0,"enemies":"Jaw Worm","floor":5,"turns":1},{"damage":0,"enemies":"3 Sentries","floor":7,"turns":1},{"damage":0,"enemies":"2 Louse","floor":12,"turns":2},{"damage":5,"enemies":"Large Slime","floor":14,"turns":5},{"damage":45,"enemies":"Slime Boss","floor":16,"turns":8},{"damage":21,"enemies":"2 Thieves","floor":18,"turns":5},{"damage":8,"enemies":"3 Byrds","floor":20,"turns":5},{"damage":4,"enemies":"Snecko","floor":22,"turns":4},{"damage":15,"enemies":"3 Cultists","floor":28,"turns":6},{"damage":44,"enemies":"Gremlin Leader","floor":30,"turns":4}],"seed_played":"-6097989294422602526","potions_obtained":[{"floor":7,"key":"Slimebound:ThreeZeroPotion"},{"floor":14,"key":"PowerPotion"}],"is_trial":false,"path_per_floor":["M","?","?","$","M","R","E","$","T","?","?","M","R","M","R","B",null,"M","?","M","?","M","R","$","?","T","R","M","R","E"],"character_chosen":"THE_SILENT","items_purchased":["Sucker Punch","hubris:Sniper","Slice","Sadistic Nature"],"campfire_rested":1,"item_purchase_floors":[4,8,8,24],"current_hp_per_floor":[70,70,52,52,52,52,52,52,52,52,52,53,53,49,49,5,73,53,53,46,32,29,29,29,29,29,29,15,39,0,0],"gold":49,"neow_bonus":"THREE_ENEMY_KILL","is_daily":false,"chose_seed":false,"campfire_upgraded":4,"win_rate":0.0,"timestamp":1611157336,"path_taken":["M","?","?","$","M","R","E","$","T","?","?","M","R","M","R","BOSS","M","?","M","?","M","R","$","?","T","R","M","R","E"],"items_purchased_type":["Card","Card","Card","Card"],"build_version":"2020-12-22","purchased_purges":0,"victory":false,"max_hp_per_floor":[70,70,70,70,70,70,70,70,70,70,70,71,71,72,72,73,73,74,74,75,80,81,81,81,81,81,81,82,82,82,82],"card_choices":[{"not_picked":["Deflect","Outmaneuver"],"picked":"Cloak And Dagger","floor":1},{"not_picked":["Outmaneuver","Dodge and Roll","Scrape"],"picked":"Quick Slash","floor":5},{"not_picked":["Cloak And Dagger","Footwork","Conserve Battery"],"picked":"Noxious Fumes","floor":7},{"not_picked":["hubris:TrickCloak","All Out Attack","Defragment"],"picked":"Dodge and Roll","floor":12},{"not_picked":["hubris:TrickCloak","hubris:SlightOfHand","Sweeping Beam"],"picked":"Deadly Poison","floor":14},{"not_picked":["Malaise","Storm of Steel","Multi-Cast"],"picked":"After Image","floor":16},{"not_picked":["Noxious Fumes","Deadly Poison","Conserve Battery"],"picked":"Bouncing Flask","floor":18},{"not_picked":["Deflect","Riddle With Holes","Rebound"],"picked":"Poisoned Stab+1","floor":20},{"not_picked":["All Out Attack","Quick Slash","Scrape"],"picked":"Phantasmal Killer","floor":22},{"not_picked":["Dagger Throw","Acrobatics","Go for the Eyes"],"picked":"Deadly Poison","floor":28}],"player_experience":199530,"relics_obtained":[{"floor":7,"key":"Akabeko"},{"floor":26,"key":"Mummified Hand"}],"event_choices":[{"damage_healed":0,"gold_gain":0,"player_choice":"Grow","damage_taken":0,"max_hp_gain":0,"max_hp_loss":0,"event_name":"Living Wall","floor":2,"gold_loss":0,"cards_upgraded":["Cloak And Dagger"]},{"damage_healed":0,"gold_gain":0,"player_choice":"Success","damage_taken":18,"relics_obtained":["hubris:DisguiseKit"],"max_hp_gain":0,"max_hp_loss":0,"event_name":"Scrap Ooze","floor":3,"gold_loss":0},{"damage_healed":0,"gold_gain":0,"player_choice":"Trade","damage_taken":0,"relics_obtained":["FaceOfCleric"],"max_hp_gain":0,"max_hp_loss":0,"event_name":"FaceTrader","floor":11,"gold_loss":0},{"damage_healed":0,"gold_gain":0,"player_choice":"Shed Blood","damage_taken":19,"max_hp_gain":5,"max_hp_loss":0,"event_name":"Forgotten Altar","floor":21,"gold_loss":0},{"damage_healed":0,"gold_gain":0,"player_choice":"Stole Relic","damage_taken":0,"relics_obtained":["Paper Crane"],"max_hp_gain":0,"max_hp_loss":0,"event_name":"Addict","floor":25,"gold_loss":0,"cards_obtained":["Shame"]}],"is_beta":false,"boss_relics":[{"not_picked":["Empty Cage","hubris:BlackHole"],"picked":"Sozu"}],"items_purged_floors":[],"is_endless":false,"potions_floor_spawned":[7,14,20,28],"killed_by":"Gremlin Leader","ascension_level":0}}