{"host":"amh04kn3ezj0mn53","time":1611175513,"event":{"mods":["BaseMod","Better Match","BetterRewards","Dota2Spire","Downfall","Googly Eyes","Minty Spire (QoL Compilation)","Shop Mod","StSLib"],"gold_per_floor":[99,118,118,137,148,164,213,239,253,16,16,48,148,148,165,165,165,165],"floor_reached":16,"language":"ENG","playtime":1494,"items_purged":[],"score":112,"play_id":"71482e6b-b654-4a9c-bcd7-2c34a5807d77","local_time":"20210120154513","is_ascension_mode":false,"campfire_choices":[{"data":"bronze:Goto","floor":1,"key":"SMITH"},{"floor":11,"key":"REST"}],"circlet_count":0,"master_deck":["bronze:Strike","bronze:Strike","bronze:Defend","bronze:Defend","bronze:Defend","bronze:Replicate","bronze:Goto+1","bronze:Overheat+1","downfall:Icky","bronze:Branch+1","bronze:CutThrough","bronze:DelayedGuard","bronze:Deprecate+1","bronze:Invalidate","bronze:ClassDefault","bronze:Iterate","bronze:WildBeam","bronze:Flail","downfall:Malfunctioning","bronze:FineTuning"],"relics":["bronze:BronzeCore","Orichalcum","Anchor","bronze:ProtectiveGoggles","Akabeko"],"acts_visited":["Exordium"],"potions_floor_usage":[9,12,12],"damage_taken":[{"damage":1,"enemies":"Cultist","floor":2,"turns":3},{"damage":4,"enemies":"2 Louse","floor":4,"turns":3},{"damage":0,"enemies":"Small Slimes","floor":5,"turns":2},{"damage":16,"enemies":"3 Louse","floor":6,"turns":3},{"damage":46,"enemies":"Lagavulin","floor":8,"turns":8},{"damage":0,"enemies":"2 Fungi Beasts","floor":9,"turns":2},{"damage":4,"enemies":"downfall:FleeingMerchant","floor":10,"turns":4},{"damage":6,"enemies":"Gremlin Nob","floor":12,"turns":4},{"damage":1,"enemies":"Blue Slaver","floor":15,"turns":2},{"damage":26,"enemies":"SI_SHIV_ARCHETYPE","floor":16,"turns":3}],"seed_played":"1047890070957284657","potions_obtained":[{"floor":4,"key":"bronze:CleanCodePotion"},{"floor":6,"key":"hexamod:SoulburnPotion"},{"floor":8,"key":"LiquidMemories"},{"floor":15,"key":"EssenceOfSteel"}],"is_trial":false,"path_per_floor":["R","M","?","M","M","M","T","E","M","$","R","E","?","?","M","B"],"character_chosen":"THE_AUTOMATON","items_purchased":["bronze:Iterate","bronze:ProtectiveGoggles","bronze:WildBeam"],"campfire_rested":1,"item_purchase_floors":[10,10,10],"current_hp_per_floor":[77,76,76,72,72,56,56,10,10,6,29,23,23,23,22,0,0,0],"gold":165,"neow_bonus":"TEN_PERCENT_HP_BONUS","is_daily":false,"chose_seed":false,"campfire_upgraded":1,"win_rate":0.0,"timestamp":1611175513,"path_taken":["R","?","?","?","M","M","T","E","M","$","R","E","?","?","M","BOSS"],"items_purchased_type":["Card","Relic","Card"],"build_version":"2020-12-22","purchased_purges":0,"victory":false,"max_hp_per_floor":[77,77,77,77,77,77,77,77,77,77,77,77,77,77,77,77,77,77],"card_choices":[{"not_picked":["bronze:Turbo","bronze:OilSpill"],"picked":"bronze:Overheat","floor":2},{"not_picked":["bronze:Invalidate","bronze:BuggyMess"],"picked":"bronze:Branch","floor":4},{"not_picked":["bronze:ChosenStrike","bronze:Shield"],"picked":"bronze:CutThrough","floor":5},{"not_picked":["bronze:Deprecate","bronze:Safeguard"],"picked":"bronze:DelayedGuard","floor":6},{"not_picked":["bronze:DelayedGuard","bronze:Overheat"],"picked":"bronze:Deprecate","floor":8},{"not_picked":["bronze:CutThrough","bronze:DarkDash"],"picked":"bronze:Invalidate","floor":9},{"not_picked":["bronze:ShipIt","bronze:WhirlingStrike"],"picked":"bronze:ClassDefault","floor":10},{"not_picked":["bronze:CloningBeam","bronze:Turbo"],"picked":"bronze:Flail","floor":12},{"not_picked":["bronze:CutThrough","bronze:DelayedGuard"],"picked":"bronze:FineTuning","floor":15}],"player_experience":1215983,"relics_obtained":[{"floor":7,"key":"Orichalcum"},{"floor":8,"key":"Anchor"},{"floor":12,"key":"Akabeko"}],"event_choices":[],"is_beta":false,"boss_relics":[],"items_purged_floors":[],"is_endless":false,"potions_floor_spawned":[4,6,8,15],"killed_by":"SI_SHIV_ARCHETYPE","ascension_level":0}}