{"host":"m7puq4mk16tgc6yn","time":1611185951,"event":{"mods":["AchievementEnabler","BaseMod","Colored Map","Colored Powertips","Minty Spire (QoL Compilation)","Relic Stats"],"gold_per_floor":[112,187,20,20,20,52,67,67,94,145,145,165,192,142,142,238,238,255,180,180,0,17,17,46,46,69,86,119,130,130,146,146,146,146],"floor_reached":33,"language":"ENG","playtime":1536,"items_purged":[],"score":427,"play_id":"5491c87d-7235-46af-abe0-ba6ab65cc9bb","local_time":"20210120153911","is_ascension_mode":true,"campfire_choices":[{"data":"Neutralize","floor":8,"key":"SMITH"},{"data":"Mayhem","floor":11,"key":"SMITH"},{"data":"Deadly Poison","floor":15,"key":"SMITH"},{"data":"Footwork","floor":23,"key":"SMITH"},{"data":"Dagger Throw","floor":25,"key":"SMITH"},{"floor":32,"key":"REST"}],"circlet_count":0,"master_deck":["Strike_G","Defend_G","Defend_G","Defend_G","Defend_G","Defend_G","Survivor","Neutralize+1","Deadly Poison+1","Mayhem+1","After Image","Backstab","Quick Slash","Dagger Throw+1","Die Die Die","Deadly Poison+1","Footwork+1","Dagger Spray","Quick Slash+1","Acrobatics+1","Poisoned Stab"],"relics":["Ring of the Snake","Anchor","Oddly Smooth Stone","Paper Crane","Empty Cage","Orichalcum","Ancient Tea Set","Lantern"],"acts_visited":["Exordium","TheCity"],"potions_floor_usage":[22,31],"damage_taken":[{"damage":0,"enemies":"2 Louse","floor":1,"turns":4},{"damage":50,"enemies":"3 Sentries","floor":6,"turns":15},{"damage":0,"enemies":"Small Slimes","floor":7,"turns":4},{"damage":0,"enemies":"Cultist","floor":12,"turns":3},{"damage":0,"enemies":"Lagavulin","floor":13,"turns":8},{"damage":8,"enemies":"Hexaghost","floor":16,"turns":10},{"damage":0,"enemies":"Shell Parasite","floor":18,"turns":5},{"damage":4,"enemies":"3 Byrds","floor":22,"turns":5},{"damage":1,"enemies":"Book of Stabbing","floor":24,"turns":7},{"damage":2,"enemies":"Snake Plant","floor":27,"turns":4},{"damage":35,"enemies":"Gremlin Leader","floor":28,"turns":7},{"damage":10,"enemies":"3 Cultists","floor":29,"turns":4},{"damage":0,"enemies":"Centurion and Healer","floor":31,"turns":7},{"damage":35,"enemies":"Automaton","floor":33,"turns":6}],"seed_played":"-4735213112731860557","potions_obtained":[{"floor":13,"key":"Weak Potion"},{"floor":18,"key":"Dexterity Potion"},{"floor":20,"key":"LiquidBronze"},{"floor":20,"key":"Energy Potion"},{"floor":28,"key":"GamblersBrew"},{"floor":31,"key":"FearPotion"}],"is_trial":false,"path_per_floor":["M","?","$","?","$","E","M","R","T","?","R","M","E","?","R","B",null,"M","?","?","$","M","R","E","R","T","M","E","M","?","M","R","B"],"character_chosen":"THE_SILENT","items_purchased":["Mayhem","Orichalcum","Footwork"],"campfire_rested":1,"item_purchase_floors":[3,21,21],"current_hp_per_floor":[70,59,59,64,64,14,14,14,14,14,14,14,14,14,14,6,63,63,63,63,63,59,59,58,58,58,56,21,11,11,11,35,0,0],"gold":146,"neow_bonus":"TEN_PERCENT_HP_BONUS","is_daily":false,"chose_seed":false,"campfire_upgraded":5,"win_rate":0.0,"timestamp":1611185951,"path_taken":["M","?","$","?","$","E","M","R","T","?","R","M","E","?","R","BOSS","M","?","?","$","M","R","E","R","T","?","E","M","?","M","R","BOSS"],"items_purchased_type":["Card","Relic","Card"],"build_version":"2020-12-22","purchased_purges":0,"victory":false,"max_hp_per_floor":[77,77,77,82,82,82,82,82,82,82,82,82,82,82,82,82,82,82,82,82,82,82,82,82,82,82,82,82,82,82,82,82,82,82],"relic_stats":{"counters":[14,89],"Orichalcum":[12],"obtain_stats":[{"Anchor":6,"Lantern":28,"Oddly Smooth Stone":9,"Paper Crane":13,"Orichalcum":21,"Empty Cage":17,"Ancient Tea Set":24,"Ring of the Snake":0},{"Anchor":2,"Lantern":11,"Oddly Smooth Stone":3,"Paper Crane":5,"Orichalcum":7,"Empty Cage":6,"Ancient Tea Set":9,"Ring of the Snake":0},{"Anchor":19,"Lantern":72,"Oddly Smooth Stone":23,"Paper Crane":34,"Orichalcum":49,"Empty Cage":44,"Ancient Tea Set":61,"Ring of the Snake":0}],"Ring of the Snake":[28]},"card_choices":[{"not_picked":["Backflip","Quick Slash"],"picked":"Deadly Poison","floor":1},{"not_picked":["Sucker Punch","Backflip"],"picked":"After Image","floor":6},{"not_picked":["Reflex","Cloak And Dagger"],"picked":"Backstab","floor":7},{"not_picked":["Endless Agony","Underhanded Strike"],"picked":"Quick Slash","floor":12},{"not_picked":["Prepared","Backflip"],"picked":"Dagger Throw","floor":13},{"not_picked":["Malaise","Doppelganger"],"picked":"Die Die Die","floor":16},{"not_picked":["Dagger Spray","Backflip+1"],"picked":"Deadly Poison+1","floor":18},{"not_picked":["Deflect","Quick Slash"],"picked":"Dagger Spray","floor":22},{"not_picked":["Die Die Die","Endless Agony+1"],"picked":"Quick Slash+1","floor":24},{"not_picked":["Sucker Punch","Reflex"],"picked":"Acrobatics+1","floor":27},{"not_picked":["Dagger Throw+1","Sucker Punch","Unload"],"picked":"SKIP","floor":28},{"not_picked":["Finisher+1","Riddle With Holes","Backstab"],"picked":"SKIP","floor":29},{"not_picked":["Terror+1","Bane"],"picked":"Poisoned Stab","floor":31}],"player_experience":87136,"relics_obtained":[{"floor":6,"key":"Anchor"},{"floor":9,"key":"Oddly Smooth Stone"},{"floor":13,"key":"Paper Crane"},{"floor":24,"key":"Ancient Tea Set"},{"floor":28,"key":"Lantern"}],"event_choices":[{"damage_healed":0,"gold_gain":75,"player_choice":"Gather Gold","damage_taken":11,"max_hp_gain":0,"max_hp_loss":0,"event_name":"World of Goop","floor":2,"gold_loss":0},{"damage_healed":0,"gold_gain":0,"player_choice":"Donut","damage_taken":0,"max_hp_gain":5,"max_hp_loss":0,"event_name":"Big Fish","floor":4,"gold_loss":0},{"damage_healed":0,"gold_gain":51,"player_choice":"Gained Gold","damage_taken":0,"max_hp_gain":0,"max_hp_loss":0,"event_name":"Golden Wing","floor":10,"gold_loss":0},{"cards_removed":["Strike_G"],"damage_healed":0,"gold_gain":0,"player_choice":"Card Removal","damage_taken":0,"max_hp_gain":0,"max_hp_loss":0,"event_name":"The Cleric","floor":14,"gold_loss":50},{"cards_removed":["Strike_G"],"damage_healed":0,"gold_gain":0,"player_choice":"Gave Gold","damage_taken":0,"max_hp_gain":0,"max_hp_loss":0,"event_name":"Beggar","floor":19,"gold_loss":75},{"damage_healed":0,"gold_gain":0,"player_choice":"Got Potions","damage_taken":0,"max_hp_gain":0,"max_hp_loss":0,"event_name":"Lab","floor":20,"gold_loss":0},{"damage_healed":0,"gold_gain":0,"player_choice":"Ignored","damage_taken":0,"max_hp_gain":0,"max_hp_loss":0,"event_name":"Cursed Tome","floor":30,"gold_loss":0}],"is_beta":false,"boss_relics":[{"not_picked":["Fusion Hammer","Pandora\u0027s Box"],"picked":"Empty Cage"}],"items_purged_floors":[],"is_endless":false,"potions_floor_spawned":[13,18,28,31],"killed_by":"Automaton","ascension_level":7}}