{"host":"9kesdg97wkrx2bva","time":1611101675,"event":{"mods":["AchievementEnabler","BaseMod","Colored Map","GifTheSpireLib","Infinite Spire","Minty Spire (QoL Compilation)","Replay The Spire","StSLib"],"gold_per_floor":[115,207,226,151,76,104,104,104,104,52,76,76,90,90,90,107,107,181,181,196,196,96,96,114,114,114,114],"floor_reached":26,"language":"ENG","playtime":475,"items_purged":["Strike_B","Strike_B"],"score":374,"play_id":"7d48a898-7412-477b-821e-100fc063e992","local_time":"20210119181435","is_ascension_mode":true,"campfire_choices":[{"floor":7,"key":"REST"},{"data":"Zap","floor":12,"key":"SMITH"},{"floor":14,"key":"REST"},{"data":"Dualcast","floor":17,"key":"SMITH"},{"floor":25,"key":"REST"}],"circlet_count":0,"master_deck":["AscendersBane","Defend_B","Defend_B","Defend_B","Zap+1","Dualcast+1","Panic Button","Gash","Defragment","Rebound","Gash","Gash","Scrape","Seek"],"relics":["Cracked Core","Bottled Lightning","Geode","Busted Crown","MutagenicStrength"],"acts_visited":["Exordium","TheCity"],"potions_floor_usage":[6,6,24],"damage_taken":[{"damage":0,"enemies":"Small Slimes","floor":1,"turns":2},{"damage":0,"enemies":"2 Louse","floor":3,"turns":2},{"damage":38,"enemies":"Lagavulin","floor":6,"turns":6},{"damage":7,"enemies":"Jaw Worm","floor":13,"turns":2},{"damage":8,"enemies":"Red Slaver","floor":16,"turns":4},{"damage":41,"enemies":"The Guardian","floor":18,"turns":6},{"damage":27,"enemies":"3 Byrds","floor":20,"turns":4},{"damage":16,"enemies":"Shell Parasite","floor":24,"turns":2},{"damage":45,"enemies":"Gremlin Leader","floor":26,"turns":4}],"seed_played":"6410273606805302070","potions_obtained":[{"floor":1,"key":"Swift Potion"},{"floor":3,"key":"SteroidPotion"},{"floor":18,"key":"BlessingOfTheForge"}],"is_trial":false,"path_per_floor":["M","?","M","?","$","E","R","PTL","PTL","$","T","R","M","R","?","M","R","B",null,"M","?","$","?","M","R","E"],"character_chosen":"DEFECT","items_purchased":["Gash"],"campfire_rested":3,"item_purchase_floors":[10],"current_hp_per_floor":[46,46,46,46,46,8,29,29,29,29,29,29,22,43,66,58,58,17,58,31,31,31,31,15,36,0,0],"gold":114,"neow_bonus":"REMOVE_TWO","is_daily":false,"chose_seed":false,"campfire_upgraded":2,"win_rate":0.0,"timestamp":1611101675,"path_taken":["M","?","M","?","$","E","R","PTL","PTL","$","T","R","M","R","?","M","R","BOSS","M","?","$","?","M","R","E"],"items_purchased_type":["Card"],"build_version":"2020-12-22","purchased_purges":2,"victory":false,"max_hp_per_floor":[71,71,71,71,71,71,71,71,71,71,71,71,71,71,71,71,71,71,71,71,71,71,71,71,71,71,71],"card_choices":[{"not_picked":["Steam","Darkness"],"picked":"Panic Button","floor":1},{"not_picked":["Rebound","Ball Lightning"],"picked":"Gash","floor":2},{"not_picked":["Hello World","Loop"],"picked":"Defragment","floor":2},{"not_picked":["Capacitor","BasicCrystalCard"],"picked":"Rebound","floor":2},{"not_picked":["Steam Power","Genetic Algorithm","Amplify"],"picked":"SKIP","floor":3},{"not_picked":["Rebound","Sunder","Consume"],"picked":"SKIP","floor":6},{"not_picked":["Scrape","Panic Button"],"picked":"Gash","floor":13},{"not_picked":["Coolheaded","Panic Button"],"picked":"Scrape","floor":16},{"not_picked":["Buffer","Hyperbeam"],"picked":"Seek","floor":18},{"not_picked":["Sweeping Beam"],"picked":"SKIP","floor":20},{"not_picked":["Hologram"],"picked":"SKIP","floor":24}],"player_experience":942921,"relics_obtained":[{"floor":6,"key":"Bottled Lightning"},{"floor":11,"key":"Geode"}],"event_choices":[{"cards_removed":["Strike_B"],"damage_healed":0,"gold_gain":0,"player_choice":"Card Removal","damage_taken":0,"max_hp_gain":0,"max_hp_loss":0,"event_name":"The Cleric","floor":4,"gold_loss":75},{"damage_healed":23,"gold_gain":0,"player_choice":"Banana","damage_taken":0,"max_hp_gain":0,"max_hp_loss":0,"event_name":"Big Fish","floor":15,"gold_loss":0},{"damage_healed":0,"gold_gain":0,"player_choice":"Inject Mutagens","damage_taken":0,"relics_obtained":["MutagenicStrength"],"max_hp_gain":0,"max_hp_loss":0,"event_name":"Drug Dealer","floor":21,"gold_loss":0},{"damage_healed":0,"gold_gain":0,"player_choice":"Ignored","damage_taken":0,"max_hp_gain":0,"max_hp_loss":0,"event_name":"N\u0027loth","floor":23,"gold_loss":0}],"is_beta":false,"boss_relics":[{"not_picked":["Velvet Choker","Painkiller Herb"],"picked":"Busted Crown"}],"items_purged_floors":[5,22],"is_endless":false,"potions_floor_spawned":[1,3,18],"killed_by":"Gremlin Leader","ascension_level":17}}