{"host":"a1u4jo6xlg3w0wsm","time":1611135074,"event":{"mods":["BaseMod","Better Third Choice","DeckTracker","Downfall","Hermit","Hubris","Minty Spire (QoL Compilation)","Rare Cards Sparkle","Replay The Spire","StSLib","The Cursed"],"gold_per_floor":[115,115,129,129,47,72,72,101,101,101,132,145,145,162,162,262,262,279,279,194,209,29,62,62,62,62,62,81,107,107,123,123,123,123],"floor_reached":33,"playtime":1801,"items_purged":[],"score":391,"play_id":"44479d7e-07a5-47df-aa17-34d804a55f56","local_time":"20210120223114","is_ascension_mode":true,"campfire_choices":[{"data":"hermit:ShadowCloak","floor":7.0,"key":"SMITH"},{"data":"hermit:Shortfuse","floor":10.0,"key":"SMITH"},{"data":"hermit:Glare","floor":13.0,"key":"SMITH"},{"floor":15.0,"key":"DIG"},{"floor":24.0,"key":"REST"},{"floor":27.0,"key":"REST"},{"floor":30,"key":"REST"},{"floor":32,"key":"REST"}],"circlet_count":0,"master_deck":["hermit:Strike_Hermit","hermit:Strike_Hermit","hermit:Strike_Hermit","hermit:Strike_Hermit","hermit:Defend_Hermit","hermit:Defend_Hermit","hermit:Defend_Hermit","hermit:Defend_Hermit","hermit:Snapshot+1","hermit:Covet","hermit:Shortfuse+1","hermit:ShadowCloak+1","hermit:Vantage","hermit:Coalescence","hermit:Glare+1","hermit:SprayPray","hermit:FinalCanter","hermit:Determination","hermit:Snipe","hermit:HeroicBravado+1","hermit:ShadowCloak","hermit:Desperado+1","Pain","hermit:Quickdraw+1","hermit:Dissolve","hermit:Malice+1"],"relics":["hermit:Momento","NeowsBlessing","hubris:Towel","Snack Pack","ReplayTheSpireMod:TigerMarble","Lizard Tail","Replay:Bottled Eggs","Ancient Tea Set","Pet Ghost","Pen Nib","WarpedTongs","Frozen Egg 2"],"acts_visited":["Exordium","TheCity"],"potions_floor_usage":[33,33],"damage_taken":[{"damage":0.0,"enemies":"2 Louse","floor":1.0,"turns":1.0},{"damage":0.0,"enemies":"Small Slimes","floor":3.0,"turns":1.0},{"damage":0.0,"enemies":"Gremlin Nob","floor":6.0,"turns":1.0},{"damage":16.0,"enemies":"3 Sentries","floor":8.0,"turns":7.0},{"damage":5.0,"enemies":"Lagavulin","floor":11.0,"turns":7.0},{"damage":0.0,"enemies":"Cultist","floor":12.0,"turns":1.0},{"damage":0.0,"enemies":"3 Louse","floor":14.0,"turns":4.0},{"damage":31.0,"enemies":"Slime Boss","floor":16.0,"turns":15.0},{"damage":12.0,"enemies":"Shell Parasite","floor":18.0,"turns":5.0},{"damage":36.0,"enemies":"2 Thieves","floor":21.0,"turns":5.0},{"damage":22.0,"enemies":"Replay:Snechameleon","floor":23.0,"turns":5.0},{"damage":10.0,"enemies":"Snecko","floor":28.0,"turns":4.0},{"damage":25,"enemies":"Book of Stabbing","floor":29,"turns":5},{"damage":9,"enemies":"Chosen and Byrds","floor":31,"turns":8},{"damage":0,"enemies":"Automaton","floor":33,"turns":2}],"seed_played":"-3634892588804888753","potions_obtained":[{"floor":1.0,"key":"AttackPotion"},{"floor":11.0,"key":"PowerPotion"},{"floor":16.0,"key":"Ancient Potion"},{"floor":18.0,"key":"FearPotion"},{"floor":21.0,"key":"SkillPotion"},{"floor":23.0,"key":"DuplicationPotion"},{"floor":31,"key":"Milkshake"}],"is_trial":false,"path_per_floor":["M","?","M","?","$","E","R","E","T","R","E","M","R","M","R","B",null,"M","?","?","M","$","E","R","?","T","R","M","E","R","M","R","B"],"character_chosen":"HERMIT","items_purchased":["hermit:ShadowCloak","hermit:HeroicBravado+1","hermit:ShadowCloak"],"campfire_rested":4,"item_purchase_floors":[5,22,22],"current_hp_per_floor":[75,75,75,75,75,75,75,61,61,61,60,62,62,62,62,39,75,65,17,17,31,31,9,31,31,31,53,43,22,44,37,59,61,61],"gold":123,"neow_bonus":"THREE_ENEMY_KILL","is_daily":false,"chose_seed":false,"campfire_upgraded":3,"win_rate":0.0,"timestamp":1611135074,"path_taken":["M","?","M","?","$","E","R","E","T","R","E","M","R","M","R","BOSS","M","?","?","M","$","E","R","?","T","R","M","E","R","M","R","BOSS"],"items_purchased_type":["Card","Card","Card"],"build_version":"2020-12-13","purchased_purges":0,"victory":false,"max_hp_per_floor":[75,75,75,75,75,75,75,75,75,75,75,75,75,75,75,75,75,75,75,75,75,75,75,75,75,75,75,75,75,75,75,75,75,75],"card_choices":[{"not_picked":["hermit:GhostlyPresence","hermit:Scavenge","hermit:Ricochet"],"picked":"SKIP","floor":1.0},{"not_picked":["hermit:Roulette","hermit:Snipe"],"picked":"hermit:Shortfuse","floor":3.0},{"not_picked":["hermit:OverwhelmingPower","hermit:PistolWhip"],"picked":"hermit:Vantage","floor":6.0},{"not_picked":["hermit:Cheat","hermit:Grudge"],"picked":"hermit:Coalescence","floor":8.0},{"not_picked":["hermit:LuckOfTheDraw","hermit:Horror"],"picked":"hermit:Glare","floor":11.0},{"not_picked":["hermit:LowProfile","hermit:Headshot","hermit:BodyArmor"],"picked":"SKIP","floor":12.0},{"not_picked":["hermit:Ricochet","hermit:BodyArmor"],"picked":"hermit:SprayPray","floor":14.0},{"not_picked":["hermit:RoundhouseKick","hermit:OverwhelmingPower"],"picked":"hermit:FinalCanter","floor":16.0},{"not_picked":["hermit:Misfire","hermit:BodyArmor"],"picked":"hermit:Determination","floor":18.0},{"not_picked":["hermit:BodyArmor+1","hermit:Ricochet+1"],"picked":"hermit:Snipe","floor":21.0},{"not_picked":["hermit:Horror+1","hermit:ItchyTrigger+1"],"picked":"hermit:Desperado+1","floor":23.0},{"not_picked":["hermit:Cheat","hermit:LowProfile+1"],"picked":"hermit:Quickdraw+1","floor":28.0},{"not_picked":["hermit:Manifest+1","hermit:CursedWeapon"],"picked":"hermit:Dissolve","floor":29},{"not_picked":["hermit:Dive+1","hermit:Midnight"],"picked":"hermit:Malice+1","floor":31}],"player_experience":372117,"relics_obtained":[{"floor":6.0,"key":"Snack Pack"},{"floor":8.0,"key":"ReplayTheSpireMod:TigerMarble"},{"floor":9.0,"key":"Lizard Tail"},{"floor":11.0,"key":"Replay:Bottled Eggs"},{"floor":15.0,"key":"Ancient Tea Set"},{"floor":23.0,"key":"Pen Nib"},{"floor":29,"key":"Frozen Egg 2"}],"event_choices":[{"damage_healed":0.0,"max_hp_gain":0.0,"max_hp_loss":0.0,"gold_gain":0.0,"event_name":"Addict","player_choice":"Obtained Relic","floor":20.0,"gold_loss":85.0,"damage_taken":0.0,"relics_obtained":["Pet Ghost"]},{"damage_healed":0.0,"max_hp_gain":0.0,"max_hp_loss":0.0,"gold_gain":0.0,"event_name":"Accursed Blacksmith","player_choice":"Rummage","floor":25.0,"gold_loss":0.0,"damage_taken":0.0,"relics_obtained":["WarpedTongs"],"cards_obtained":["Pain"]}],"is_beta":false,"boss_relics":[{"not_picked":["ChewingGum","hubris:BlackHole","hermit:DentedPlate"]}],"items_purged_floors":[],"is_endless":false,"potions_floor_spawned":[1,11,16,18,21,23,31],"killed_by":"Automaton","ascension_level":4}}