{"host":"bycas0s5rx7l5h3x","time":1611155863,"event":{"mods":["AchievementEnabler","Act Like it!","BaseMod","Minty Spire (QoL Compilation)","MostiFishMod","Pale of the Ancients","Quick Restart","StSLib"],"gold_per_floor":[117,136,136,152,162,162,179,179,179,179,179,193,204,239,239,342,342,355,369,384,400,410,410,424,440,467,467,510,535,561,584,596,703,715,747,540,560,575,591,591,641,653,653,653,672,698,417,428,428,428,428,428,303,336,336],"floor_reached":56,"language":"ZHS","playtime":4185,"items_purged":["Well Laid Plans+1","Defend_G","Defend_G"],"score":1513,"play_id":"67fb12a0-1e0b-486e-9d31-793b763d5604","local_time":"20210120231743","is_ascension_mode":false,"campfire_choices":[{"data":"Prepared","floor":6,"key":"SMITH"},{"data":"Outmaneuver","floor":11,"key":"SMITH"},{"data":"MostiFishMod:FrostNova","floor":15,"key":"SMITH"},{"data":"Well Laid Plans","floor":23,"key":"SMITH"},{"floor":32,"key":"RECALL"},{"data":"MostiFishMod:SpreadingSpore","floor":40,"key":"SMITH"},{"data":"MostiFishMod:FrostNova","floor":49,"key":"SMITH"},{"data":"MostiFishMod:PerfectParry","floor":52,"key":"SMITH"}],"circlet_count":0,"master_deck":["Strike_G","Strike_G","Strike_G","Strike_G","Defend_G","Defend_G","Defend_G","Survivor","Neutralize","Outmaneuver+1","Terror","Prepared+1","Outmaneuver+1","MostiFishMod:FrostNova+1","MostiFishMod:PerfectParry+1","Acrobatics+1","MostiFishMod:PerfectParry+1","Dagger Throw","Predator+1","Flying Knee+1","Dagger Throw","MostiFishMod:VineMother","MostiFishMod:SpreadingSpore+1","MostiFishMod:FrostNova+1","Acrobatics+1","Panache+1","MostiFishMod:FrostNova+1"],"relics":["Ring of the Snake","DaveBox","Transparent","SynthV:TestCard","Mercury Hourglass","DianPoetry","Blue Candle","MawBank","Tingsha","FeatherPendant","Orichalcum","DaCapo","Pear","Shovel","Technique","HornCleat"],"acts_visited":["Exordium","TheCity","TheBeyond","TheEnding"],"potions_floor_usage":[],"damage_taken":[{"damage":14.0,"enemies":"2 Louse","floor":1.0,"turns":2.0},{"damage":21,"enemies":"Cultist","floor":2,"turns":3},{"damage":14,"enemies":"Small Slimes","floor":4,"turns":2},{"damage":21,"enemies":"3 Louse","floor":5,"turns":3},{"damage":28,"enemies":"Lots of Slimes","floor":7,"turns":4},{"damage":14,"enemies":"Looter","floor":12,"turns":2},{"damage":14,"enemies":"Blue Slaver","floor":13,"turns":2},{"damage":21,"enemies":"3 Sentries","floor":14,"turns":3},{"damage":42,"enemies":"Slime Boss","floor":16,"turns":6},{"damage":14,"enemies":"Shell Parasite","floor":18,"turns":2},{"damage":14,"enemies":"Chosen","floor":19,"turns":2},{"damage":22,"enemies":"Shelled Parasite and Fungi","floor":20,"turns":2},{"damage":21,"enemies":"Centurion and Healer","floor":21,"turns":3},{"damage":21,"enemies":"Snecko","floor":22,"turns":3},{"damage":14,"enemies":"Chosen and Byrds","floor":24,"turns":2},{"damage":14,"enemies":"Snake Plant","floor":25,"turns":2},{"damage":14,"enemies":"Gremlin Leader","floor":28,"turns":2},{"damage":21,"enemies":"Sentry and Sphere","floor":29,"turns":3},{"damage":15,"enemies":"Shelled Parasite and Fungi","floor":30,"turns":2},{"damage":14,"enemies":"Centurion and Healer","floor":31,"turns":2},{"damage":28,"enemies":"Automaton","floor":33,"turns":4},{"damage":33,"enemies":"3 Shapes","floor":35,"turns":2},{"damage":14,"enemies":"3 Darklings","floor":37,"turns":2},{"damage":21,"enemies":"Maw","floor":38,"turns":3},{"damage":14,"enemies":"Jaw Worm Horde","floor":39,"turns":2},{"damage":14,"enemies":"Mind Bloom Boss Battle","floor":41,"turns":2},{"damage":21,"enemies":"Transient","floor":42,"turns":3},{"damage":16,"enemies":"Sphere and 2 Shapes","floor":45,"turns":2},{"damage":16,"enemies":"Reptomancer","floor":46,"turns":2},{"damage":16,"enemies":"3 Darklings","floor":48,"turns":2},{"damage":24,"enemies":"Time Eater","floor":50,"turns":3},{"damage":16,"enemies":"Shield and Spear","floor":54,"turns":2},{"damage":85,"enemies":"The Heart","floor":55,"turns":4}],"seed_played":"8589141843638035097","potions_obtained":[{"floor":3,"key":"SpeedPotion"},{"floor":3,"key":"GamblersBrew"},{"floor":3,"key":"SneckoOil"},{"floor":12,"key":"GhostInAJar"},{"floor":45,"key":"Ancient Potion"}],"is_trial":false,"path_per_floor":["M","M","?","M","M","R","M","T","T","?","R","M","M","E","R","B",null,"M","M","M","M","M","R","M","M","T","?","E","M","M","M","R","B",null,"M","$","M","M","M","R","?","M","T","?","M","E","$","M","R","B",null,"R","$","E","B",null],"character_chosen":"THE_SILENT","items_purchased":["Orichalcum","Technique","MostiFishMod:FrostNova"],"campfire_rested":0,"item_purchase_floors":[36,47,47],"current_hp_per_floor":[77,77,77,77,77,77,77,77,77,77,77,77,77,77,77,77,77,77,77,77,77,77,77,77,77,77,77,77,77,77,77,77,77,77,77,77,77,77,77,77,77,77,87,87,87,87,87,87,87,87,87,87,87,87,83],"gold":336,"neow_bonus":"TEN_PERCENT_HP_BONUS","is_daily":false,"chose_seed":false,"campfire_upgraded":7,"win_rate":0.0,"timestamp":1611155863,"path_taken":["M","M","?","?","M","R","M","?","T","?","R","M","?","E","R","BOSS","M","M","M","M","M","R","M","M","T","?","E","M","M","M","R","BOSS","M","$","M","?","M","R","?","M","T","?","M","E","$","M","R","BOSS","R","$","E","BOSS"],"items_purchased_type":["Relic","Relic","Card"],"build_version":"2020-12-22","purchased_purges":3,"victory":true,"max_hp_per_floor":[77,77,77,77,77,77,77,77,77,77,77,77,77,77,77,77,77,77,77,77,77,77,77,77,77,77,77,77,77,77,77,77,77,77,77,77,77,77,77,77,77,77,87,87,87,87,87,87,87,87,87,87,87,87,87],"card_choices":[{"not_picked":["Underhanded Strike","Flying Knee"],"picked":"Outmaneuver","floor":1},{"not_picked":["PiercingWail","Crippling Poison","Skewer","Predator"],"picked":"Terror","floor":2},{"not_picked":["Dagger Spray","Blade Dance","Endless Agony","Flechettes","Poisoned Stab"],"picked":"SKIP","floor":4},{"not_picked":["Acrobatics","Slice","Bouncing Flask","Dagger Throw"],"picked":"Prepared","floor":5},{"not_picked":["MostiFishMod:ThornCasing","Quick Slash","Heel Hook","Underhanded Strike","Blade Dance"],"picked":"SKIP","floor":7},{"not_picked":["Choke","Quick Slash","Finisher","Flying Knee"],"picked":"MostiFishMod:FrostNova","floor":12},{"not_picked":["Tactician","Skewer","Escape Plan","Backflip"],"picked":"Well Laid Plans","floor":13},{"not_picked":["Eviscerate","Finisher","Poisoned Stab","Glass Knife"],"picked":"MostiFishMod:PerfectParry","floor":14},{"not_picked":["Backstab","Sucker Punch","Calculated Gamble","Eviscerate"],"picked":"Acrobatics+1","floor":18},{"not_picked":["Underhanded Strike","Deadly Poison","MostiFishMod:ThornCasing","Finisher","Backflip"],"picked":"SKIP","floor":19},{"not_picked":["Finisher","Acrobatics","Escape Plan+1","Dagger Throw"],"picked":"MostiFishMod:PerfectParry+1","floor":20},{"not_picked":["PiercingWail","Finisher+1","Doppelganger","Flechettes","Riddle With Holes"],"picked":"SKIP","floor":21},{"not_picked":["Poisoned Stab+1","Distraction","Footwork+1","PiercingWail"],"picked":"Dagger Throw","floor":22},{"not_picked":["Riddle With Holes","PiercingWail+1","Outmaneuver","Flechettes"],"picked":"Predator+1","floor":24},{"not_picked":["Acrobatics","Backstab","Dagger Spray","Distraction","Backflip"],"picked":"SKIP","floor":25},{"not_picked":["Poisoned Stab","Dodge and Roll","Crippling Poison","Expertise"],"picked":"Flying Knee+1","floor":28},{"not_picked":["Outmaneuver","Infinite Blades+1","Underhanded Strike","All Out Attack"],"picked":"Dagger Throw","floor":29},{"not_picked":["Deflect","Noxious Fumes","Slice","Poisoned Stab","Blur"],"picked":"SKIP","floor":30},{"not_picked":["Slice+1","Tactician","Calculated Gamble","Noxious Fumes"],"picked":"MostiFishMod:VineMother","floor":31},{"not_picked":["MostiFishMod:AdrenalineArouse","Die Die Die","Adrenaline","Envenom"],"picked":"MostiFishMod:SpreadingSpore","floor":33},{"not_picked":["Noxious Fumes","Backflip","Sucker Punch","Deadly Poison+1","PiercingWail+1"],"picked":"SKIP","floor":35},{"not_picked":["Dodge and Roll","Quick Slash+1","PiercingWail","Prepared","Blade Dance"],"picked":"SKIP","floor":37},{"not_picked":["Deflect+1","Flying Knee+1","Quick Slash","MostiFishMod:ThornCasing"],"picked":"MostiFishMod:FrostNova+1","floor":38},{"not_picked":["Blade Dance","Envenom","Quick Slash+1","Dodge and Roll+1"],"picked":"Acrobatics+1","floor":39},{"not_picked":["Dagger Throw","Outmaneuver+1","Masterful Stab+1","MostiFishMod:LethalBlade","Underhanded Strike"],"picked":"SKIP","floor":42},{"not_picked":["MostiFishMod:Galeforce","PanicButton","MostiFishMod:MusicBox","Impatience"],"picked":"Panache","floor":44},{"not_picked":["Reflex","Dodge and Roll+1","Heel Hook","MostiFishMod:PerfectParry","Expertise"],"picked":"SKIP","floor":45},{"not_picked":["Dagger Throw+1","Calculated Gamble+1","MostiFishMod:PerfectParry","Underhanded Strike","Dodge and Roll"],"picked":"SKIP","floor":46},{"not_picked":["Dash+1","Dodge and Roll","Calculated Gamble","Sucker Punch","Dagger Throw"],"picked":"SKIP","floor":48},{"not_picked":["Unload","Tactician","Bouncing Flask","Dodge and Roll","Flechettes"],"picked":"SKIP","floor":54}],"player_experience":51589,"relics_obtained":[{"floor":1,"key":"SynthV:TestCard"},{"floor":8,"key":"Mercury Hourglass"},{"floor":9,"key":"DianPoetry"},{"floor":14,"key":"Blue Candle"},{"floor":27,"key":"MawBank"},{"floor":28,"key":"Tingsha"},{"floor":41,"key":"DaCapo"},{"floor":43,"key":"Pear"},{"floor":46,"key":"Shovel"},{"floor":54,"key":"HornCleat"}],"event_choices":[{"damage_healed":0,"gold_gain":0,"player_choice":"Got Potions","damage_taken":0,"max_hp_gain":0,"max_hp_loss":0,"event_name":"Lab","floor":3,"gold_loss":0},{"damage_healed":0,"gold_gain":0,"cards_transformed":["Strike_G"],"player_choice":"Transformed","damage_taken":0,"max_hp_gain":0,"max_hp_loss":0,"event_name":"Transmorgrifier","floor":10,"gold_loss":0,"cards_obtained":["Outmaneuver"]},{"damage_healed":0,"gold_gain":0,"player_choice":"Relic","damage_taken":0,"max_hp_gain":0,"max_hp_loss":0,"event_name":"Wheel of Change","floor":27,"gold_loss":0},{"damage_healed":0,"gold_gain":0,"player_choice":"Fight","damage_taken":0,"max_hp_gain":0,"max_hp_loss":0,"event_name":"MindBloom","floor":41,"gold_loss":0},{"damage_healed":0,"gold_gain":0,"player_choice":"Memory 1","damage_taken":0,"max_hp_gain":0,"max_hp_loss":0,"event_name":"SensoryStone","floor":44,"gold_loss":0}],"is_beta":false,"boss_relics":[{"not_picked":["Cursed Key","BloodWine","OneHitWonderSystem"]},{"not_picked":["Coffee Dripper","MoonlightInvasionPlan"],"picked":"FeatherPendant"}],"items_purged_floors":[36,47,53],"is_endless":false,"potions_floor_spawned":[4,7,12,13,14,18,19,20,25,30,37,41,45,46],"ascension_level":0}}