{"host":"lnt5dzsuhru0aonl","time":1611138728,"event":{"mods":["2.2 Compatiblity","BaseMod","Colored Map","Colored Powertips","DeckTracker","Keyboard Shortcuts","Minty Spire (QoL Compilation)","Permanent Neow","Rare Cards Sparkle","StSLib","SuperFastMode","everything is the same but u backflip on backflip"],"gold_per_floor":[115,190,190,200,217,217,247,96,120,36,55,65,65,65,65,138,138,153,103,103,103,53,53,53],"floor_reached":23,"language":"KOR","playtime":481,"items_purged":["Strike_R","Strike_R","Strike_R"],"score":374,"play_id":"5ade3ccf-c3b7-4d41-b570-1e4392f2fb36","local_time":"20210120193208","is_ascension_mode":true,"campfire_choices":[{"data":"Inflame","floor":6,"key":"SMITH"},{"data":"Spot Weakness","floor":15,"key":"SMITH"}],"circlet_count":0,"master_deck":["AscendersBane","Strike_R","Defend_R","Defend_R","Defend_R","Defend_R","Bash","Inflame+1","Shockwave","Spot Weakness+1","Battle Trance","Pummel","Exhume"],"relics":["Burning Blood","NeowsBlessing","MealTicket","Smiling Mask","Sozu"],"acts_visited":["Exordium","TheCity"],"potions_floor_usage":[12,16,23],"damage_taken":[{"damage":0,"enemies":"Cultist","floor":1,"turns":1},{"damage":0,"enemies":"2 Louse","floor":4,"turns":1},{"damage":0,"enemies":"Jaw Worm","floor":5,"turns":1},{"damage":25,"enemies":"Lagavulin","floor":7,"turns":6},{"damage":11,"enemies":"Looter","floor":11,"turns":2},{"damage":14,"enemies":"Large Slime","floor":12,"turns":4},{"damage":39,"enemies":"The Guardian","floor":16,"turns":14},{"damage":22,"enemies":"2 Thieves","floor":18,"turns":3},{"damage":82,"enemies":"Gremlin Leader","floor":23,"turns":7}],"seed_played":"2864873704750939666","potions_obtained":[{"floor":1,"key":"Fire Potion"},{"floor":3,"key":"CultistPotion"},{"floor":3,"key":"Dexterity Potion"},{"floor":12,"key":"ElixirPotion"},{"floor":16,"key":"BloodPotion"}],"is_trial":false,"path_per_floor":["M","?","?","M","M","R","E","$","T","$","M","M","?","?","R","B",null,"M","$","?","?","$","E"],"character_chosen":"IRONCLAD","items_purchased":["Battle Trance","Pummel"],"campfire_rested":0,"item_purchase_floors":[8,10],"current_hp_per_floor":[74,63,63,69,75,75,56,71,71,75,70,62,62,55,55,22,62,46,61,40,40,55,0,0],"gold":53,"neow_bonus":"THREE_ENEMY_KILL","is_daily":false,"chose_seed":false,"campfire_upgraded":2,"win_rate":0.0,"timestamp":1611138728,"path_taken":["M","?","?","?","M","R","E","$","T","?","M","M","?","?","R","BOSS","M","$","?","?","$","E"],"items_purchased_type":["Card","Card"],"build_version":"2020-12-22","purchased_purges":3,"victory":false,"max_hp_per_floor":[75,75,75,75,75,75,75,75,75,75,75,75,75,75,75,75,75,75,75,80,80,80,80,80],"card_choices":[{"not_picked":["Heavy Blade","Spot Weakness"],"picked":"Inflame","floor":1},{"not_picked":["Wild Strike","Clash","Body Slam"],"picked":"SKIP","floor":4},{"not_picked":["Body Slam","Thunderclap"],"picked":"Shockwave","floor":5},{"not_picked":["Shockwave","Warcry"],"picked":"Spot Weakness","floor":7},{"not_picked":["True Grit","Body Slam","Seeing Red"],"picked":"SKIP","floor":11},{"not_picked":["Rage","Cleave","Juggernaut"],"picked":"SKIP","floor":12},{"not_picked":["Offering","Double Tap"],"picked":"Exhume","floor":16},{"not_picked":["Metallicize","Reckless Charge","Carnage"],"picked":"SKIP","floor":18}],"player_experience":709882,"relics_obtained":[{"floor":7,"key":"MealTicket"},{"floor":9,"key":"Smiling Mask"}],"event_choices":[{"damage_healed":0,"gold_gain":75,"player_choice":"Gather Gold","damage_taken":11,"max_hp_gain":0,"max_hp_loss":0,"event_name":"World of Goop","floor":2,"gold_loss":0},{"damage_healed":0,"gold_gain":0,"player_choice":"Got Potions","damage_taken":0,"max_hp_gain":0,"max_hp_loss":0,"event_name":"Lab","floor":3,"gold_loss":0},{"damage_healed":0,"gold_gain":0,"player_choice":"Leave","damage_taken":0,"max_hp_gain":0,"max_hp_loss":0,"event_name":"The Cleric","floor":13,"gold_loss":0},{"cards_removed":["Strike_R"],"damage_healed":0,"gold_gain":0,"player_choice":"Card Removal","damage_taken":7,"max_hp_gain":0,"max_hp_loss":0,"event_name":"Golden Wing","floor":14,"gold_loss":0},{"damage_healed":0,"gold_gain":0,"player_choice":"Shed Blood","damage_taken":26,"max_hp_gain":5,"max_hp_loss":0,"event_name":"Forgotten Altar","floor":20,"gold_loss":0},{"damage_healed":0,"gold_gain":0,"player_choice":"Ignored","damage_taken":0,"max_hp_gain":0,"max_hp_loss":0,"event_name":"Ghosts","floor":21,"gold_loss":0}],"is_beta":false,"boss_relics":[{"not_picked":["Coffee Dripper","Calling Bell"],"picked":"Sozu"}],"items_purged_floors":[8,19,22],"is_endless":false,"potions_floor_spawned":[1,4,12,16,18],"killed_by":"Gremlin Leader","ascension_level":20}}