{"host":"uiaocagxbjlinul0","time":1611109519,"event":{"mods":["100% Spire Juice","Act Like it!","Arknights The Spire","BaseMod","Better Match","Block Reminder","CapriCore","ChefMod","Downfall","GifTheSpireLib","Hallownest","Hermit","Minty Spire (QoL Compilation)","Quick Restart","StSLib","Stuff the Spire","The Animator","The Bug Knight","The Marked","The Runesmith","The Spell Scribe","TheSwordswoman","Wandering Minibosses"],"gold_per_floor":[99,117,132,144,160,70,70,55,55,70,70,70,70,100,118,223,223,23,38,38,38,38,23,23,33,50,60,80,80,80,80],"floor_reached":29,"language":"ENG","playtime":1116,"items_purged":["animator:Curse_GriefSeed"],"score":227,"play_id":"dba18dd1-1543-4f9f-9a33-e867e776ae4a","local_time":"20210119182519","is_ascension_mode":false,"campfire_choices":[{"data":"Apotheosis","floor":1.0,"key":"SMITH"},{"data":"bronze:Replicate","floor":11.0,"key":"SMITH"},{"floor":13.0,"key":"RECALL"},{"data":"bronze:Return","floor":18.0,"key":"SMITH"}],"circlet_count":0,"master_deck":["bronze:Strike","bronze:Strike","bronze:Strike","bronze:Strike","bronze:Defend","bronze:Defend","bronze:Defend","bronze:Defend","bronze:Replicate+1","bronze:Goto","Apotheosis+1","bronze:Repair","bronze:WhirlingStrike","bronze:DelayedSlice","bronze:ClassDefault","bronze:WhirlingStrike","Regret","bronze:FineTuning","bronze:Return+1","bronze:DelayedSlice","StuffTheSpire:Brawn","bronze:Branch","bronze:GetLatest","bronze:ChildClass"],"relics":["bronze:BronzeCore","StuffTheSpire:RedRose","Kunai","Sozu","downfall:HeartBlessingRed","downfall:HeartBlessingGreen","Blood Vial"],"acts_visited":["Exordium","TheCity"],"potions_floor_usage":[],"damage_taken":[{"damage":1.0,"enemies":"2 Louse","floor":2.0,"turns":3.0},{"damage":8.0,"enemies":"Small Slimes","floor":3.0,"turns":4.0},{"damage":3.0,"enemies":"Jaw Worm","floor":4.0,"turns":3.0},{"damage":1.0,"enemies":"Exordium Thugs","floor":5.0,"turns":4.0},{"damage":0.0,"enemies":"downfall:FleeingMerchant","floor":6.0,"turns":4.0},{"damage":6.0,"enemies":"downfall:FleeingMerchant","floor":8.0,"turns":4.0},{"damage":4.0,"enemies":"2 Fungi Beasts","floor":10.0,"turns":3.0},{"damage":23.0,"enemies":"Gremlin Nob","floor":14.0,"turns":4.0},{"damage":10.0,"enemies":"Blue Slaver","floor":15.0,"turns":3.0},{"damage":53.0,"enemies":"IC_STATUS_ARCHETYPE","floor":16.0,"turns":8.0},{"damage":10.0,"enemies":"3 Byrds","floor":19.0,"turns":3.0},{"damage":0.0,"enemies":"Chosen","floor":22.0,"turns":1.0},{"damage":22.0,"enemies":"downfall:FleeingMerchant","floor":23.0,"turns":4.0},{"damage":27.0,"enemies":"Snake Plant","floor":25.0,"turns":4.0},{"damage":13.0,"enemies":"3 Cultists","floor":26.0,"turns":4.0},{"damage":32.0,"enemies":"Snecko","floor":27.0,"turns":4.0},{"damage":11.0,"enemies":"Cultist and Chosen","floor":28.0,"turns":2.0},{"damage":13,"enemies":"Centurion and Healer","floor":29,"turns":1}],"seed_played":"5137941318636026489","potions_obtained":[{"floor":2.0,"key":"sneckomod:MuddlingPotion"},{"floor":4.0,"key":"sneckomod:MuddlingPotion"},{"floor":5.0,"key":"bronze:CleanCodePotion"}],"is_trial":false,"path_per_floor":["R","M","M","M","M","$","T","$","?","M","R","?","R","E","M","B",null,"R","M","?","?","M","$","T","M","M","M","M","M"],"character_chosen":"THE_AUTOMATON","items_purchased":[],"campfire_rested":0,"item_purchase_floors":[],"current_hp_per_floor":[70,69,70,70,70,70,70,70,70,70,70,70,70,47,44,1,70,70,67,67,67,67,55,55,37,36,13,4,0,0,0],"gold":80,"neow_bonus":"RANDOM_COLORLESS_2","is_daily":false,"chose_seed":false,"campfire_upgraded":3,"win_rate":0.0,"timestamp":1611109519,"path_taken":["R","M","M","M","M","$","T","$","?","M","R","?","R","E","M","BOSS","R","M","?","?","M","$","T","M","M","M","M","M"],"items_purchased_type":[],"build_version":"2020-12-22","purchased_purges":1,"victory":false,"max_hp_per_floor":[70,70,70,70,70,70,70,70,70,70,70,70,70,70,70,70,70,70,70,70,70,70,70,70,70,70,70,70,70,70,70],"card_choices":[{"not_picked":["Chrysalis","Metamorphosis"],"picked":"Apotheosis","floor":0.0},{"not_picked":["bronze:Philosophize","bronze:DelayedGuard"],"picked":"bronze:Repair","floor":2.0},{"not_picked":["bronze:Deprecate","bronze:Repulsor"],"picked":"bronze:WhirlingStrike","floor":3.0},{"not_picked":["bronze:Turbo","bronze:Philosophize"],"picked":"bronze:DelayedSlice","floor":4.0},{"not_picked":["bronze:BitShift","bronze:Shell","bronze:BuggyMess"],"picked":"SKIP","floor":5.0},{"not_picked":["bronze:MaxOutput","bronze:Safeguard","bronze:ShipIt"],"picked":"SKIP","floor":6.0},{"not_picked":["bronze:CutThrough","bronze:Frontload"],"picked":"bronze:ClassDefault","floor":8.0},{"not_picked":["bronze:Overheat","bronze:CutThrough"],"picked":"bronze:WhirlingStrike","floor":10.0},{"not_picked":["bronze:Return","bronze:Fortify"],"picked":"bronze:FineTuning","floor":14.0},{"not_picked":["bronze:Overload","bronze:Iterate"],"picked":"bronze:Return","floor":15.0},{"not_picked":["bronze:OilSpill","bronze:Deprecate"],"picked":"bronze:DelayedSlice","floor":19.0},{"not_picked":["StuffTheSpire:Ambrosia","StuffTheSpire:Innocence"],"picked":"StuffTheSpire:Brawn","floor":21.0},{"not_picked":["bronze:OilSpill","bronze:MaxOutput+1"],"picked":"bronze:Branch","floor":22.0},{"not_picked":["bronze:Invalidate","bronze:Philosophize","bronze:Fortify"],"picked":"SKIP","floor":23.0},{"not_picked":["bronze:DelayedSlice+1","bronze:Philosophize"],"picked":"bronze:GetLatest","floor":25.0},{"not_picked":["bronze:DigitalCarnage","bronze:ForLoop","bronze:DarkDash+1"],"picked":"SKIP","floor":26.0},{"not_picked":["bronze:Iterate","bronze:FineTuning"],"picked":"bronze:ChildClass","floor":27.0},{"not_picked":["bronze:BuggyMess","bronze:CutThrough","bronze:ClassDefault+1"],"picked":"SKIP","floor":28.0},{"not_picked":["bronze:BuggyMess","bronze:CutThrough","bronze:ClassDefault+1"],"picked":"SKIP","floor":28.0}],"player_experience":167240,"relics_obtained":[{"floor":7.0,"key":"Lantern"},{"floor":14.0,"key":"Kunai"},{"floor":24.0,"key":"Blood Vial"}],"event_choices":[],"is_beta":false,"boss_relics":[{"not_picked":["Velvet Choker","Snecko Eye"],"picked":"Sozu"}],"items_purged_floors":[6],"is_endless":false,"potions_floor_spawned":[2,4,5,16,25,26,27,28],"killed_by":"Centurion and Healer","ascension_level":0}}