{"host":"1a3cjta80tad0aqj","time":1611138557,"event":{"mods":["2.2 Compatiblity","AchievementEnabler","BaseMod","Colored Map","DeckTracker","KOR Keyword Fix","Keyboard Shortcuts","Minty Spire (QoL Compilation)","Permanent Neow","Quick Restart","Random Character Button","StSLib","SuperFastMode","everything is the same but u backflip on backflip"],"gold_per_floor":[112,112,129,149,164,199,199,199,199,211,211,230,248,260,260,334,334,353,371,92,7,7,7,24,24,24,73,85,85,135,152,152,152,152],"floor_reached":33,"language":"KOR","playtime":1501,"items_purged":["Strike_P"],"score":502,"play_id":"ebd81724-5515-4abd-af87-8f4bb53cfb42","local_time":"20210120192917","is_ascension_mode":true,"campfire_choices":[{"data":"Vault","floor":7.0,"key":"SMITH"},{"data":"SashWhip","floor":11.0,"key":"SMITH"},{"floor":15.0,"key":"REST"},{"data":"Adaptation","floor":23.0,"key":"SMITH"},{"data":"BowlingBash","floor":25.0,"key":"SMITH"},{"floor":29.0,"key":"REST"},{"data":"Wallop","floor":32.0,"key":"SMITH"}],"circlet_count":0,"master_deck":["AscendersBane","Strike_P","Strike_P","Strike_P","Defend_P","Defend_P","Defend_P","Eruption+1","Vigilance","Meditate","FlurryOfBlows","MentalFortress","BowlingBash+1","Vault+1","InnerPeace","SashWhip+1","Blasphemy","EmptyBody","CrushJoints","Adaptation+1","FearNoEvil","EmptyMind","Conclude","Wallop+1"],"relics":["PureWater","Prayer Wheel","Bottled Flame","Philosopher\u0027s Stone","Meat on the Bone","CloakClasp","Regal Pillow"],"acts_visited":["TheCity"],"potions_floor_usage":[33],"damage_taken":[{"damage":2.0,"enemies":"Jaw Worm","floor":1.0,"turns":6.0},{"damage":1.0,"enemies":"Cultist","floor":3.0,"turns":3.0},{"damage":0.0,"enemies":"2 Louse","floor":4.0,"turns":3.0},{"damage":0.0,"enemies":"2 Fungi Beasts","floor":5.0,"turns":2.0},{"damage":16.0,"enemies":"Lagavulin","floor":6.0,"turns":5.0},{"damage":9.0,"enemies":"Looter","floor":10.0,"turns":4.0},{"damage":0.0,"enemies":"Blue Slaver","floor":12.0,"turns":1.0},{"damage":1.0,"enemies":"Gremlin Gang","floor":13.0,"turns":4.0},{"damage":7.0,"enemies":"Looter","floor":14.0,"turns":2.0},{"damage":43.0,"enemies":"Hexaghost","floor":16.0,"turns":10.0},{"damage":19.0,"enemies":"Shell Parasite","floor":18.0,"turns":4.0},{"damage":0.0,"enemies":"Spheric Guardian","floor":19.0,"turns":3.0},{"damage":20.0,"enemies":"Centurion and Healer","floor":24.0,"turns":7.0},{"damage":13.0,"enemies":"3 Cultists","floor":28.0,"turns":5.0},{"damage":33.0,"enemies":"Shelled Parasite and Fungi","floor":31.0,"turns":4.0},{"damage":22,"enemies":"Automaton","floor":33,"turns":7}],"seed_played":"-3000184411100660566","potions_obtained":[{"floor":1.0,"key":"EntropicBrew"},{"floor":4.0,"key":"LiquidMemories"},{"floor":16.0,"key":"DistilledChaos"},{"floor":19.0,"key":"Weak Potion"},{"floor":28.0,"key":"Fruit Juice"},{"floor":31.0,"key":"Weak Potion"}],"is_trial":false,"path_per_floor":["M","?","M","M","M","E","R","?","T","M","R","M","M","M","R","B",null,"M","M","$","?","?","R","M","R","T","T","M","R","?","M","R","B"],"character_chosen":"WATCHER","items_purchased":["Adaptation","FearNoEvil","EmptyMind"],"campfire_rested":2,"item_purchase_floors":[20,20,20],"current_hp_per_floor":[59,59,58,58,58,42,42,42,42,33,33,33,32,25,45,2,52,33,33,33,33,33,33,25,25,25,25,29,65,65,44,44,22,22],"gold":152,"neow_bonus":"UPGRADE_CARD","is_daily":false,"chose_seed":false,"campfire_upgraded":5,"win_rate":0.0,"timestamp":1611138557,"path_taken":["M","?","M","M","?","E","R","?","T","M","R","M","M","M","R","BOSS","M","M","$","?","?","R","M","R","T","?","?","R","?","M","R","BOSS"],"items_purchased_type":["Card","Card","Card"],"build_version":"2020-12-22","purchased_purges":1,"victory":false,"max_hp_per_floor":[68,68,68,68,68,68,68,68,68,68,68,68,68,68,68,68,68,68,68,68,68,68,68,68,68,68,68,73,73,73,73,73,73,73],"card_choices":[{"not_picked":["Prostrate","Weave"],"picked":"Meditate","floor":1.0},{"not_picked":["Indignation","FlurryOfBlows"],"picked":"MentalFortress","floor":3.0},{"not_picked":["Pray","FlyingSleeves"],"picked":"BowlingBash","floor":4.0},{"not_picked":["CrushJoints","FlyingSleeves"],"picked":"Vault","floor":5.0},{"not_picked":["JustLucky","FollowUp","EmptyBody"],"picked":"SKIP","floor":6.0},{"not_picked":["FlyingSleeves","Halt"],"picked":"InnerPeace","floor":10.0},{"not_picked":["Worship","JustLucky"],"picked":"SashWhip","floor":10.0},{"not_picked":["Swivel","FollowUp","Consecrate"],"picked":"SKIP","floor":12.0},{"not_picked":["WheelKick","ThirdEye","EmptyBody"],"picked":"SKIP","floor":12.0},{"not_picked":["SashWhip","Evaluate","Protect"],"picked":"SKIP","floor":13.0},{"not_picked":["Prostrate","Meditate","FlurryOfBlows"],"picked":"SKIP","floor":13.0},{"not_picked":["DeceiveReality","CutThroughFate"],"picked":"Blasphemy","floor":14.0},{"not_picked":["Nirvana","Protect","FlyingSleeves"],"picked":"SKIP","floor":14.0},{"not_picked":["JustLucky","Nirvana"],"picked":"EmptyBody","floor":18.0},{"not_picked":["Meditate","Indignation","Pray"],"picked":"SKIP","floor":18.0},{"not_picked":["ThirdEye","MentalFortress"],"picked":"CrushJoints","floor":19.0},{"not_picked":["Collect","Worship","Crescendo"],"picked":"SKIP","floor":19.0},{"not_picked":["Collect","Worship","Crescendo"],"picked":"SKIP","floor":19.0},{"not_picked":["Consecrate","Meditate"],"picked":"Conclude","floor":24.0},{"not_picked":["ThirdEye","Fasting2","WaveOfTheHand"],"picked":"SKIP","floor":24.0},{"not_picked":["Crescendo","CutThroughFate","CrushJoints+1"],"picked":"SKIP","floor":28.0},{"not_picked":["Protect","Wish","Wireheading+1"],"picked":"SKIP","floor":28.0},{"not_picked":["PathToVictory","Crescendo+1"],"picked":"Wallop","floor":31.0},{"not_picked":["WreathOfFlame","Prostrate","SandsOfTime"],"picked":"SKIP","floor":31.0}],"player_experience":809262,"relics_obtained":[{"floor":6.0,"key":"Prayer Wheel"},{"floor":9.0,"key":"Bottled Flame"},{"floor":26.0,"key":"CloakClasp"},{"floor":27.0,"key":"Regal Pillow"}],"event_choices":[{"damage_healed":0.0,"max_hp_gain":0.0,"max_hp_loss":0.0,"gold_gain":0.0,"cards_transformed":["Defend_P"],"event_name":"Transmorgrifier","player_choice":"Transformed","floor":2.0,"gold_loss":0.0,"damage_taken":0.0,"cards_obtained":["FlurryOfBlows"]},{"damage_healed":0.0,"max_hp_gain":0.0,"max_hp_loss":0.0,"gold_gain":0.0,"event_name":"Shining Light","player_choice":"Ignored","floor":8.0,"gold_loss":0.0,"damage_taken":0.0},{"damage_healed":0.0,"max_hp_gain":0.0,"max_hp_loss":0.0,"gold_gain":0.0,"event_name":"Addict","player_choice":"Obtained Relic","floor":21.0,"gold_loss":85.0,"damage_taken":0.0,"relics_obtained":["Meat on the Bone"]},{"damage_healed":0.0,"max_hp_gain":0.0,"max_hp_loss":0.0,"gold_gain":0.0,"event_name":"Vampires","player_choice":"Ignored","floor":22.0,"gold_loss":0.0,"damage_taken":0.0},{"damage_healed":0.0,"max_hp_gain":0.0,"max_hp_loss":0.0,"gold_gain":50.0,"event_name":"Nest","player_choice":"Stole From Cult","floor":30.0,"gold_loss":0.0,"damage_taken":0.0}],"is_beta":false,"boss_relics":[{"not_picked":["SacredBark","Velvet Choker"],"picked":"Philosopher\u0027s Stone"}],"items_purged_floors":[20],"is_endless":false,"potions_floor_spawned":[1,4,5,16,19,28,31],"killed_by":"Automaton","ascension_level":20}}