{"host":"pi8b3ffzwvxqztac","time":1611170202,"event":{"mods":["BaseMod","Colored Map","Downfall","Minty Spire (QoL Compilation)","StSLib","The Jungle"],"gold_per_floor":[99,249,249,263,53,53,53,38,66,83,99,129,29,129,143,245,245,145,159,178,194,218,231,257,257,275,288,314,314,314,224,235,332,332,332,349,349,349,449,449,449,468,368,382,392,376,376,1,19,19,19,46,11,11,11,11],"floor_reached":57,"language":"ENG","playtime":4598,"items_purged":["Shame","bronze:Strike"],"score":1305,"play_id":"6755cf42-d965-4eaa-abd4-f2221538a8a9","local_time":"20210121081642","is_ascension_mode":true,"campfire_choices":[{"floor":1.0,"key":"RECALL"},{"data":"expansioncontent:QuickStudy","floor":6.0,"key":"SMITH"},{"floor":13.0,"key":"REST"},{"data":"bronze:Invalidate","floor":18.0,"key":"SMITH"},{"floor":30.0,"key":"REST"},{"data":"bronze:Iterate","floor":35.0,"key":"SMITH"},{"data":"bronze:Iterate","floor":40.0,"key":"SMITH"},{"data":"bronze:Shell","floor":43.0,"key":"SMITH"},{"data":"bronze:HardenedForm","floor":47.0,"key":"SMITH"},{"data":"expansioncontent:DashGenerateEvil","floor":54.0,"key":"SMITH"}],"circlet_count":0,"master_deck":["bronze:Strike","bronze:Strike","bronze:Strike","bronze:Defend+1","bronze:Defend","bronze:Defend","bronze:Defend","bronze:Replicate+1","bronze:Goto","bronze:Invalidate+1","bronze:BitShift","bronze:DelayedSlice+1","expansioncontent:QuickStudy+1","bronze:Iterate+1","bronze:HardenedForm+1","bronze:DelayedGuard","bronze:FineTuning","bronze:Assembly","bronze:ChosenStrike","bronze:Iterate+1","bronze:ThunderWave","bronze:Shell+1","bronze:WhirlingStrike+1","bronze:ClassDefault+1","expansioncontent:DashGenerateEvil+1","bronze:Branch","bronze:Fortify"],"relics":["bronze:BronzeCore","Guardian:GemstoneGun","Happy Flower","Bronze Scales","downfall:HeartBlessingGreen","Busted Crown","downfall:HeartBlessingRed","War Paint","Whetstone","Pen Nib","theJungle:SneckoAutograph","PrismaticShard","expansioncontent:StudyCardRelic","Potion Belt","downfall:HeartBlessingBlue","bronze:CableSpool","Lee\u0027s Waffle","Ornamental Fan"],"acts_visited":["Exordium","Exordium","TheBeyond","TheEnding"],"potions_floor_usage":[56],"damage_taken":[{"damage":5.0,"enemies":"Small Slimes","floor":4.0,"turns":5.0},{"damage":10.0,"enemies":"downfall:FleeingMerchant","floor":5.0,"turns":4.0},{"damage":15.0,"enemies":"downfall:FleeingMerchant","floor":8.0,"turns":4.0},{"damage":21.0,"enemies":"Lagavulin","floor":9.0,"turns":4.0},{"damage":0.0,"enemies":"2 Louse","floor":10.0,"turns":1.0},{"damage":6.0,"enemies":"Jaw Worm","floor":11.0,"turns":3.0},{"damage":11.0,"enemies":"3 Sentries","floor":12.0,"turns":5.0},{"damage":0.0,"enemies":"Gremlin Gang","floor":15.0,"turns":3.0},{"damage":51.0,"enemies":"IC_STATUS_ARCHETYPE","floor":16.0,"turns":9.0},{"damage":13.0,"enemies":"theJungle:5_Spyders","floor":19.0,"turns":3.0},{"damage":0.0,"enemies":"theJungle:MUSHROOMGANG","floor":20.0,"turns":3.0},{"damage":0.0,"enemies":"theJungle:SlimyTreeVines","floor":21.0,"turns":6.0},{"damage":18.0,"enemies":"theJungle:2_Flameangoes","floor":23.0,"turns":3.0},{"damage":0.0,"enemies":"theJungle:2_Snecko_Cultists","floor":26.0,"turns":3.0},{"damage":0.0,"enemies":"Snake Plant","floor":27.0,"turns":2.0},{"damage":16.0,"enemies":"theJungle:Cassacara","floor":28.0,"turns":6.0},{"damage":7.0,"enemies":"downfall:FleeingMerchant","floor":31.0,"turns":4.0},{"damage":0.0,"enemies":"theJungle:SlimyTreeVines","floor":32.0,"turns":3.0},{"damage":28.0,"enemies":"WA_ARCHETYPE_CALM","floor":33.0,"turns":9.0},{"damage":8.0,"enemies":"3 Darklings","floor":36.0,"turns":4.0},{"damage":1.0,"enemies":"downfall:LadyInBlue","floor":39.0,"turns":5.0},{"damage":20.0,"enemies":"3 Shapes","floor":42.0,"turns":4.0},{"damage":2.0,"enemies":"Spire Growth","floor":44.0,"turns":5.0},{"damage":5.0,"enemies":"4 Shapes","floor":45.0,"turns":3.0},{"damage":0.0,"enemies":"downfall:FleeingMerchant","floor":46.0,"turns":1.0},{"damage":0.0,"enemies":"Sphere and 2 Shapes","floor":49.0,"turns":3.0},{"damage":8.0,"enemies":"SI_POISON_ARCHETYPE","floor":50.0,"turns":7.0},{"damage":21.0,"enemies":"downfall:CharBossMerchant","floor":52.0,"turns":7.0},{"damage":22.0,"enemies":"downfall:NeowBoss","floor":55.0,"turns":20.0},{"damage":10,"enemies":"downfall:NeowBoss","floor":56,"turns":12}],"seed_played":"-3386614076203359003","potions_obtained":[{"floor":4.0,"key":"bronze:BuildAFunctionPotion"},{"floor":9.0,"key":"hexamod:SoulburnPotion"},{"floor":11.0,"key":"SpeedPotion"},{"floor":12.0,"key":"FairyPotion"},{"floor":16.0,"key":"hexamod:SoulburnPotion"},{"floor":23.0,"key":"Strength Potion"},{"floor":28.0,"key":"GamblersBrew"},{"floor":32.0,"key":"sneckomod:MuddlingPotion"},{"floor":33.0,"key":"SteroidPotion"},{"floor":36.0,"key":"Swift Potion"},{"floor":39.0,"key":"SteroidPotion"},{"floor":39.0,"key":"LiquidMemories"},{"floor":39.0,"key":"SkillPotion"},{"floor":45.0,"key":"DistilledChaos"},{"floor":49.0,"key":"SkillPotion"},{"floor":52.0,"key":"DuplicationPotion"}],"is_trial":false,"path_per_floor":["R","?","?","M","$","R","T","$","E","M","M","E","R","?","M","B",null,"R","M","M","M","T","M","T","?","M","M","E","?","R","$","M","B",null,"R","M","?","?","?","R","T","M","R","M","M","$","R","$","M","B",null,"E","$","R","B","B",null],"character_chosen":"THE_AUTOMATON","items_purchased":["expansioncontent:QuickStudy","bronze:CableSpool","Lee\u0027s Waffle","expansioncontent:DashGenerateEvil","bronze:Branch","bronze:Fortify"],"campfire_rested":2,"item_purchase_floors":[5,46,48,48,48,53],"current_hp_per_floor":[77,77,77,72,62,62,62,47,26,26,20,19,42,42,42,16,77,77,64,64,70,70,52,52,52,52,52,36,36,59,52,52,24,77,77,69,69,69,68,68,68,48,58,56,51,51,51,94,94,86,94,73,73,73,51,51],"gold":11,"neow_bonus":"TEN_PERCENT_HP_BONUS","is_daily":false,"chose_seed":false,"campfire_upgraded":7,"win_rate":0.0,"timestamp":1611170202,"path_taken":["R","?","?","M","?","R","T","$","E","?","M","E","R","?","M","BOSS","R","M","M","M","?","M","T","?","M","M","E","?","R","$","M","BOSS","R","M","?","?","?","R","T","?","R","M","M","$","R","$","M","BOSS","E","$","R","BOSS","BOSS"],"items_purchased_type":["Card","Relic","Relic","Card","Card","Card"],"build_version":"2020-12-22","purchased_purges":2,"victory":true,"max_hp_per_floor":[77,77,77,77,77,77,77,77,77,77,77,77,77,77,77,77,77,77,77,77,77,77,77,77,77,77,77,77,77,77,77,77,77,77,77,77,77,77,77,77,77,77,87,87,87,87,87,94,94,94,94,94,94,94,94,94],"card_choices":[{"not_picked":["bronze:ItsAFeature","bronze:DarkDash"],"picked":"bronze:BitShift","floor":4.0},{"not_picked":["bronze:BuggyMess","bronze:MaxOutput"],"picked":"bronze:DelayedSlice","floor":5.0},{"not_picked":["bronze:BugBarrage","bronze:Terminator"],"picked":"bronze:Iterate","floor":8.0},{"not_picked":["bronze:Terminator","bronze:NullPointer"],"picked":"bronze:HardenedForm","floor":9.0},{"not_picked":["bronze:ClassDefault","bronze:MaxOutput"],"picked":"bronze:DelayedGuard","floor":10.0},{"not_picked":["bronze:CloningBeam","bronze:Iterate","bronze:Allocate"],"picked":"SKIP","floor":11.0},{"not_picked":["bronze:BitShift","bronze:Allocate"],"picked":"bronze:FineTuning","floor":12.0},{"not_picked":["bronze:Frontload","bronze:CloningBeam"],"picked":"bronze:GetLatest","floor":15.0},{"not_picked":["bronze:Break","bronze:SpaghettiCode"],"picked":"bronze:Assembly","floor":16.0},{"not_picked":["bronze:MaxOutput"],"picked":"SKIP","floor":19.0},{"not_picked":["bronze:ItsAFeature+1"],"picked":"SKIP","floor":20.0},{"not_picked":[],"picked":"bronze:ChosenStrike","floor":21.0},{"not_picked":["bronze:OilSpill"],"picked":"SKIP","floor":23.0},{"not_picked":[],"picked":"bronze:Iterate","floor":26.0},{"not_picked":["bronze:Overheat"],"picked":"SKIP","floor":27.0},{"not_picked":[],"picked":"bronze:ThunderWave","floor":28.0},{"not_picked":[],"picked":"bronze:Shell","floor":31.0},{"not_picked":["InnerPeace"],"picked":"SKIP","floor":32.0},{"not_picked":[],"picked":"bronze:WhirlingStrike+1","floor":36.0},{"not_picked":[],"picked":"bronze:ClassDefault+1","floor":39.0},{"not_picked":["sneckomod:UnknownClassHEXA_GHOST_PURPLE"],"picked":"SKIP","floor":42.0},{"not_picked":["EmptyFist+1"],"picked":"SKIP","floor":44.0},{"not_picked":["Slimebound:PressTheAttack"],"picked":"SKIP","floor":45.0},{"not_picked":["Flex"],"picked":"SKIP","floor":46.0},{"not_picked":["Redo"],"picked":"SKIP","floor":49.0},{"not_picked":["bronze:WildBeam"],"picked":"SKIP","floor":52.0}],"player_experience":544402,"relics_obtained":[{"floor":7.0,"key":"Guardian:GemstoneGun"},{"floor":9.0,"key":"Happy Flower"},{"floor":12.0,"key":"Bronze Scales"},{"floor":22.0,"key":"War Paint"},{"floor":24.0,"key":"Whetstone"},{"floor":28.0,"key":"Pen Nib"},{"floor":39.0,"key":"Potion Belt"},{"floor":52.0,"key":"Ornamental Fan"}],"event_choices":[{"cards_removed":["bronze:GetLatest"],"damage_healed":0.0,"max_hp_gain":0.0,"max_hp_loss":0.0,"gold_gain":0.0,"event_name":"Falling","player_choice":"Removed Skill","floor":38.0,"gold_loss":0.0,"damage_taken":0.0}],"is_beta":false,"boss_relics":[{"not_picked":["Coffee Dripper","Snecko Eye"],"picked":"Busted Crown"},{"not_picked":["SlaversCollar","bronze:MakeshiftBattery"],"picked":"expansioncontent:StudyCardRelic"}],"items_purged_floors":[31,46],"is_endless":false,"potions_floor_spawned":[4,9,11,12,16,23,28,32,33,36,45,49,52],"ascension_level":1}}