{"host":"1tl36azeqm6yhdgj","time":1611143337,"event":{"mods":["AchievementEnabler","BaseMod","Minty Spire (QoL Compilation)","StSLib","The IronCluck","everything is the same but u backflip on backflip"],"gold_per_floor":[119,133,133,58,58,58,71,84,152,62,337,78,121,135,135,218,277,301,301,301],"floor_reached":19,"language":"ENG","playtime":583,"items_purged":["Pain"],"score":374,"play_id":"c43b2374-395a-4179-9508-07f35926ae30","local_time":"20210120064857","is_ascension_mode":true,"campfire_choices":[{"data":"Bash","floor":6.0,"key":"SMITH"},{"data":"Exhume","floor":15.0,"key":"SMITH"}],"circlet_count":0,"master_deck":["AscendersBane","Strike_R","Strike_R","Strike_R+1","Strike_R","Defend_R+1","Defend_R+1","Defend_R","Defend_R","Bash+1","Anger","Intimidate","Fire Breathing","Forethought","Regret","Blind","Exhume+1","Barricade","Shrug It Off","Thunderclap"],"relics":["Burning Blood","NeowsBlessing","WarpedTongs","Letter Opener","Membership Card","CeramicFish","Tiny House"],"acts_visited":["Exordium","TheCity"],"potions_floor_usage":[16,18,19],"damage_taken":[{"damage":0.0,"enemies":"2 Louse","floor":1.0,"turns":1.0},{"damage":0.0,"enemies":"Jaw Worm","floor":2.0,"turns":1.0},{"damage":0.0,"enemies":"Small Slimes","floor":7.0,"turns":1.0},{"damage":18.0,"enemies":"Gremlin Gang","floor":8.0,"turns":4.0},{"damage":2.0,"enemies":"Lagavulin","floor":13.0,"turns":5.0},{"damage":13.0,"enemies":"Blue Slaver","floor":14.0,"turns":2.0},{"damage":48,"enemies":"The Guardian","floor":16,"turns":17},{"damage":29,"enemies":"Shell Parasite","floor":18,"turns":9},{"damage":42,"enemies":"3 Byrds","floor":19,"turns":5}],"seed_played":"-1451500898927413388","potions_obtained":[{"floor":1.0,"key":"PowerPotion"},{"floor":8.0,"key":"Dexterity Potion"},{"floor":14.0,"key":"BloodPotion"},{"floor":17,"key":"Swift Potion"},{"floor":18,"key":"ColorlessPotion"}],"is_trial":false,"path_per_floor":["M","M","?","?","?","R","M","M","T","$","?","$","E","M","R","B",null,"M","M"],"character_chosen":"IRONCLAD","items_purchased":["Forethought","Membership Card","Blind"],"campfire_rested":0,"item_purchase_floors":[10,12,12],"current_hp_per_floor":[74,75,52,52,52,52,58,46,46,46,46,46,50,58,58,16,65,42,0,0],"gold":301,"neow_bonus":"THREE_ENEMY_KILL","is_daily":false,"chose_seed":false,"campfire_upgraded":2,"win_rate":0.0,"timestamp":1611143337,"path_taken":["M","M","?","?","?","R","?","M","T","$","?","$","E","M","R","BOSS","M","M"],"items_purchased_type":["Card","Relic","Card"],"build_version":"2020-12-22","purchased_purges":1,"victory":false,"max_hp_per_floor":[75,75,75,75,75,75,75,75,75,75,75,75,75,75,75,75,80,80,80,80],"card_choices":[{"not_picked":["Blood for Blood","Body Slam"],"picked":"Anger","floor":1.0},{"not_picked":["Body Slam","Shrug It Off"],"picked":"Intimidate","floor":2.0},{"not_picked":["Reckless Charge","Body Slam","Warcry"],"picked":"SKIP","floor":7.0},{"not_picked":["Wild Strike","Shrug It Off"],"picked":"Fire Breathing","floor":8.0},{"not_picked":["True Grit","Wild Strike"],"picked":"Exhume","floor":13.0},{"not_picked":["Armaments","Pommel Strike","Entrench"],"picked":"SKIP","floor":14.0},{"not_picked":["Double Tap","Impervious"],"picked":"Barricade","floor":16},{"not_picked":["Armaments","True Grit"],"picked":"Shrug It Off","floor":17},{"not_picked":["Flex+1","Headbutt"],"picked":"Thunderclap","floor":18}],"player_experience":2007648,"relics_obtained":[{"floor":9.0,"key":"Letter Opener"},{"floor":13.0,"key":"CeramicFish"}],"event_choices":[{"damage_healed":0.0,"max_hp_gain":0.0,"max_hp_loss":0.0,"gold_gain":0.0,"event_name":"Shining Light","player_choice":"Entered Light","floor":3.0,"gold_loss":0.0,"damage_taken":23.0,"cards_upgraded":["Defend_R","Strike_R"]},{"cards_removed":["Strike_R"],"damage_healed":0.0,"max_hp_gain":0.0,"max_hp_loss":0.0,"gold_gain":0.0,"event_name":"The Cleric","player_choice":"Card Removal","floor":4.0,"gold_loss":75.0,"damage_taken":0.0},{"damage_healed":0.0,"max_hp_gain":0.0,"max_hp_loss":0.0,"gold_gain":0.0,"event_name":"Accursed Blacksmith","player_choice":"Rummage","floor":5.0,"gold_loss":0.0,"damage_taken":0.0,"relics_obtained":["WarpedTongs"],"cards_obtained":["Pain"]},{"damage_healed":0.0,"max_hp_gain":0.0,"max_hp_loss":0.0,"gold_gain":275.0,"event_name":"Golden Shrine","player_choice":"Desecrate","floor":11.0,"gold_loss":0.0,"damage_taken":0.0,"cards_obtained":["Regret"]}],"is_beta":false,"boss_relics":[{"not_picked":["Runic Pyramid","Runic Cube"],"picked":"Tiny House"}],"items_purged_floors":[12],"is_endless":false,"potions_floor_spawned":[1,8,14,18],"killed_by":"3 Byrds","ascension_level":19}}