{"host":"l84l8xigz5v5foa2","time":1611132390,"event":{"mods":["2.2 Compatiblity","AchievementEnabler","BaseMod","Better Note","Better Vampires","Card Filter","Colored Map","DeckTracker","Downfall","Gremlin Skip","Highlight Path","Keyboard Shortcuts","Minty Spire (QoL Compilation)","Permanent Neow","Quick Restart","Relic Filter","Relic Stats","StSLib","SuperFastMode","Transform Curses","Unknown Chances"],"gold_per_floor":[0,16,16,26,26,26,53,83,83,83,83,101,120,220,233,307,307,207,218,218,236,250,80,80,80,91,121,147,160,160,180,195,271,271,271,285,285,300,311,211,211,211,227,227,262,174,210,238,268,280,280,280],"floor_reached":50,"language":"ENG","playtime":2309,"items_purged":["hexamod:Strike"],"score":1092,"play_id":"40010020-1b68-4d4d-9d53-d1f135eafbff","local_time":"20210120174630","is_ascension_mode":true,"campfire_choices":[{"data":"hexamod:Float","floor":1.0,"key":"SMITH"},{"data":"hexamod:ForkedFlame","floor":6.0,"key":"SMITH"},{"floor":9.0,"key":"RECALL"},{"data":"hexamod:AdvancingGuard","floor":11.0,"key":"SMITH"},{"data":"hexamod:NecessarySacrifice","floor":18.0,"key":"SMITH"},{"data":"hexamod:HeatMetal","floor":25.0,"key":"SMITH"},{"data":"hexamod:Rewind","floor":35,"key":"SMITH"},{"data":"hexamod:GhostOfSpirePast","floor":40,"key":"SMITH"},{"floor":42,"key":"REST"},{"data":"hexamod:AdvancingGuard","floor":44,"key":"SMITH"},{"data":"hexamod:WildfireWeapon","floor":46,"key":"SMITH"}],"circlet_count":0,"master_deck":["AscendersBane","hexamod:Strike","hexamod:Defend","hexamod:Defend","hexamod:Defend","hexamod:Defend","hexamod:Sear","hexamod:Float+1","hexamod:ForkedFlame+1","hexamod:FirstSeal","hexamod:HeatMetal+1","hexamod:SwordOfDarkness","hexamod:AdvancingGuard+1","hexamod:NecessarySacrifice+1","hexamod:WildfireWeapon+1","downfall:Icky","hexamod:TimeWarp","hexamod:HauntingEcho","hexamod:NightmareGuise+1","hexamod:TimeWarp","hexamod:StepThrough","hexamod:BacktrackSmack+1","hexamod:FourthSeal","hexamod:ThermalTransfer+1","hexamod:AdvancingGuard+1","hexamod:Rewind+1","hexamod:FastForward+1","hexamod:ForkedFlame+1","hexamod:Hexaguard+1","hexamod:GhostOfSpirePast+1","hexamod:PhantomCloak+1"],"relics":["hexamod:SpiritBrand","Black Star","downfall:ShatteredFragment","sneckomod:BlankCard","Singing Bowl","sneckomod:SneckoTalon","downfall:HeartBlessingRed","Molten Egg 2","Red Mask","Mango","The Courier","Philosopher\u0027s Stone","downfall:HeartBlessingBlue","InkBottle","MawBank","hexamod:BolsterEngine","downfall:HeartBlessingGreen","Smiling Mask"],"acts_visited":["Exordium","TheCity","TheBeyond"],"potions_floor_usage":[33,36,38,48,50,50],"damage_taken":[{"damage":0.0,"enemies":"2 Louse","floor":2.0,"turns":2.0},{"damage":0.0,"enemies":"Small Slimes","floor":4.0,"turns":3.0},{"damage":0.0,"enemies":"3 Sentries","floor":8.0,"turns":5.0},{"damage":7.0,"enemies":"Jaw Worm","floor":12.0,"turns":2.0},{"damage":14.0,"enemies":"Gremlin Gang","floor":13.0,"turns":4.0},{"damage":1.0,"enemies":"Exordium Thugs","floor":15.0,"turns":3.0},{"damage":9.0,"enemies":"IC_STATUS_ARCHETYPE","floor":16.0,"turns":6.0},{"damage":9.0,"enemies":"Shell Parasite","floor":19.0,"turns":3.0},{"damage":0.0,"enemies":"3 Byrds","floor":21.0,"turns":4.0},{"damage":15.0,"enemies":"Snake Plant","floor":22.0,"turns":3.0},{"damage":0.0,"enemies":"downfall:FleeingMerchant","floor":23.0,"turns":4.0},{"damage":20.0,"enemies":"Centurion and Healer","floor":26.0,"turns":4.0},{"damage":0.0,"enemies":"Masked Bandits","floor":27.0,"turns":2.0},{"damage":6.0,"enemies":"Gremlin Leader","floor":28.0,"turns":4.0},{"damage":10.0,"enemies":"Chosen and Byrds","floor":29.0,"turns":6.0},{"damage":8.0,"enemies":"Shelled Parasite and Fungi","floor":31.0,"turns":5.0},{"damage":15,"enemies":"Snake Plant","floor":32,"turns":5},{"damage":14,"enemies":"DF_ARCHETYPE_CLAW","floor":33,"turns":7},{"damage":6,"enemies":"3 Shapes","floor":36,"turns":3},{"damage":34,"enemies":"3 Darklings","floor":38,"turns":4},{"damage":44,"enemies":"Maw","floor":39,"turns":6},{"damage":17,"enemies":"Jaw Worm Horde","floor":43,"turns":3},{"damage":14,"enemies":"Nemesis","floor":45,"turns":3},{"damage":1,"enemies":"Spire Growth","floor":48,"turns":3},{"damage":8,"enemies":"Writhing Mass","floor":49,"turns":5},{"damage":95,"enemies":"WA_ARCHETYPE_DIVINITY","floor":50,"turns":21}],"seed_played":"2500436074065610594","potions_obtained":[{"floor":2.0,"key":"Swift Potion"},{"floor":15.0,"key":"Fruit Juice"},{"floor":16.0,"key":"FearPotion"},{"floor":21.0,"key":"LiquidMemories"},{"floor":26.0,"key":"hexamod:DoubleChargePotion"},{"floor":28.0,"key":"PowerPotion"},{"floor":29.0,"key":"Dexterity Potion"},{"floor":29.0,"key":"AttackPotion"},{"floor":31.0,"key":"hexamod:SoulburnPotion"},{"floor":32,"key":"ColorlessPotion"},{"floor":33,"key":"Slimebound:ThreeZeroPotion"},{"floor":36,"key":"EssenceOfSteel"},{"floor":38,"key":"bronze:BurnAndBuffPotion"},{"floor":39,"key":"SpeedPotion"},{"floor":43,"key":"EntropicBrew"},{"floor":48,"key":"DuplicationPotion"}],"is_trial":false,"path_per_floor":["R","M","?","M","?","R","T","E","R","?","R","M","M","?","M","B",null,"R","M","?","M","M","$","T","R","M","?","E","M","?","M","M","B",null,"R","M","?","M","M","R","T","R","M","R","E","R","T","M","M","B"],"character_chosen":"THE_SPIRIT","items_purchased":["hexamod:StepThrough"],"campfire_rested":1,"item_purchase_floors":[23],"current_hp_per_floor":[57,57,36,43,43,43,43,50,50,50,50,50,43,43,56,54,66,66,64,64,72,64,71,71,71,58,58,73,70,70,76,75,68,82,82,85,85,65,28,38,38,67,57,57,52,52,52,60,61,0,0,0],"gold":280,"neow_bonus":"THREE_RARE_CARDS","is_daily":false,"chose_seed":false,"campfire_upgraded":9,"win_rate":0.0,"timestamp":1611132390,"path_taken":["R","M","?","M","?","R","T","E","R","?","R","M","M","?","M","BOSS","R","M","?","M","M","$","T","R","M","?","E","M","?","M","M","BOSS","R","M","?","?","M","R","T","R","M","R","E","R","?","M","M","BOSS"],"items_purchased_type":["Card"],"build_version":"2020-12-22","purchased_purges":1,"victory":false,"max_hp_per_floor":[63,63,63,63,63,63,63,63,63,63,63,63,63,63,70,70,70,70,70,70,72,72,72,72,72,72,72,86,86,86,86,86,86,86,86,88,88,88,88,98,98,98,98,98,100,100,100,102,104,104,104,104],"relic_stats":{"Singing Bowl":12,"counters":[26,120],"Black Star":3,"MawBank":60,"Smiling Mask":0,"obtain_stats":[{"downfall:ShatteredFragment":3,"Singing Bowl":8,"downfall:HeartBlessingRed":18,"sneckomod:BlankCard":8,"Mango":28,"downfall:HeartBlessingGreen":46,"The Courier":28,"sneckomod:SneckoTalon":17,"MawBank":45,"Smiling Mask":47,"downfall:HeartBlessingBlue":40,"Molten Egg 2":24,"Philosopher\u0027s Stone":34,"Black Star":0,"Red Mask":27,"hexamod:BolsterEngine":45,"hexamod:SpiritBrand":0,"InkBottle":41},{"downfall:ShatteredFragment":1,"Singing Bowl":3,"downfall:HeartBlessingRed":7,"sneckomod:BlankCard":3,"Mango":14,"downfall:HeartBlessingGreen":23,"The Courier":14,"sneckomod:SneckoTalon":7,"MawBank":23,"Smiling Mask":23,"downfall:HeartBlessingBlue":21,"Molten Egg 2":11,"Philosopher\u0027s Stone":18,"Black Star":0,"Red Mask":13,"hexamod:BolsterEngine":23,"hexamod:SpiritBrand":0,"InkBottle":21},{"downfall:ShatteredFragment":2,"Singing Bowl":10,"downfall:HeartBlessingRed":25,"sneckomod:BlankCard":10,"Mango":49,"downfall:HeartBlessingGreen":91,"The Courier":49,"sneckomod:SneckoTalon":25,"MawBank":91,"Smiling Mask":91,"downfall:HeartBlessingBlue":85,"Molten Egg 2":39,"Philosopher\u0027s Stone":72,"Black Star":0,"Red Mask":45,"hexamod:BolsterEngine":91,"hexamod:SpiritBrand":0,"InkBottle":85}],"InkBottle":[20]},"card_choices":[{"not_picked":["hexamod:WildfireWeapon","hexamod:FifthSeal"],"picked":"hexamod:ForkedFlame","floor":0.0},{"not_picked":["hexamod:SkipABeat","hexamod:NightmareStrike"],"picked":"hexamod:FirstSeal","floor":2.0},{"not_picked":["hexamod:NightmareGuise","hexamod:NightmareStrike"],"picked":"hexamod:HeatMetal","floor":4.0},{"not_picked":["hexamod:NightmareStrike","hexamod:ThermalTransfer"],"picked":"hexamod:AdvancingGuard","floor":8.0},{"not_picked":["hexamod:FlamesFromBeyond","hexamod:ThermalTransfer"],"picked":"hexamod:NecessarySacrifice","floor":12.0},{"not_picked":["hexamod:GhostflameBarrier","hexamod:Firestarter"],"picked":"hexamod:WildfireWeapon","floor":13.0},{"not_picked":["hexamod:Firestarter","hexamod:BurningTouch","hexamod:NightmareStrike"],"picked":"Singing Bowl","floor":15.0},{"not_picked":["hexamod:VolcanoVisage","hexamod:HexaLevel"],"picked":"hexamod:TimeWarp","floor":16.0},{"not_picked":["hexamod:PhantomFireball","hexamod:AdvancingGuard"],"picked":"hexamod:HauntingEcho","floor":19.0},{"not_picked":["hexamod:GhostShield","hexamod:ExtraCrispy","hexamod:SwordOfDarkness"],"picked":"Singing Bowl","floor":21.0},{"not_picked":["hexamod:SwordOfDarkness+1","hexamod:GhostLash"],"picked":"hexamod:NightmareGuise+1","floor":22.0},{"not_picked":["hexamod:AdvancingGuard","hexamod:CatchUp"],"picked":"hexamod:TimeWarp","floor":23.0},{"not_picked":["hexamod:GhostLash+1","hexamod:SuperheatedStrike+1"],"picked":"hexamod:BacktrackSmack+1","floor":26.0},{"not_picked":["hexamod:NightmareGuise","hexamod:HeatMetal+1"],"picked":"hexamod:FourthSeal","floor":27.0},{"not_picked":["hexamod:Firestarter+1","hexamod:SpectralSpark"],"picked":"hexamod:ThermalTransfer+1","floor":28.0},{"not_picked":["hexamod:ThermalTransfer+1","hexamod:SpectersWail+1"],"picked":"hexamod:AdvancingGuard","floor":29.0},{"not_picked":["hexamod:RetreatToShadows","hexamod:NightmareStrike+1"],"picked":"hexamod:Rewind","floor":31.0},{"not_picked":["hexamod:ApocalypseNow","hexamod:InspiringFlames"],"picked":"hexamod:FastForward+1","floor":32},{"not_picked":["hexamod:SearingWound","hexamod:TimeWarp+1"],"picked":"hexamod:ForkedFlame+1","floor":33},{"not_picked":["hexamod:PhantomCloak","hexamod:SuperheatedStrike+1","hexamod:NightmareGuise"],"picked":"Singing Bowl","floor":36},{"not_picked":["hexamod:BurningTouch","hexamod:ThermalTransfer+1"],"picked":"hexamod:Hexaguard+1","floor":38},{"not_picked":["hexamod:FirstSeal","hexamod:SpectralSpark"],"picked":"hexamod:GhostOfSpirePast","floor":39},{"not_picked":["hexamod:SpectralSpark+1","hexamod:RetreatToShadows"],"picked":"hexamod:PhantomCloak+1","floor":43},{"not_picked":["hexamod:HauntingEcho+1","hexamod:NightmareStrike+1","hexamod:ThirdSeal"],"picked":"Singing Bowl","floor":45},{"not_picked":["hexamod:FastForward","hexamod:HeatMetal+1","hexamod:NightmareStrike+1"],"picked":"Singing Bowl","floor":48},{"not_picked":["hexamod:Firestarter+1","hexamod:BurningTouch+1","hexamod:FlamesFromBeyond"],"picked":"Singing Bowl","floor":49}],"player_experience":3309943,"relics_obtained":[{"floor":8.0,"key":"sneckomod:BlankCard"},{"floor":8.0,"key":"Singing Bowl"},{"floor":24.0,"key":"Molten Egg 2"},{"floor":27.0,"key":"Red Mask"},{"floor":28.0,"key":"Mango"},{"floor":28.0,"key":"The Courier"},{"floor":41,"key":"InkBottle"},{"floor":45,"key":"MawBank"},{"floor":45,"key":"hexamod:BolsterEngine"},{"floor":47,"key":"Smiling Mask"}],"event_choices":[{"damage_healed":0.0,"max_hp_gain":0.0,"max_hp_loss":0.0,"gold_gain":0.0,"cards_transformed":["hexamod:Strike"],"event_name":"Living Wall","player_choice":"Change","floor":5.0,"gold_loss":0.0,"damage_taken":0.0,"cards_obtained":["hexamod:SwordOfDarkness"]},{"cards_removed":["hexamod:Strike"],"damage_healed":0.0,"max_hp_gain":0.0,"max_hp_loss":0.0,"gold_gain":0.0,"event_name":"The Cleric","player_choice":"Card Removal","floor":10.0,"gold_loss":0.0,"damage_taken":0.0},{"damage_healed":0.0,"max_hp_gain":0.0,"max_hp_loss":0.0,"gold_gain":0.0,"event_name":"Vampires","player_choice":"Ignored","floor":20.0,"gold_loss":0.0,"damage_taken":0.0},{"damage_healed":0.0,"max_hp_gain":0.0,"max_hp_loss":0.0,"gold_gain":0.0,"event_name":"Masked Bandits","player_choice":"Fought Bandits","floor":27.0,"gold_loss":0.0,"damage_taken":0.0}],"is_beta":false,"boss_relics":[{"not_picked":["Sozu","expansioncontent:StudyCardRelic"],"picked":"sneckomod:SneckoTalon"},{"not_picked":["Fusion Hammer","Coffee Dripper"],"picked":"Philosopher\u0027s Stone"}],"items_purged_floors":[23],"is_endless":false,"potions_floor_spawned":[2,15,16,21,26,28,32,33,36,45,48],"killed_by":"WA_ARCHETYPE_DIVINITY","ascension_level":20}}