{"host":"ao4lxi9bhtts409i","time":1611134814,"event":{"mods":["AchievementEnabler","BaseMod","Colored Map","Colored Powertips","Minty Spire (QoL Compilation)","SuperFastMode"],"gold_per_floor":[114,125,136,149,224,224,256,275,302,72,111,72,89,118,118,228,291,310,339,365,376,260,260,260],"floor_reached":23,"language":"ENG","playtime":1937,"items_purged":["Strike_P"],"score":217,"play_id":"ea07e074-bc0e-43f1-a0ae-29a96d3bc37b","local_time":"20210120102654","is_ascension_mode":true,"campfire_choices":[{"data":"SashWhip","floor":6,"key":"SMITH"},{"data":"Apotheosis","floor":15,"key":"SMITH"}],"circlet_count":0,"master_deck":["Eruption","Vigilance","ThirdEye","BowlingBash","Perseverance","CrushJoints","SashWhip+1","Judgement","SandsOfTime","Apotheosis+1","LikeWater","ClearTheMind","Consecrate","Establishment","Alpha","Scrawl","EmptyMind","Evaluate","Conclude","Wireheading","Blasphemy","CarveReality+1","ThirdEye+1","Protect"],"relics":["PureWater","White Beast Statue","CeramicFish","Odd Mushroom","Pandora\u0027s Box"],"acts_visited":["Exordium","TheCity"],"potions_floor_usage":[8,13,13,14,16,20,21,23],"damage_taken":[{"damage":0,"enemies":"Cultist","floor":1,"turns":2},{"damage":0,"enemies":"2 Louse","floor":2,"turns":2},{"damage":0,"enemies":"Jaw Worm","floor":3,"turns":4},{"damage":3,"enemies":"Looter","floor":4,"turns":3},{"damage":13,"enemies":"3 Sentries","floor":7,"turns":3},{"damage":0,"enemies":"Large Slime","floor":8,"turns":3},{"damage":5,"enemies":"The Mushroom Lair","floor":11,"turns":4},{"damage":15,"enemies":"Lots of Slimes","floor":13,"turns":3},{"damage":10,"enemies":"3 Louse","floor":14,"turns":4},{"damage":1,"enemies":"Hexaghost","floor":16,"turns":6},{"damage":25,"enemies":"2 Thieves","floor":18,"turns":3},{"damage":0,"enemies":"Spheric Guardian","floor":19,"turns":2},{"damage":37,"enemies":"Centurion and Healer","floor":20,"turns":5},{"damage":18,"enemies":"Snecko","floor":21,"turns":4},{"damage":10,"enemies":"Gremlin Leader","floor":23,"turns":2}],"seed_played":"-6865703647174453892","potions_obtained":[{"floor":3,"key":"SmokeBomb"},{"floor":4,"key":"Weak Potion"},{"floor":7,"key":"AttackPotion"},{"floor":8,"key":"LiquidBronze"},{"floor":11,"key":"Regen Potion"},{"floor":13,"key":"SmokeBomb"},{"floor":14,"key":"LiquidMemories"},{"floor":16,"key":"FearPotion"},{"floor":18,"key":"Strength Potion"},{"floor":19,"key":"Regen Potion"},{"floor":20,"key":"ColorlessPotion"},{"floor":21,"key":"DuplicationPotion"}],"is_trial":false,"path_per_floor":["M","M","M","M","?","R","E","M","T","$","?","$","M","M","R","B",null,"M","M","M","M","$","E"],"character_chosen":"WATCHER","items_purchased":["Apotheosis","ClearTheMind","DistilledChaos","Protect"],"campfire_rested":0,"item_purchase_floors":[10,12,22,22],"current_hp_per_floor":[72,72,72,69,58,58,45,45,45,45,40,40,37,27,27,26,72,47,47,25,7,7,0,0],"gold":260,"neow_bonus":"THREE_CARDS","is_daily":false,"chose_seed":false,"campfire_upgraded":2,"win_rate":0.0,"timestamp":1611134814,"path_taken":["M","M","?","M","?","R","E","M","T","$","?","?","M","M","R","BOSS","M","M","M","M","$","E"],"items_purchased_type":["Card","Card","Potion","Card"],"build_version":"2020-12-22","purchased_purges":1,"victory":false,"max_hp_per_floor":[72,72,72,72,72,72,72,72,72,72,72,72,72,72,72,72,72,72,72,72,72,72,72,72],"card_choices":[{"not_picked":["EmptyFist","Prostrate"],"picked":"ThirdEye","floor":0},{"not_picked":["EmptyBody","Protect"],"picked":"BowlingBash","floor":1},{"not_picked":["WheelKick","Evaluate"],"picked":"Perseverance","floor":2},{"not_picked":["Sanctity","Halt"],"picked":"CrushJoints","floor":3},{"not_picked":["Fasting2","Swivel"],"picked":"SashWhip","floor":4},{"not_picked":["Protect","ThirdEye"],"picked":"Judgement","floor":7},{"not_picked":["Consecrate","SignatureMove"],"picked":"SandsOfTime","floor":8},{"not_picked":["Prostrate","EmptyBody"],"picked":"LikeWater","floor":11},{"not_picked":["Adaptation","ForeignInfluence","MentalFortress"],"picked":"SKIP","floor":13},{"not_picked":["FollowUp","Halt"],"picked":"Consecrate","floor":14},{"not_picked":["LessonLearned","Blasphemy"],"picked":"Establishment","floor":16},{"not_picked":["Wallop+1","Perseverance","ThirdEye"],"picked":"SKIP","floor":18},{"not_picked":["ThirdEye","FollowUp"],"picked":"CarveReality+1","floor":19},{"not_picked":["Evaluate","Wish"],"picked":"ThirdEye+1","floor":20},{"not_picked":["EmptyBody","Pray","FearNoEvil"],"picked":"SKIP","floor":21}],"player_experience":213471,"relics_obtained":[{"floor":7,"key":"White Beast Statue"},{"floor":9,"key":"CeramicFish"},{"floor":11,"key":"Odd Mushroom"}],"event_choices":[{"damage_healed":0,"gold_gain":75,"player_choice":"Gather Gold","damage_taken":11,"max_hp_gain":0,"max_hp_loss":0,"event_name":"World of Goop","floor":5,"gold_loss":0},{"damage_healed":0,"gold_gain":0,"player_choice":"Fought Mushrooms","damage_taken":0,"max_hp_gain":0,"max_hp_loss":0,"event_name":"Mushrooms","floor":11,"gold_loss":0}],"is_beta":false,"boss_relics":[{"not_picked":["Snecko Eye","Tiny House"],"picked":"Pandora\u0027s Box"}],"items_purged_floors":[10],"is_endless":false,"potions_floor_spawned":[3,4,7,8,11,13,14,16,18,19,20,21],"killed_by":"Gremlin Leader","ascension_level":2}}