{"host":"k8m8rgjz9e2or23k","time":1611131813,"event":{"mods":["Act Like it!","BaseMod","Better Sensory Stone","Hallownest","Minty Spire (QoL Compilation)","Pale of the Ancients","StSLib","The Bug Knight","Waifu the Spire"],"gold_per_floor":[117,117,42,59,70,70,70,170,170,188,93,48,61,61,61,61,61,85,95,122,137,148,162,162,162,162],"floor_reached":25,"language":"ZHS","playtime":1396,"items_purged":["HollowMod:NailStrikeStart"],"score":213,"play_id":"87c3a20a-3d80-4378-822f-0d7250132c18","local_time":"20210120163653","is_ascension_mode":false,"campfire_choices":[{"data":"HollowMod:WraithStrike","floor":6.0,"key":"SMITH"},{"data":"HollowMod:FocusHealStart","floor":15.0,"key":"SMITH"},{"data":"HollowMod:Hiveblood","floor":17.0,"key":"SMITH"},{"data":"HollowMod:ShadowDash","floor":24,"key":"SMITH"}],"circlet_count":0,"master_deck":["HollowMod:FocusHealStart+1","HollowMod:PogoStrike","HollowMod:WraithStrike+1","HollowMod:Hiveblood+1","HollowMod:VoidDash","HollowMod:MonarchWings","HollowMod:ZotesMagnificence","HollowMod:ShapeofUnn","HollowMod:LifebloodCore","HollowMod:AbyssShriek","HollowMod:WraithStrike","HollowMod:DoubleDash","HollowMod:MantisMark","HollowMod:ShadowDash+1","HollowMod:SharpenedShadows","HollowMod:AbyssShriek"],"relics":["Velvet Choker","Hallownest:DreamNailRelic","Pandora\u0027s Box","Potion Belt","Nunchaku"],"acts_visited":["Hallownest:Greenpath","Hallownest:CityofTears"],"potions_floor_usage":[25],"damage_taken":[{"damage":7.0,"enemies":"Hallownest:2_Baldur","floor":1.0,"turns":3.0},{"damage":6.0,"enemies":"2_ Uuma","floor":4.0,"turns":4.0},{"damage":1.0,"enemies":"Hallownest:monsterHuskGuard","floor":5.0,"turns":3.0},{"damage":29.0,"enemies":"Hallownest:BossFalseKnight","floor":8.0,"turns":11.0},{"damage":32.0,"enemies":"Hallownest:Guard_and_Sentry","floor":10.0,"turns":5.0},{"damage":22.0,"enemies":"Hallownest:2_Mistakes","floor":13.0,"turns":6.0},{"damage":49.0,"enemies":"Hallownest:3_Mistakes","floor":19.0,"turns":6.0},{"damage":35.0,"enemies":"Hallownest:eliteSoulWarrior","floor":20.0,"turns":6.0},{"damage":16,"enemies":"Hallownest:monsterMisterMushroom","floor":21,"turns":6},{"damage":26,"enemies":"Hallownest:Warrior_and_Youth","floor":22,"turns":6},{"damage":53,"enemies":"Hallownest:Master_and_Novice","floor":23,"turns":5},{"damage":58,"enemies":"Hallownest:BossMantisLord","floor":25,"turns":3}],"seed_played":"1828537681098882292","potions_obtained":[{"floor":1.0,"key":"Regen Potion"},{"floor":5.0,"key":"GamblersBrew"},{"floor":8.0,"key":"GamblersBrew"},{"floor":19.0,"key":"EssenceOfSteel"},{"floor":20.0,"key":"Block Potion"},{"floor":23,"key":"GamblersBrew"}],"is_trial":false,"path_per_floor":["M","?","$","M","M","R","?","B",null,"M","$","?","M","?","R","?","R","T","M","E","M","M","M","R","B"],"character_chosen":"THE_BUGKNIGHT","items_purchased":["HollowMod:WraithStrike","HollowMod:DoubleDash"],"campfire_rested":0,"item_purchase_floors":[11,11],"current_hp_per_floor":[68,68,68,62,61,61,61,32,75,57,57,57,50,50,50,50,50,50,26,42,56,64,45,45,0,0],"gold":162,"neow_bonus":"BOSS_RELIC","is_daily":false,"chose_seed":false,"campfire_upgraded":4,"win_rate":0.0,"timestamp":1611131813,"path_taken":["M","?","?","M","?","R","?","BOSS","M","$","?","M","?","R","?","R","T","M","E","M","M","?","R","BOSS"],"items_purchased_type":["Card","Card"],"build_version":"2020-12-22","purchased_purges":1,"victory":false,"max_hp_per_floor":[75,75,75,75,75,75,75,75,75,75,75,75,75,75,75,75,75,75,75,75,75,75,75,75,75,75],"card_choices":[{"not_picked":["HollowMod:GreatSlash","HollowMod:TaintedHusks","HollowMod:NewGlowingWomb"],"picked":"SKIP","floor":1.0},{"not_picked":["HollowMod:CloakDash","HollowMod:HuntersJournal"],"picked":"HollowMod:WraithStrike","floor":4.0},{"not_picked":["HollowMod:InfectedCysts","HollowMod:VengefulSpirit","HollowMod:SoulStrike"],"picked":"SKIP","floor":5.0},{"not_picked":["HollowMod:LifebloodCore","HollowMod:PureVessel"],"picked":"HollowMod:Hiveblood","floor":8.0},{"not_picked":["HollowMod:DescendingDark+1","HollowMod:ShapeofUnn"],"picked":"HollowMod:AbyssShriek","floor":10.0},{"not_picked":["HollowMod:SoulShaman","HollowMod:DashSlash"],"picked":"HollowMod:MantisMark","floor":13.0},{"not_picked":["HollowMod:NewGlowingWomb","HollowMod:InfectedCysts+1"],"picked":"HollowMod:ShadowDash","floor":19.0},{"not_picked":["HollowMod:Weaversong","HollowMod:SoulShaman"],"picked":"HollowMod:SharpenedShadows","floor":20.0},{"not_picked":["HollowMod:RecoilStrike","HollowMod:DashSlash","HollowMod:DoubleDash"],"picked":"SKIP","floor":21},{"not_picked":["HollowMod:SoulStrike+1","HollowMod:CoiledNail","HollowMod:FallenFury"],"picked":"SKIP","floor":22},{"not_picked":["HollowMod:BaldurShell+1","HollowMod:CornifersMapStart"],"picked":"HollowMod:AbyssShriek","floor":23}],"player_experience":387112,"relics_obtained":[{"floor":18.0,"key":"Potion Belt"},{"floor":20.0,"key":"Nunchaku"}],"event_choices":[],"is_beta":false,"boss_relics":[{"not_picked":["Black Star","Calling Bell"],"picked":"Pandora\u0027s Box"}],"items_purged_floors":[3],"is_endless":false,"potions_floor_spawned":[1,5,8,19,20,23],"killed_by":"Hallownest:BossMantisLord","ascension_level":0}}