{"host":"sy26bfguqtls01um","time":1611153373,"event":{"mods":["BaseMod","DeckTracker","Hermit","Minty Spire (QoL Compilation)","Random Character Button","StSLib","SuperFastMode","The Hierophant","The Necromancer","The Servant 0.9.4","The Wild Card"],"gold_per_floor":[116,116,131,142,155,155,183,183,183,6,6,16,16,33,33,33,33],"floor_reached":16,"language":"KOR","playtime":513,"items_purged":["Strike_S"],"score":204,"play_id":"d555437f-38f8-4298-ad22-53cdf36ad1dc","local_time":"20210120233613","is_ascension_mode":true,"campfire_choices":[{"data":"Manipulate","floor":6,"key":"SMITH"},{"data":"Potential","floor":11,"key":"SMITH"},{"data":"Reset","floor":13,"key":"SMITH"},{"floor":15,"key":"REST"}],"circlet_count":0,"master_deck":["AscendersBane","Strike_S","Strike_S","Strike_S","Defend_S","Defend_S","Defend_S","Defend_S","KidneyShot+1","Exchange","Manipulate+1","Misdirection","Sabotage","Potential+1","Reset+1","Flash of Steel","SilverBlades"],"relics":["Uniform","White Beast Statue","Matryoshka"],"acts_visited":["Exordium"],"potions_floor_usage":[14,16,16],"damage_taken":[{"damage":10,"enemies":"2 Louse","floor":1,"turns":2},{"damage":0,"enemies":"Cultist","floor":3,"turns":4},{"damage":3,"enemies":"Jaw Worm","floor":4,"turns":4},{"damage":2,"enemies":"2 Fungi Beasts","floor":5,"turns":4},{"damage":6,"enemies":"Lagavulin","floor":7,"turns":9},{"damage":0,"enemies":"Large Slime","floor":12,"turns":6},{"damage":24,"enemies":"Exordium Thugs","floor":14,"turns":7},{"damage":39,"enemies":"Slime Boss","floor":16,"turns":12}],"seed_played":"-7858245089722900703","potions_obtained":[{"floor":1,"key":"Block Potion"},{"floor":3,"key":"Weak Potion"},{"floor":14,"key":"SkillPotion"}],"is_trial":false,"path_per_floor":["M","?","M","M","M","R","E","?","T","$","R","M","R","M","R","B"],"character_chosen":"THE_SERVANT","items_purchased":["Flash of Steel"],"campfire_rested":1,"item_purchase_floors":[10],"current_hp_per_floor":[44,44,44,41,39,39,33,38,38,38,38,38,38,14,33,0,0],"gold":33,"neow_bonus":"UPGRADE_CARD","is_daily":false,"chose_seed":false,"campfire_upgraded":3,"win_rate":0.0,"timestamp":1611153373,"path_taken":["M","?","M","?","M","R","E","?","T","?","R","M","R","M","R","BOSS"],"items_purchased_type":["Card"],"build_version":"2020-12-22","purchased_purges":1,"victory":false,"max_hp_per_floor":[60,60,60,60,60,60,60,65,65,65,65,65,65,65,65,65,65],"card_choices":[{"not_picked":["Ricochet","Rearm"],"picked":"Manipulate","floor":1},{"not_picked":["Deadline","Unruled"],"picked":"Misdirection","floor":3},{"not_picked":["Rewind","ShatteredReality"],"picked":"Sabotage","floor":4},{"not_picked":["ShatteredReality","Manipulate"],"picked":"Potential","floor":5},{"not_picked":["Shuttle","Deadline"],"picked":"Reset","floor":7},{"not_picked":["WasteNot","Deny","Misdirection"],"picked":"SKIP","floor":12},{"not_picked":["TimeTheft","Alleviate"],"picked":"SilverBlades","floor":14}],"player_experience":1868703,"relics_obtained":[{"floor":7,"key":"White Beast Statue"},{"floor":9,"key":"Matryoshka"}],"event_choices":[{"damage_healed":0,"gold_gain":0,"player_choice":"0 cards matched","damage_taken":0,"max_hp_gain":0,"max_hp_loss":0,"event_name":"Match and Keep!","floor":2,"gold_loss":0,"cards_obtained":[]},{"damage_healed":0,"gold_gain":0,"player_choice":"Donut","damage_taken":0,"max_hp_gain":5,"max_hp_loss":0,"event_name":"Big Fish","floor":8,"gold_loss":0}],"is_beta":false,"boss_relics":[],"items_purged_floors":[10],"is_endless":false,"potions_floor_spawned":[1,3,7,12,14],"killed_by":"Slime Boss","ascension_level":20}}