{"host":"u9h06qdlnp3wgzsw","time":1611160998,"event":{"mods":["Act Like it!","BaseMod","Curses Come First","Downfall","Hallownest","Hermit","Minty Spire (QoL Compilation)","Quick Restart","Rare Cards Sparkle","Shop Mod","StSLib","The Disciple","The Hierophant","The Servant 0.9.4"],"gold_per_floor":[112,112,112,67,77,77,105,105,105,116,147,147,0,13,13,114,114,126,126,139,139,154,154,154],"floor_reached":23,"language":"ENG","playtime":1349,"items_purged":[],"score":224,"play_id":"440e65d4-f15a-4899-a227-312e9e4586e7","local_time":"20210120114318","is_ascension_mode":false,"campfire_choices":[{"data":"LockedMercury","floor":6,"key":"SMITH"},{"floor":8,"key":"REST"},{"data":"SecondHand","floor":15,"key":"SMITH"}],"circlet_count":0,"master_deck":["Strike_Br","Strike_Br","Strike_Br","Strike_Br","Defend_Br","Defend_Br","Defend_Br","SecondHand+1","PatternShift","LockedMercury+1","BlueShift","HandsUpC","LockedBlood","DaylightSavings","OldTimer","ResonantCall+1","HandsUpC","LockedBlood"],"relics":["Chronometer","hexamod:BolsterEngine","Pear","Shuriken","Ancient Tea Set","Lee\u0027s Waffle","Fusion Hammer"],"acts_visited":["Exordium","TheCity"],"potions_floor_usage":[11,16,20,22,23],"damage_taken":[{"damage":0,"enemies":"2 Louse","floor":1,"turns":4},{"damage":2,"enemies":"Small Slimes","floor":5,"turns":5},{"damage":54,"enemies":"Lagavulin","floor":7,"turns":10},{"damage":1,"enemies":"Jaw Worm","floor":10,"turns":3},{"damage":14,"enemies":"Gremlin Nob","floor":11,"turns":4},{"damage":0,"enemies":"Large Slime","floor":14,"turns":5},{"damage":63,"enemies":"Hexaghost","floor":16,"turns":14},{"damage":7,"enemies":"Shell Parasite","floor":18,"turns":6},{"damage":7,"enemies":"Chosen","floor":20,"turns":5},{"damage":31,"enemies":"Sentry and Sphere","floor":22,"turns":7},{"damage":63,"enemies":"Gremlin Leader","floor":23,"turns":3}],"seed_played":"2802500037696722025","potions_obtained":[{"floor":1,"key":"Explosive Potion"},{"floor":7,"key":"HastePotion"},{"floor":10,"key":"ColorlessPotion"},{"floor":16,"key":"Swift Potion"},{"floor":18,"key":"FearPotion"}],"is_trial":false,"path_per_floor":["M","$","?","$","M","R","E","R","T","M","E","?","$","M","R","B",null,"M","$","M","$","M","E"],"character_chosen":"CHRONO_CLASS","items_purchased":["BlueShift","Lee\u0027s Waffle"],"campfire_rested":1,"item_purchase_floors":[4,13],"current_hp_per_floor":[71,71,64,64,62,62,8,29,39,38,28,16,88,88,88,30,88,87,87,84,84,59,0,0],"gold":154,"neow_bonus":"TEN_PERCENT_HP_BONUS","is_daily":false,"chose_seed":false,"campfire_upgraded":2,"win_rate":0.0,"timestamp":1611160998,"path_taken":["M","$","?","$","M","R","E","R","T","M","E","?","$","M","R","BOSS","M","$","M","$","M","E"],"items_purchased_type":["Card","Relic"],"build_version":"2020-12-22","purchased_purges":0,"victory":false,"max_hp_per_floor":[71,71,71,71,71,71,71,71,81,81,81,81,88,88,88,88,88,88,88,88,88,88,88,88],"card_choices":[{"not_picked":["AlternateTimeline","LockedBlood"],"picked":"LockedMercury","floor":1},{"not_picked":["CrunchTime","LockedMedicine","BlueShift"],"picked":"SKIP","floor":5},{"not_picked":["Analog","LockedAstrolabe"],"picked":"HandsUpC","floor":7},{"not_picked":["Tempo","WindUp"],"picked":"LockedBlood","floor":10},{"not_picked":["DaylightSavings","Goo","Accruing"],"picked":"SKIP","floor":11},{"not_picked":["TickedOff","BiteCommand"],"picked":"DaylightSavings","floor":14},{"not_picked":["Flay","Fragmentalize"],"picked":"OldTimer","floor":16},{"not_picked":["Cuckoo","BeatsPerMinute"],"picked":"ResonantCall+1","floor":18},{"not_picked":["Engulf","EscortCommand"],"picked":"HandsUpC","floor":20},{"not_picked":["ExoVibe","LockedPlans+1"],"picked":"LockedBlood","floor":22}],"player_experience":836872,"relics_obtained":[{"floor":7,"key":"hexamod:BolsterEngine"},{"floor":9,"key":"Pear"},{"floor":11,"key":"Shuriken"}],"event_choices":[{"cards_removed":["Defend_Br"],"damage_healed":0,"gold_gain":0,"player_choice":"Card Removal","damage_taken":7,"max_hp_gain":0,"max_hp_loss":0,"event_name":"Golden Wing","floor":3,"gold_loss":0},{"damage_healed":0,"gold_gain":0,"player_choice":"Success","damage_taken":12,"relics_obtained":["Ancient Tea Set"],"max_hp_gain":0,"max_hp_loss":0,"event_name":"Scrap Ooze","floor":12,"gold_loss":0}],"is_beta":false,"boss_relics":[{"not_picked":["Ectoplasm","Coffee Dripper"],"picked":"Fusion Hammer"}],"items_purged_floors":[],"is_endless":false,"potions_floor_spawned":[1,7,10,16,18],"killed_by":"Gremlin Leader","ascension_level":0}}