{"host":"8ztb9kwpjc2zof9s","time":1611120308,"event":{"mods":["BaseMod","Block Reminder","Curses Come First","Minty Spire (QoL Compilation)","Relic Stats","StSLib"],"gold_per_floor":[112,37,37,56,56,89,89,100,124,147,172,184,222,250,262,373,385,415,427,427],"floor_reached":19,"language":"ENG","playtime":713,"items_purged":["Strike_P"],"score":235,"play_id":"aa3b8db1-c73c-4142-90f0-6337efc8d4b7","local_time":"20210119212508","is_ascension_mode":true,"campfire_choices":[{"data":"Eruption","floor":7,"key":"SMITH"},{"data":"Establishment","floor":15,"key":"SMITH"}],"circlet_count":0,"master_deck":["Strike_P","Strike_P","Strike_P","Defend_P","Defend_P","Defend_P","Defend_P","Eruption+1","Vigilance","Wireheading","Consecrate","Meditate","Establishment+1","SandsOfTime"],"relics":["PureWater","NeowsBlessing","Omamori","MawBank","TungstenRod","VioletLotus"],"acts_visited":["Exordium","TheCity"],"potions_floor_usage":[13,14,16],"damage_taken":[{"damage":0,"enemies":"Cultist","floor":1,"turns":1},{"damage":0,"enemies":"Jaw Worm","floor":4,"turns":1},{"damage":0,"enemies":"3 Sentries","floor":6,"turns":2},{"damage":1,"enemies":"Small Slimes","floor":8,"turns":2},{"damage":0,"enemies":"Exordium Wildlife","floor":10,"turns":3},{"damage":0,"enemies":"Large Slime","floor":11,"turns":3},{"damage":35,"enemies":"Gremlin Nob","floor":13,"turns":5},{"damage":12,"enemies":"Exordium Thugs","floor":14,"turns":5},{"damage":13,"enemies":"The Guardian","floor":16,"turns":10},{"damage":66,"enemies":"3 Byrds","floor":18,"turns":8},{"damage":11,"enemies":"Shell Parasite","floor":19,"turns":2}],"seed_played":"-5183541845250104166","potions_obtained":[{"floor":1,"key":"Energy Potion"},{"floor":4,"key":"SteroidPotion"},{"floor":14,"key":"AttackPotion"}],"is_trial":false,"path_per_floor":["M","$","?","M","?","E","R","M","T","M","M","$","E","M","R","B",null,"M","M"],"character_chosen":"WATCHER","items_purchased":[],"campfire_rested":0,"item_purchase_floors":[],"current_hp_per_floor":[72,72,72,72,77,77,77,76,76,76,76,76,41,29,29,16,77,11,0,0],"gold":427,"neow_bonus":"THREE_ENEMY_KILL","is_daily":false,"chose_seed":false,"campfire_upgraded":2,"win_rate":0.0,"timestamp":1611120308,"path_taken":["M","?","?","M","?","E","R","M","T","M","M","$","E","?","R","BOSS","M","M"],"items_purchased_type":[],"build_version":"2020-12-22","purchased_purges":1,"victory":false,"max_hp_per_floor":[72,72,72,72,77,77,77,77,77,77,77,77,77,77,77,77,77,77,77,77],"relic_stats":{"counters":[11,42],"VioletLotus":[3],"MawBank":120,"obtain_stats":[{"NeowsBlessing":0,"VioletLotus":17,"Omamori":6,"PureWater":0,"MawBank":9,"TungstenRod":13},{"NeowsBlessing":0,"VioletLotus":9,"Omamori":3,"PureWater":0,"MawBank":4,"TungstenRod":7},{"NeowsBlessing":0,"VioletLotus":32,"Omamori":4,"PureWater":0,"MawBank":6,"TungstenRod":17}],"TungstenRod":40},"card_choices":[{"not_picked":["ReachHeaven","FearNoEvil"],"picked":"Wireheading","floor":1},{"not_picked":["JustLucky","Adaptation"],"picked":"Consecrate","floor":4},{"not_picked":["LikeWater","FollowUp","EmptyFist"],"picked":"SKIP","floor":6},{"not_picked":["EmptyFist","Consecrate","FlurryOfBlows"],"picked":"SKIP","floor":8},{"not_picked":["ForeignInfluence","Collect"],"picked":"Meditate","floor":10},{"not_picked":["Nirvana","Halt","Swivel"],"picked":"SKIP","floor":11},{"not_picked":["PathToVictory","Consecrate"],"picked":"Establishment","floor":13},{"not_picked":["SashWhip","Swivel","Wallop"],"picked":"SKIP","floor":14},{"not_picked":["Meditate+1","EmptyBody"],"picked":"SandsOfTime","floor":18}],"player_experience":265696,"relics_obtained":[{"floor":6,"key":"Omamori"},{"floor":9,"key":"MawBank"},{"floor":13,"key":"TungstenRod"}],"event_choices":[{"damage_healed":0,"gold_gain":0,"player_choice":"Leave","damage_taken":0,"max_hp_gain":0,"max_hp_loss":0,"event_name":"The Cleric","floor":3,"gold_loss":0},{"damage_healed":0,"gold_gain":0,"player_choice":"Donut","damage_taken":0,"max_hp_gain":5,"max_hp_loss":0,"event_name":"Big Fish","floor":5,"gold_loss":0}],"is_beta":false,"boss_relics":[{"not_picked":["Astrolabe","Coffee Dripper"],"picked":"VioletLotus"}],"items_purged_floors":[2],"is_endless":false,"potions_floor_spawned":[1,4,14],"killed_by":"Shell Parasite","ascension_level":3}}