{"host":"xc18ixkpjvqrt8st","time":1611161414,"event":{"mods":["Act Like it!","BaseMod","Better Match","Better Third Choice","Conspire","Hallownest","Hermit","Hubris","Infinite Spire","Minty Spire (QoL Compilation)","Replay The Spire","Robot Space Explorer","Shop Mod","Spicy Shops","StSLib","The Animator","The Jungle","The Marked"],"gold_per_floor":[122,122,297,324,335,335,350,378,378,378,401,10,24,37,37,138,138,138,138],"floor_reached":18,"language":"ENG","playtime":1084,"items_purged":[],"score":172,"play_id":"0d8e42dc-f9a8-4e6f-be0b-a16b275585cd","local_time":"20210120105014","is_ascension_mode":true,"campfire_choices":[{"floor":6,"key":"REST"},{"floor":10,"key":"REST"},{"floor":15,"key":"REST"}],"circlet_count":0,"master_deck":["animator:Strike_Katanagatari","animator:Defend_Katanagatari","animator:Strike","animator:Strike","animator:Strike","animator:Defend","animator:Defend+1","animator:Defend+1","animator:Azekura","animator:Emonzaemon","animator:Viivi","animator:Geryuganshoop","animator:MaesHughes","animator:EmiyaShirou","animator:Tatsumaki","animator:MisaKurobane","animator:Benimaru","animator:Shuna"],"relics":["animator:LivingPicture","animator:ColorlessFragment","War Paint","hubris:Icosahedron","Mirror","Replay:Drink Me"],"acts_visited":["Exordium","TheCity"],"potions_floor_usage":[8,16],"damage_taken":[{"damage":10,"enemies":"Cultist","floor":1,"turns":5},{"damage":7,"enemies":"Small Slimes","floor":4,"turns":4},{"damage":11,"enemies":"Jaw Worm","floor":5,"turns":6},{"damage":3,"enemies":"conspire:2 RoseBushes","floor":7,"turns":8},{"damage":16,"enemies":"3 Sentries","floor":8,"turns":12},{"damage":10,"enemies":"2 Fungi Beasts","floor":11,"turns":4},{"damage":12,"enemies":"Exordium Thugs","floor":13,"turns":5},{"damage":8,"enemies":"3 Louse","floor":14,"turns":3},{"damage":27,"enemies":"Slime Boss","floor":16,"turns":9},{"damage":0,"enemies":"Shell Parasite","floor":18,"turns":1}],"seed_played":"1769730713560066429","potions_obtained":[{"floor":5,"key":"Fire Potion"},{"floor":11,"key":"Languid Potion"},{"floor":14,"key":"Regen Potion"}],"is_trial":false,"path_per_floor":["M","?","?","M","M","R","M","E","T","R","M","$","M","M","R","B",null,"M"],"character_chosen":"THE_ANIMATOR","items_purchased":["animator:ColorlessFragment","animator:MisaKurobane"],"campfire_rested":3,"item_purchase_floors":[12,12],"current_hp_per_floor":[56,56,56,49,38,57,54,39,39,59,49,49,37,29,49,34,51,51,51],"gold":138,"neow_bonus":"RANDOM_COMMON_RELIC","is_daily":false,"chose_seed":false,"campfire_upgraded":0,"win_rate":0.0,"timestamp":1611161414,"path_taken":["M","?","?","M","M","R","M","E","T","R","M","$","?","M","R","BOSS","M"],"items_purchased_type":["Relic","Card"],"build_version":"2020-12-22","purchased_purges":0,"victory":false,"max_hp_per_floor":[66,66,66,66,66,66,66,67,67,67,67,67,67,67,67,67,51,51,51],"card_choices":[{"not_picked":["animator:Alexander","animator:Emonzaemon"],"picked":"animator:Viivi","floor":1},{"not_picked":["animator:Verdia","animator:MumenRider"],"picked":"animator:Geryuganshoop","floor":4},{"not_picked":["animator:ShinjiMatou","animator:Shion"],"picked":"animator:MaesHughes","floor":5},{"not_picked":["animator:Caster","animator:Rider"],"picked":"animator:EmiyaShirou","floor":7},{"not_picked":["animator:Shizu","animator:Verdia"],"picked":"animator:Tatsumaki","floor":8},{"not_picked":["animator:Souei","animator:ShinjiMatou"],"picked":"animator:MetalKnight","floor":11},{"not_picked":["animator:TsurugaMeisai","animator:Tatsumaki"],"picked":"animator:Benimaru","floor":13},{"not_picked":["animator:Kazuma","animator:ZankiKiguchi"],"picked":"animator:Shuna","floor":14},{"not_picked":["animator:Saber","animator:Boros"],"picked":"animator:Shizu","floor":16}],"player_experience":567463,"relics_obtained":[{"floor":8,"key":"Mirror"}],"event_choices":[{"damage_healed":0,"gold_gain":175,"player_choice":"AGREE","damage_taken":122,"max_hp_gain":0,"max_hp_loss":0,"event_name":"betterThird:BetterSerpent","floor":3,"gold_loss":0}],"is_beta":false,"boss_relics":[{"not_picked":["Honey Jar","Cursed Key"],"picked":"Replay:Drink Me"}],"items_purged_floors":[],"is_endless":false,"potions_floor_spawned":[5,11,14],"killed_by":"Shell Parasite","ascension_level":1}}