{"host":"0rxdudjy6rylha1k","time":1611182801,"event":{"mods":["Aspiration","BaseMod","Colored Map","Colored Powertips","Downfall","Highlight Path","Hubris","Minty Spire (QoL Compilation)","StSLib"],"gold_per_floor":[99,112,112,112,167,183,230,30,47,59,91,104,4,0,11,116,116,116,116,63,163,195,195,195,195,23,23,57,83,83,83,99,195,195,195,307,321,321,339,339,339,339,339,350,350,363,363,522,532,532,532,532],"floor_reached":50,"language":"ENG","playtime":4766,"items_purged":[],"score":531,"play_id":"8b52f6ff-d7d3-4bfb-91fc-9ec15b6d9a02","local_time":"20210120154641","is_ascension_mode":false,"campfire_choices":[{"floor":1.0,"key":"RECALL"},{"data":"hexamod:ForkedFlame","floor":8.0,"key":"SMITH"},{"data":"hexamod:Float","floor":13.0,"key":"SMITH"},{"floor":18.0,"key":"DIG"},{"floor":23.0,"key":"DIG"},{"floor":27.0,"key":"REST"},{"floor":30.0,"key":"REST"},{"floor":35.0,"key":"DIG"},{"floor":43.0,"key":"DIG"},{"floor":45.0,"key":"DIG"},{"floor":47.0,"key":"DIG"}],"circlet_count":0,"master_deck":["hexamod:Strike","hexamod:Strike","hexamod:Strike+1","hexamod:Strike","hexamod:Defend+1","hexamod:Defend","hexamod:Defend+1","hexamod:Defend","hexamod:Sear","hexamod:Float+1","hexamod:ThermalTransfer","hexamod:ForkedFlame+1","hexamod:PhantomFireball","hexamod:ExtraCrispy","hexamod:ThermalTransfer+1","hexamod:EmpoweredFlame","hexamod:ChargedBarrage","hexamod:WildfireWeapon","hexamod:TimeWarp","hexamod:AdvancingGuard","hexamod:FourthSeal","RitualDagger","hexamod:AdvancingGuard+1","hexamod:HexaLevel+1","hexamod:SixthSeal","hexamod:TimeWarp","hexamod:EmpoweredFlame","hexamod:FirstSeal","expansioncontent:YouAreMine"],"relics":["hexamod:SpiritBrand","hubris:Towel","PreservedInsect","downfall:HeartBlessingRed","downfall:HeartBlessingBlue","Juzu Bracelet","downfall:HeartBlessingGreen","hubris:Backtick","Shovel","Singing Bowl","Red Mask","Anchor","aspiration:AnachronicSnailShell","Vajra","Akabeko","Guardian:PocketSentry","hubris:Icosahedron","Bag of Preparation","aspiration:FetidBarrel","aspiration:StickyExplosives_weak","bronze:BronzeIdol","hubris:CuriousFeather","TungstenRod"],"acts_visited":["Exordium","TheCity","TheBeyond"],"potions_floor_usage":[49,49,49,49,49,50,50,50],"damage_taken":[{"damage":0.0,"enemies":"Jaw Worm","floor":2.0,"turns":3.0},{"damage":13.0,"enemies":"3 Sentries","floor":5.0,"turns":5.0},{"damage":0.0,"enemies":"2 Louse","floor":6.0,"turns":2.0},{"damage":0.0,"enemies":"Cultist","floor":9.0,"turns":2.0},{"damage":0.0,"enemies":"Exordium Wildlife","floor":10.0,"turns":3.0},{"damage":9.0,"enemies":"3 Sentries","floor":11.0,"turns":6.0},{"damage":0.0,"enemies":"2 Fungi Beasts","floor":12.0,"turns":3.0},{"damage":0.0,"enemies":"downfall:FleeingMerchant","floor":14.0,"turns":4.0},{"damage":2.0,"enemies":"Red Slaver","floor":15.0,"turns":3.0},{"damage":9.0,"enemies":"IC_STATUS_ARCHETYPE","floor":16.0,"turns":6.0},{"damage":0.0,"enemies":"downfall:FleeingMerchant","floor":20.0,"turns":4.0},{"damage":33.0,"enemies":"Masked Bandits","floor":22.0,"turns":5.0},{"damage":2.0,"enemies":"downfall:FleeingMerchant","floor":26.0,"turns":4.0},{"damage":65.0,"enemies":"Slavers","floor":28.0,"turns":7.0},{"damage":0.0,"enemies":"Chosen","floor":32.0,"turns":3.0},{"damage":19.0,"enemies":"WA_ARCHETYPE_CALM","floor":33.0,"turns":9.0},{"damage":3.0,"enemies":"3 Shapes","floor":36.0,"turns":8.0},{"damage":0.0,"enemies":"Orb Walker","floor":37.0,"turns":3.0},{"damage":4.0,"enemies":"Jaw Worm Horde","floor":39.0,"turns":5.0},{"damage":8.0,"enemies":"Maw","floor":44.0,"turns":7.0},{"damage":0.0,"enemies":"Transient","floor":46.0,"turns":5.0},{"damage":0.0,"enemies":"downfall:FleeingMerchant","floor":48.0,"turns":2.0},{"damage":5,"enemies":"Jaw Worm Horde","floor":49,"turns":4},{"damage":135,"enemies":"SI_POISON_ARCHETYPE","floor":50,"turns":5}],"seed_played":"1780216952679980014","potions_obtained":[{"floor":0.0,"key":"FearPotion"},{"floor":0.0,"key":"Slimebound:ThreeZeroPotion"},{"floor":0.0,"key":"hexamod:DoubleChargePotion"},{"floor":6.0,"key":"SteroidPotion"},{"floor":15.0,"key":"FearPotion"},{"floor":22.0,"key":"DuplicationPotion"},{"floor":26.0,"key":"hexamod:InfernoChargePotion"},{"floor":28.0,"key":"Strength Potion"},{"floor":28.0,"key":"SkillPotion"},{"floor":32.0,"key":"CultistPotion"},{"floor":33.0,"key":"PowerPotion"},{"floor":36.0,"key":"Dexterity Potion"},{"floor":36.0,"key":"hexamod:SoulburnPotion"},{"floor":39.0,"key":"Fruit Juice"},{"floor":44.0,"key":"LiquidMemories"},{"floor":46.0,"key":"PowerPotion"},{"floor":48.0,"key":"SteroidPotion"},{"floor":49,"key":"DistilledChaos"}],"is_trial":false,"path_per_floor":["R","M","?","?","?","M","T","R","M","M","E","M","R","$","M","B",null,"R","?","$","?","?","R","T","?","$","R","E","T","R","?","M","B",null,"R","M","M","?","M","?","T","?","R","M","R","M","R","$","M","B"],"character_chosen":"THE_SPIRIT","items_purchased":["hexamod:FourthSeal","Vajra","hexamod:FirstSeal","expansioncontent:YouAreMine"],"campfire_rested":2,"item_purchase_floors":[20,26,48,48],"current_hp_per_floor":[70,70,70,75,62,62,62,72,72,72,63,63,63,63,61,52,85,85,85,85,85,54,54,54,48,46,72,7,7,33,33,35,16,89,89,88,90,90,93,93,93,93,93,87,87,87,87,104,101,0,0,0],"gold":532,"neow_bonus":"THREE_SMALL_POTIONS","is_daily":false,"chose_seed":false,"campfire_upgraded":2,"win_rate":0.0,"timestamp":1611182801,"path_taken":["R","M","?","?","?","M","T","R","?","M","E","M","R","?","M","BOSS","R","?","$","?","?","R","T","?","$","R","E","?","R","?","M","BOSS","R","M","M","?","M","?","T","?","R","M","R","M","R","$","M","BOSS"],"items_purchased_type":["Card","Relic","Card","Card"],"build_version":"2020-12-22","purchased_purges":0,"victory":false,"max_hp_per_floor":[70,70,70,75,75,75,75,85,85,85,85,85,85,85,85,85,85,85,85,85,85,87,87,87,87,87,87,87,87,87,87,89,89,89,89,91,93,93,100,100,100,100,100,102,102,102,102,104,106,106,106,106],"card_choices":[{"not_picked":["hexamod:HauntingEcho","hexamod:NecessarySacrifice"],"picked":"hexamod:ThermalTransfer","floor":2.0},{"not_picked":["hexamod:InspiringFlames","hexamod:SecondSeal"],"picked":"hexamod:ForkedFlame","floor":5.0},{"not_picked":["hexamod:ShieldOfDarkness","hexamod:SpectersWail"],"picked":"hexamod:PhantomFireball","floor":6.0},{"not_picked":["hexamod:Haunt","hexamod:GhostLash","hexamod:RainOfEmbers"],"picked":"SKIP","floor":9.0},{"not_picked":["hexamod:PowerFromBeyond","hexamod:Hexaguard"],"picked":"hexamod:ExtraCrispy","floor":10.0},{"not_picked":["hexamod:PhantomFireball","hexamod:SpectersWail"],"picked":"hexamod:ThermalTransfer","floor":11.0},{"not_picked":["hexamod:GhostLash","hexamod:FastForward"],"picked":"hexamod:EmpoweredFlame","floor":12.0},{"not_picked":["hexamod:GhostShield","hexamod:HeatCrush"],"picked":"hexamod:ChargedBarrage","floor":14.0},{"not_picked":["hexamod:Hexaguard","hexamod:FlamesFromBeyond"],"picked":"hexamod:WildfireWeapon","floor":15.0},{"not_picked":["hexamod:SearingWound","hexamod:UnleashSpirits"],"picked":"hexamod:TimeWarp","floor":16.0},{"not_picked":["hexamod:HeatMetal+1","hexamod:NightmareGuise"],"picked":"hexamod:AdvancingGuard","floor":20.0},{"not_picked":["hexamod:FlamesFromBeyond","hexamod:Haunt","hexamod:HeatMetal"],"picked":"Singing Bowl","floor":22.0},{"not_picked":["hexamod:EmpoweredFlame","hexamod:HauntingEcho"],"picked":"hexamod:AdvancingGuard+1","floor":26.0},{"not_picked":["hexamod:SkipABeat+1","hexamod:PhantomCloak"],"picked":"hexamod:HexaLevel","floor":28.0},{"not_picked":["hexamod:HauntingEcho+1","hexamod:InspiringFlames","hexamod:NightmareGuise"],"picked":"Singing Bowl","floor":32.0},{"not_picked":["hexamod:TimeOfNeed","hexamod:ParanormalForm"],"picked":"hexamod:SixthSeal","floor":33.0},{"not_picked":["hexamod:Hexaguard","hexamod:RetreatToShadows+1","hexamod:SoulSteal+1"],"picked":"Singing Bowl","floor":36.0},{"not_picked":["hexamod:NightmareStrike+1","hexamod:Hexaguard+1","hexamod:RecurringNightmare+1"],"picked":"Singing Bowl","floor":37.0},{"not_picked":["hexamod:DynamicBlow","hexamod:FastForward","hexamod:GhostLash"],"picked":"Singing Bowl","floor":39.0},{"not_picked":["hexamod:GhostLash","hexamod:SwordOfDarkness","hexamod:SkipABeat+1"],"picked":"Singing Bowl","floor":44.0},{"not_picked":["hexamod:SuperheatedStrike","hexamod:ShieldOfDarkness"],"picked":"hexamod:EmpoweredFlame","floor":46.0},{"not_picked":["hexamod:NightmareStrike","hexamod:GhostShield+1","hexamod:Haunt"],"picked":"Singing Bowl","floor":48.0},{"not_picked":["hexamod:HeatMetal+1","hexamod:SwordOfDarkness+1","hexamod:BacktrackSmack"],"picked":"Singing Bowl","floor":49}],"player_experience":2644703,"relics_obtained":[{"floor":11.0,"key":"Juzu Bracelet"},{"floor":18.0,"key":"Singing Bowl"},{"floor":22.0,"key":"Red Mask"},{"floor":23.0,"key":"Anchor"},{"floor":24.0,"key":"aspiration:AnachronicSnailShell"},{"floor":28.0,"key":"Akabeko"},{"floor":29.0,"key":"Guardian:PocketSentry"},{"floor":35.0,"key":"Bag of Preparation"},{"floor":40.0,"key":"aspiration:FetidBarrel"},{"floor":41.0,"key":"aspiration:StickyExplosives_weak"},{"floor":43.0,"key":"bronze:BronzeIdol"},{"floor":45.0,"key":"hubris:CuriousFeather"},{"floor":47.0,"key":"TungstenRod"}],"event_choices":[{"damage_healed":0.0,"max_hp_gain":5.0,"max_hp_loss":0.0,"gold_gain":0.0,"event_name":"Big Fish","player_choice":"Donut","floor":4.0,"gold_loss":0.0,"damage_taken":0.0},{"damage_healed":0.0,"max_hp_gain":0.0,"max_hp_loss":0.0,"gold_gain":0.0,"event_name":"NoteForYourself","player_choice":"Ignored","floor":19.0,"gold_loss":0.0,"damage_taken":0.0},{"damage_healed":0.0,"max_hp_gain":0.0,"max_hp_loss":0.0,"gold_gain":0.0,"event_name":"Masked Bandits","player_choice":"Fought Bandits","floor":22.0,"gold_loss":0.0,"damage_taken":0.0}],"is_beta":false,"boss_relics":[{"not_picked":["bronze:MakeshiftBattery","aspiration:SilentSkillbook"],"picked":"hubris:Backtick"},{"not_picked":["Coffee Dripper","aspiration:RitualDagger","hubris:CrackedHourglass"]}],"items_purged_floors":[],"is_endless":false,"potions_floor_spawned":[2,6,15,22,28,36,39],"killed_by":"SI_POISON_ARCHETYPE","ascension_level":0}}