{"host":"8dhn6p16jorj0i1s","time":1611167390,"event":{"mods":["BaseMod","Colored Map","DeckTracker","Minty Spire (QoL Compilation)","Permanent Neow","Quick Restart"],"gold_per_floor":[136,188,243,274,334,334,362,362,362,437,480,303,303,303,303,423,423,464,484,484,497,542,570,570,602,602,602,602,195,195,39,39,164,164,204,221,221,285,87,113,113,154,200,242,242,267,278,337,337,362,362,362,62,87,87],"floor_reached":54,"language":"ENG","playtime":5198,"items_purged":["Shame","Defend_R","Defend_R","Parasite"],"score":1047,"play_id":"0284696c-7edf-4bde-b211-e8824a4eb9cf","local_time":"20210120192950","is_ascension_mode":true,"campfire_choices":[{"data":"HandOfGreed","floor":6.0,"key":"SMITH"},{"data":"Clothesline","floor":8.0,"key":"SMITH"},{"floor":15.0,"key":"REST"},{"data":"Spot Weakness","floor":24.0,"key":"SMITH"},{"data":"J.A.X.","floor":30.0,"key":"SMITH"},{"data":"PanicButton","floor":32.0,"key":"SMITH"},{"data":"Limit Break","floor":41.0,"key":"SMITH"},{"floor":49.0,"key":"RECALL"},{"data":"Pain","floor":52.0,"key":"PURGE"}],"circlet_count":0,"master_deck":["Defend_R+1","Defend_R+1","Bash","HandOfGreed+1","Clothesline+1","Sever Soul","Spot Weakness+1","Reaper","Bite","Bite","Bite","Bite","Bite","Shockwave+1","Ghostly Armor+1","Burning Pact+1","J.A.X.+1","PanicButton+1","Reaper","Limit Break+1","CurseOfTheBell","Feel No Pain","Impervious","Fiend Fire","Battle Trance+1","Sentinel+1","Dark Embrace+1","Power Through","Fire Breathing"],"relics":["Burning Blood","InkBottle","Art of War","Ancient Tea Set","Coffee Dripper","Blue Candle","HornCleat","Pantograph","Ornamental Fan","Bag of Marbles","DollysMirror","Calling Bell","Regal Pillow","Matryoshka","Peace Pipe","Blood Vial","Bag of Preparation","WarpedTongs","Calipers","War Paint"],"acts_visited":["Exordium","TheCity","TheBeyond","TheEnding"],"potions_floor_usage":[54],"damage_taken":[{"damage":7.0,"enemies":"Jaw Worm","floor":1.0,"turns":2.0},{"damage":2.0,"enemies":"2 Louse","floor":2.0,"turns":4.0},{"damage":6.0,"enemies":"Small Slimes","floor":3.0,"turns":4.0},{"damage":15.0,"enemies":"Blue Slaver","floor":4.0,"turns":5.0},{"damage":1.0,"enemies":"Gremlin Gang","floor":5.0,"turns":5.0},{"damage":43.0,"enemies":"Lagavulin","floor":7.0,"turns":9.0},{"damage":7.0,"enemies":"Large Slime","floor":11.0,"turns":5.0},{"damage":17.0,"enemies":"Hexaghost","floor":16.0,"turns":9.0},{"damage":7.0,"enemies":"Chosen","floor":18.0,"turns":4.0},{"damage":13.0,"enemies":"Shell Parasite","floor":19.0,"turns":5.0},{"damage":49.0,"enemies":"3 Cultists","floor":21.0,"turns":6.0},{"damage":39.0,"enemies":"Centurion and Healer","floor":22.0,"turns":7.0},{"damage":54.0,"enemies":"Book of Stabbing","floor":23.0,"turns":5.0},{"damage":33.0,"enemies":"Slavers","floor":25.0,"turns":5.0},{"damage":84.0,"enemies":"Champ","floor":33.0,"turns":11.0},{"damage":6.0,"enemies":"Orb Walker","floor":35.0,"turns":4.0},{"damage":24.0,"enemies":"3 Darklings","floor":36.0,"turns":5.0},{"damage":31.0,"enemies":"Sphere and 2 Shapes","floor":38.0,"turns":7.0},{"damage":30.0,"enemies":"Nemesis","floor":40.0,"turns":9.0},{"damage":7.0,"enemies":"Writhing Mass","floor":42.0,"turns":5.0},{"damage":33.0,"enemies":"Jaw Worm Horde","floor":44.0,"turns":5.0},{"damage":69.0,"enemies":"Giant Head","floor":46.0,"turns":7.0},{"damage":8.0,"enemies":"Transient","floor":47.0,"turns":5.0},{"damage":14.0,"enemies":"Nemesis","floor":48.0,"turns":7.0},{"damage":59.0,"enemies":"Donu and Deca","floor":50.0,"turns":6.0},{"damage":62,"enemies":"Shield and Spear","floor":54,"turns":5}],"seed_played":"-1851115784490064971","potions_obtained":[{"floor":1.0,"key":"SteroidPotion"},{"floor":5.0,"key":"Explosive Potion"},{"floor":21.0,"key":"LiquidMemories"},{"floor":22.0,"key":"BloodPotion"},{"floor":25.0,"key":"Explosive Potion"},{"floor":35.0,"key":"SteroidPotion"},{"floor":36.0,"key":"FearPotion"},{"floor":38.0,"key":"EssenceOfSteel"},{"floor":44.0,"key":"LiquidMemories"},{"floor":48.0,"key":"DistilledChaos"}],"is_trial":false,"path_per_floor":["M","M","M","M","M","R","E","R","T","?","M","$","?","?","R","B",null,"M","M","?","M","M","E","R","E","T","?","T","$","R","$","R","B",null,"M","M","?","M","$","E","R","M","T","M","?","E","M","E","R","B",null,"R","$","E"],"character_chosen":"IRONCLAD","items_purchased":["BlessingOfTheForge","Block Potion","Bag of Marbles","PanicButton","Regen Potion","DollysMirror","Fiend Fire","Power Through","Fire Breathing"],"campfire_rested":1,"item_purchase_floors":[12,12,29,29,29,31,39,53,53],"current_hp_per_floor":[71,75,75,66,71,71,34,34,34,23,22,22,22,6,30,19,65,64,57,56,40,34,11,11,15,15,15,15,15,15,15,15,13,45,56,56,56,35,35,56,56,56,56,50,50,37,56,56,56,56,56,56,53,0,0],"gold":87,"neow_bonus":"RANDOM_COLORLESS_2","is_daily":false,"chose_seed":false,"campfire_upgraded":6,"win_rate":0.0,"timestamp":1611167390,"path_taken":["M","M","M","M","M","R","E","R","T","?","M","$","?","?","R","BOSS","M","M","?","M","M","E","R","E","T","?","?","$","R","$","R","BOSS","M","?","?","M","?","E","R","M","T","M","?","E","M","E","R","BOSS","R","$","E"],"items_purchased_type":["Potion","Potion","Relic","Card","Potion","Relic","Card","Card","Card"],"build_version":"2020-12-22","purchased_purges":4,"victory":false,"max_hp_per_floor":[80,80,80,80,80,80,80,80,80,80,80,80,80,80,80,80,80,80,80,56,56,56,56,56,56,56,56,56,56,56,56,56,56,56,56,56,56,56,56,56,56,56,56,56,56,56,56,56,56,56,56,56,53,53,53],"card_choices":[{"not_picked":["Violence","Chrysalis"],"picked":"HandOfGreed","floor":0.0},{"not_picked":["Shrug It Off","Warcry"],"picked":"Clothesline","floor":1.0},{"not_picked":["Evolve","Cleave","Wild Strike"],"picked":"SKIP","floor":2.0},{"not_picked":["Thunderclap","Perfected Strike","Infernal Blade"],"picked":"SKIP","floor":3.0},{"not_picked":["Seeing Red","Shrug It Off"],"picked":"Sever Soul","floor":4.0},{"not_picked":["Iron Wave","Perfected Strike","Evolve"],"picked":"SKIP","floor":5.0},{"not_picked":["Warcry","Pummel","Armaments"],"picked":"SKIP","floor":7.0},{"not_picked":["Corruption","Flex"],"picked":"Spot Weakness","floor":11.0},{"not_picked":["Corruption","Impervious"],"picked":"Reaper","floor":16.0},{"not_picked":["Twin Strike+1","Perfected Strike+1","Anger"],"picked":"SKIP","floor":18.0},{"not_picked":["Cleave","Perfected Strike","Shrug It Off+1"],"picked":"SKIP","floor":19.0},{"not_picked":["Burning Pact","Shrug It Off","Thunderclap"],"picked":"SKIP","floor":21.0},{"not_picked":["Intimidate","Clothesline"],"picked":"Shockwave","floor":22.0},{"not_picked":["Berserk","Clash"],"picked":"Ghostly Armor+1","floor":23.0},{"not_picked":["Perfected Strike","Headbutt"],"picked":"Burning Pact+1","floor":25.0},{"not_picked":["Reaper","Brutality"],"picked":"Limit Break","floor":33.0},{"not_picked":["Reckless Charge","Anger","Wild Strike+1"],"picked":"SKIP","floor":35.0},{"not_picked":["Clash+1","Anger+1","Rupture"],"picked":"SKIP","floor":36.0},{"not_picked":["Combust","Sever Soul+1","Carnage+1"],"picked":"SKIP","floor":38.0},{"not_picked":["Headbutt","Body Slam"],"picked":"Battle Trance+1","floor":40.0},{"not_picked":["Clothesline","Anger+1","Clash"],"picked":"SKIP","floor":42.0},{"not_picked":["Pommel Strike","Sever Soul+1"],"picked":"Sentinel+1","floor":44.0},{"not_picked":["Clothesline+1","Barricade","Pommel Strike"],"picked":"SKIP","floor":46.0},{"not_picked":["Clothesline+1","Perfected Strike","Cleave"],"picked":"SKIP","floor":47.0},{"not_picked":["Fire Breathing","Armaments+1"],"picked":"Dark Embrace+1","floor":48.0}],"player_experience":422124,"relics_obtained":[{"floor":7.0,"key":"InkBottle"},{"floor":9.0,"key":"Art of War"},{"floor":23.0,"key":"Blue Candle"},{"floor":25.0,"key":"HornCleat"},{"floor":26.0,"key":"Pantograph"},{"floor":28.0,"key":"Ornamental Fan"},{"floor":34.0,"key":"Regal Pillow"},{"floor":34.0,"key":"Matryoshka"},{"floor":34.0,"key":"Peace Pipe"},{"floor":40.0,"key":"Blood Vial"},{"floor":43.0,"key":"Bag of Preparation"},{"floor":46.0,"key":"Calipers"},{"floor":48.0,"key":"War Paint"}],"event_choices":[{"damage_healed":0.0,"max_hp_gain":0.0,"max_hp_loss":0.0,"gold_gain":75.0,"event_name":"World of Goop","player_choice":"Gather Gold","floor":10.0,"gold_loss":0.0,"damage_taken":11.0},{"damage_healed":0.0,"max_hp_gain":0.0,"max_hp_loss":0.0,"gold_gain":0.0,"event_name":"Dead Adventurer","player_choice":"Searched \u00272\u0027 times","floor":13.0,"gold_loss":0.0,"damage_taken":0.0,"relics_obtained":["Ancient Tea Set"]},{"damage_healed":0.0,"max_hp_gain":0.0,"max_hp_loss":0.0,"gold_gain":0.0,"event_name":"Shining Light","player_choice":"Entered Light","floor":14.0,"gold_loss":0.0,"damage_taken":16.0,"cards_upgraded":["Strike_R","Defend_R"]},{"damage_healed":0.0,"max_hp_gain":0.0,"max_hp_loss":24.0,"gold_gain":0.0,"event_name":"Vampires","player_choice":"Became a vampire","floor":20.0,"gold_loss":0.0,"damage_taken":0.0,"cards_obtained":["Bite","Bite","Bite","Bite","Bite"]},{"damage_healed":0.0,"max_hp_gain":0.0,"max_hp_loss":0.0,"gold_gain":0.0,"event_name":"Drug Dealer","player_choice":"Obtain J.A.X.","floor":27.0,"gold_loss":0.0,"damage_taken":0.0,"cards_obtained":["J.A.X."]},{"damage_healed":0.0,"max_hp_gain":0.0,"max_hp_loss":0.0,"gold_gain":0.0,"event_name":"Match and Keep!","player_choice":"2 cards matched","floor":37.0,"gold_loss":0.0,"damage_taken":0.0,"cards_obtained":["Feel No Pain","Impervious"]},{"damage_healed":0.0,"max_hp_gain":0.0,"max_hp_loss":0.0,"gold_gain":0.0,"event_name":"Accursed Blacksmith","player_choice":"Rummage","floor":45.0,"gold_loss":0.0,"damage_taken":0.0,"relics_obtained":["WarpedTongs"],"cards_obtained":["Pain"]}],"is_beta":false,"boss_relics":[{"not_picked":["SlaversCollar","Busted Crown"],"picked":"Coffee Dripper"},{"not_picked":["Runic Cube","Black Blood"],"picked":"Calling Bell"}],"items_purged_floors":[12,29,39,53],"is_endless":false,"potions_floor_spawned":[1,5,21,22,25,35,36,38,44,48],"killed_by":"Shield and Spear","ascension_level":6}}