{"host":"i0avyit1s6jb1siw","time":1611132809,"event":{"mods":["BaseMod","DeckTracker","Dota2Spire","Highlight Path","Minty Spire (QoL Compilation)","Quick Restart","StSLib","SuperFastMode"],"gold_per_floor":[118,118,43,61,61,94,94,113,140,140,159,159,70,84,97,97,176,176,196,196,208,258,183,183,196,96,96,149,149,149],"floor_reached":29,"language":"ENG","playtime":333,"items_purged":["Pain","Strike_P"],"score":596,"play_id":"8366ec26-13a5-4142-b86d-34a9567a6764","local_time":"20210120095329","is_ascension_mode":true,"campfire_choices":[{"data":"Eruption","floor":7,"key":"SMITH"},{"data":"ReachHeaven","floor":12,"key":"SMITH"},{"data":"Tantrum","floor":16,"key":"SMITH"},{"floor":24,"key":"REST"}],"circlet_count":0,"master_deck":["AscendersBane","Strike_P","Strike_P+1","Defend_P","Defend_P","Defend_P","Defend_P","Eruption+1","Vigilance","FollowUp+1","ReachHeaven+1","Prostrate","Tantrum+1","Pray","Vault","Pray","WheelKick","InnerPeace"],"relics":["PureWater","NeowsBlessing","WarpedTongs","Damaru","Potion Belt","Dota2Spire:Desolator","SlaversCollar","Gremlin Horn"],"acts_visited":["Exordium","TheCity"],"potions_floor_usage":[17],"damage_taken":[{"damage":0,"enemies":"Jaw Worm","floor":1,"turns":1},{"damage":0,"enemies":"Cultist","floor":4,"turns":1},{"damage":0,"enemies":"3 Sentries","floor":6,"turns":2},{"damage":3,"enemies":"Small Slimes","floor":8,"turns":3},{"damage":0,"enemies":"Exordium Wildlife","floor":11,"turns":1},{"damage":3,"enemies":"Looter","floor":14,"turns":2},{"damage":0,"enemies":"3 Louse","floor":15,"turns":2},{"damage":0,"enemies":"Hexaghost","floor":17,"turns":5},{"damage":2,"enemies":"Spheric Guardian","floor":19,"turns":3},{"damage":40,"enemies":"3 Byrds","floor":21,"turns":4},{"damage":19,"enemies":"Shelled Parasite and Fungi","floor":25,"turns":3},{"damage":36,"enemies":"Snecko","floor":29,"turns":2}],"seed_played":"-732975568809874833","potions_obtained":[{"floor":4,"key":"FearPotion"},{"floor":6,"key":"Dexterity Potion"},{"floor":17,"key":"Regen Potion"},{"floor":21,"key":"SpeedPotion"},{"floor":25,"key":"Explosive Potion"}],"is_trial":false,"path_per_floor":["M","?","$","M","?","E","R","M","T","T","M","R","$","M","M","R","B",null,"M","?","M","?","?","R","M","$","T","T","M"],"character_chosen":"WATCHER","items_purchased":["Tantrum"],"campfire_rested":1,"item_purchase_floors":[13],"current_hp_per_floor":[61,61,61,61,41,41,41,38,38,38,38,38,38,35,35,35,35,60,58,58,18,18,18,38,19,19,19,19,0,0],"gold":149,"neow_bonus":"THREE_ENEMY_KILL","is_daily":false,"chose_seed":false,"campfire_upgraded":3,"win_rate":0.0,"timestamp":1611132809,"path_taken":["M","?","?","M","?","E","R","M","T","T","M","R","$","M","M","R","BOSS","M","?","M","?","?","R","M","$","T","T","M"],"items_purchased_type":["Card"],"build_version":"2020-12-22","purchased_purges":2,"victory":false,"max_hp_per_floor":[68,68,68,68,68,68,68,68,68,68,68,68,68,68,68,68,68,68,68,68,68,68,68,68,68,68,68,68,68,68],"card_choices":[{"not_picked":["JustLucky","Crescendo","WindmillStrike"],"picked":"SKIP","floor":1},{"not_picked":["InnerPeace","JustLucky"],"picked":"FollowUp","floor":4},{"not_picked":["ConjureBlade","Protect"],"picked":"ReachHeaven","floor":6},{"not_picked":["Weave","ThirdEye"],"picked":"Prostrate","floor":8},{"not_picked":["Fasting2","Consecrate","WreathOfFlame"],"picked":"SKIP","floor":11},{"not_picked":["PathToVictory","Study","Consecrate"],"picked":"SKIP","floor":14},{"not_picked":["FlyingSleeves","Conclude"],"picked":"Pray","floor":15},{"not_picked":["Establishment","ConjureBlade"],"picked":"Vault","floor":17},{"not_picked":["Evaluate","CrushJoints","ClearTheMind"],"picked":"SKIP","floor":19},{"not_picked":["SashWhip+1","FlyingSleeves"],"picked":"WheelKick","floor":21},{"not_picked":["PathToVictory","Consecrate"],"picked":"InnerPeace","floor":25}],"player_experience":2302074,"relics_obtained":[{"floor":6,"key":"Damaru"},{"floor":9,"key":"Potion Belt"},{"floor":10,"key":"Dota2Spire:Desolator"},{"floor":27,"key":"Gremlin Horn"}],"event_choices":[{"damage_healed":0,"gold_gain":0,"player_choice":"Rummage","damage_taken":0,"relics_obtained":["WarpedTongs"],"max_hp_gain":0,"max_hp_loss":0,"event_name":"Accursed Blacksmith","floor":2,"gold_loss":0,"cards_obtained":["Pain"]},{"damage_healed":0,"gold_gain":0,"player_choice":"Entered Light","damage_taken":20,"max_hp_gain":0,"max_hp_loss":0,"event_name":"Shining Light","floor":5,"gold_loss":0,"cards_upgraded":["FollowUp","Strike_P"]},{"damage_healed":0,"gold_gain":0,"player_choice":"Read","damage_taken":0,"max_hp_gain":0,"max_hp_loss":0,"event_name":"The Library","floor":20,"gold_loss":0,"cards_obtained":["Pray"]},{"damage_healed":0,"gold_gain":50,"player_choice":"Stole From Cult","damage_taken":0,"max_hp_gain":0,"max_hp_loss":0,"event_name":"Nest","floor":22,"gold_loss":0},{"cards_removed":["Strike_P"],"damage_healed":0,"gold_gain":0,"player_choice":"Gave Gold","damage_taken":0,"max_hp_gain":0,"max_hp_loss":0,"event_name":"Beggar","floor":23,"gold_loss":75}],"is_beta":false,"boss_relics":[{"not_picked":["Cursed Key","Tiny House"],"picked":"SlaversCollar"}],"items_purged_floors":[3,26],"is_endless":false,"potions_floor_spawned":[4,6,17,21,25],"killed_by":"Snecko","ascension_level":20}}