{"host":"kq2g769nefmuyn7c","time":1611131028,"event":{"mods":["ATMod(°¢èªMod)","Act Like it!","BaseMod","Gensokyo","Koishi","Minty Spire (QoL Compilation)","Remilia£¨ÀÙÃ×ÀòÑÇ£©","Replay The Spire","StSLib","The Servant 0.9.4"],"gold_per_floor":[117,129,129,148,172,172,202,202,202,202,252,279,308,323,323,398,398,410,410,410,428,428,455,92,117,117,134,147,181,181,181,181,252,252,270,270,270,270,320,411,449,494,494,582,665,704,704,739,739,787,787,787,65,145,201],"floor_reached":56,"language":"ZHS","playtime":5185,"items_purged":["Strike_RM","Gluttony_TH"],"score":2972,"play_id":"bdb2724b-7e60-4738-917c-c4d3887ebe8d","local_time":"20210120162348","is_ascension_mode":true,"campfire_choices":[{"data":"AT_FamilyPortrait","floor":6.0,"key":"SMITH"},{"data":"ScarletNetherworld","floor":8.0,"key":"SMITH"},{"data":"VampirishNight","floor":10.0,"key":"SMITH"},{"data":"GlobalNightmare","floor":15.0,"key":"SMITH"},{"data":"QueenOfMidnight","floor":32.0,"key":"SMITH"},{"floor":49,"key":"RECALL"},{"data":"ReplayTheSpireMod:Faulty Equipment","floor":52,"key":"SMITH"}],"circlet_count":0,"master_deck":["AscendersBane","RedMoon","AT_FamilyPortrait+1","Ultimatum","ScarletNetherworld+1","VampireClaw","VampireFantasy","ForbiddenFruit","HunterOfTheNight","DiffusionOfMisfortune","GlobalNightmare+1","Stigmanizer","ForecastOfChange","TricksterDevil+1","ScarletGensokyo+1","LeisurelyOfLord+1","FitfulNightmare","Gensokyo:ManorOfTheDishes","ReincarnationDial","BloodAndWine","MillenniumVampire","AfternoonTea","MiserableFate","BloodyHallows","Injury","ReplayTheSpireMod:Restless Dread","Gensokyo:MorningStar+1","CommonCold","DevilSight+1","BloodyCatastrophe","Spreading Infection","ChainGang+1","Midas Touch","ReplayTheSpireMod:Doomed"],"relics":["ScarletHat","AT_ATBox","FossilizedHelix","Replay:Bottled Steam","Orichalcum","Ornamental Fan","Toy Ornithopter","Anchor","Prayer Wheel","Astrolabe","Gensokyo:MosesMiracle","Blood Vial","AT_BellowingDragoncrestRing","ReplayTheSpireMod:Ninjato","Torii","Potion Belt","Turnip","Kintsugi","Replay:Towering Pillar of Hats","Gensokyo:DualWield","Ring of Panic","Ring of Greed","Replay:Bandana","Tiny Chest","Thread and Needle","Bag of Preparation","Iron Hammer","AT_ForceNature","AT_ChloranthyRing","ReplayTheSpireMod:Shallot","Golden Egg"],"acts_visited":["Gensokyo:Gensokyo","Gensokyo:Gensokyoer","Gensokyo:Gensokyoest","TheEnding"],"potions_floor_usage":[38,38,38,38,55],"damage_taken":[{"damage":5.0,"enemies":"Gensokyo:Gryphon","floor":1.0,"turns":4.0},{"damage":3.0,"enemies":"Gensokyo:3_Fairies","floor":2.0,"turns":6.0},{"damage":2.0,"enemies":"Gensokyo:2_Kodama","floor":4.0,"turns":8.0},{"damage":0.0,"enemies":"Gensokyo:Mamizou","floor":7.0,"turns":5.0},{"damage":13.0,"enemies":"Gensokyo:Cirno","floor":11.0,"turns":7.0},{"damage":13.0,"enemies":"Gensokyo:Aya","floor":13.0,"turns":4.0},{"damage":23.0,"enemies":"Gensokyo:2_Rabbits","floor":14.0,"turns":7.0},{"damage":0.0,"enemies":"Gensokyo:Reimu","floor":16.0,"turns":7.0},{"damage":0.0,"enemies":"Gensokyo:2_Gloops","floor":18.0,"turns":4.0},{"damage":3.0,"enemies":"Gensokyo:Chomper","floor":21.0,"turns":9.0},{"damage":15.0,"enemies":"Gensokyo:Koishi","floor":23.0,"turns":10.0},{"damage":14.0,"enemies":"Gensokyo:Reisen","floor":25.0,"turns":11.0},{"damage":3.0,"enemies":"Gensokyo:Slime_Group","floor":27.0,"turns":7.0},{"damage":10.0,"enemies":"Gensokyo:Mirror_and_Dog","floor":28.0,"turns":6.0},{"damage":36.0,"enemies":"Gensokyo:Tenshi","floor":29.0,"turns":2.0},{"damage":13,"enemies":"Gensokyo:Eiki","floor":33,"turns":15},{"damage":11,"enemies":"Gensokyo:3_Boulders","floor":35,"turns":5},{"damage":0,"enemies":"Gensokyo:3_Boulders","floor":38,"turns":8},{"damage":2,"enemies":"Gensokyo:Doremy","floor":40,"turns":6},{"damage":0,"enemies":"Gensokyo:AncientGuardian","floor":41,"turns":4},{"damage":1,"enemies":"Gensokyo:Marisa","floor":42,"turns":7},{"damage":1,"enemies":"Gensokyo:Kasen","floor":44,"turns":5},{"damage":14,"enemies":"Gensokyo:3_Boulders","floor":45,"turns":4},{"damage":1,"enemies":"Gensokyo:Doremy","floor":46,"turns":8},{"damage":0,"enemies":"Gensokyo:Sharpion","floor":48,"turns":5},{"damage":0,"enemies":"Gensokyo:Shinki","floor":50,"turns":5},{"damage":0,"enemies":"Shield and Spear","floor":54,"turns":2},{"damage":0,"enemies":"The Heart","floor":55,"turns":5}],"seed_played":"-479708729056292956","potions_obtained":[{"floor":2.0,"key":"ColorlessPotion"},{"floor":13.0,"key":"ColorlessPotion"},{"floor":14.0,"key":"Flashbang"},{"floor":16.0,"key":"ColorlessPotion"},{"floor":18.0,"key":"PowerPotion"},{"floor":25.0,"key":"FearPotion"},{"floor":40,"key":"Energy Potion"},{"floor":41,"key":"ColorlessPotion"},{"floor":42,"key":"Weak Potion"},{"floor":48,"key":"Languid Potion"},{"floor":54,"key":"PowerPotion"}],"is_trial":false,"path_per_floor":["M","M","?","M","?","R","E","R","T","R","E","T","E","M","R","B",null,"M","?","?","M","?","E","$","E","T","M","M","E","?","?","R","B",null,"M","?","?","?","?","E","M","E","T","E","M","E","?","M","R","B",null,"R","$","E","B",null],"character_chosen":"REMILIA","items_purchased":["AT_BellowingDragoncrestRing","AT_ChloranthyRing","Midas Touch","ReplayTheSpireMod:Shallot"],"campfire_rested":0,"item_purchase_floors":[24,53,53,53],"current_hp_per_floor":[58,55,62,65,39,39,46,46,46,46,46,46,45,25,25,47,72,80,80,71,71,71,63,63,71,71,68,71,49,49,49,49,64,64,56,24,24,24,24,64,64,64,64,64,53,64,64,64,64,64,64,64,64,64,64],"gold":201,"neow_bonus":"TRANSFORM_CARD","is_daily":false,"chose_seed":false,"campfire_upgraded":6,"win_rate":0.0,"timestamp":1611131028,"path_taken":["M","M","?","M","?","R","E","R","T","R","E","?","E","M","R","BOSS","M","?","?","M","?","E","$","E","T","M","?","E","?","?","R","BOSS","M","?","?","?","?","E","M","E","T","E","?","E","?","?","R","BOSS","R","$","E","BOSS"],"items_purchased_type":["Relic","Relic","Card","Relic"],"build_version":"2020-12-22","purchased_purges":2,"victory":true,"max_hp_per_floor":[70,70,77,80,80,80,80,80,80,80,80,80,80,80,80,80,80,80,80,71,71,71,71,71,71,71,71,71,71,71,64,64,64,64,64,64,64,64,64,64,64,64,64,64,64,64,64,64,64,64,64,64,64,64,64],"card_choices":[{"not_picked":["BloodAndWine","MastersStateliness"],"picked":"ScarletNetherworld","floor":1.0},{"not_picked":["ForbiddenFruit","RedRainbow"],"picked":"VampireClaw","floor":1.0},{"not_picked":["CharismaGuard","BlasphemousPunishment"],"picked":"VampireKiss","floor":2.0},{"not_picked":["RedMagic","ScarletImprint","MastersStateliness"],"picked":"SKIP","floor":4.0},{"not_picked":["ScarletImprint","ScarletDevil"],"picked":"VampirishNight","floor":5.0},{"not_picked":["BloodyMagicSquare","ChaoticDestiny"],"picked":"VampireFantasy","floor":7.0},{"not_picked":["BombardNight","ScarletDevil"],"picked":"ForbiddenFruit","floor":7.0},{"not_picked":["EndlessAdversity","BloodHunter"],"picked":"HunterOfTheNight","floor":11.0},{"not_picked":["SuperhumanBloodyKnife","BlasphemousPunishment"],"picked":"DiffusionOfMisfortune","floor":13.0},{"not_picked":["ScarletDevil","MastersStateliness","CharismaGuard"],"picked":"SKIP","floor":13.0},{"not_picked":["RedMagic","CharismaGuard"],"picked":"GlobalNightmare","floor":14.0},{"not_picked":["ScarletDream","BlasphemousPunishment"],"picked":"Stigmanizer","floor":14.0},{"not_picked":["UnderTheZenith","DiffusionOfMisfortune","ScarletImprint"],"picked":"SKIP","floor":14.0},{"not_picked":["BloodySeventeenLaser","KillingBlow"],"picked":"ForecastOfChange","floor":16.0},{"not_picked":["StarOfDavid","RedRainbow"],"picked":"LeisurelyOfLord+1","floor":18.0},{"not_picked":["StarOfDavid","BlasphemousPunishment"],"picked":"FitfulNightmare","floor":18.0},{"not_picked":["Gensokyo:RedCapeBlueCape","Gensokyo:Doppelganger"],"picked":"Gensokyo:ManorOfTheDishes","floor":20.0},{"not_picked":["ScarletDevil","HeartBreak"],"picked":"ReincarnationDial","floor":21.0},{"not_picked":["ScarletImprint","NightLord","MastersStateliness"],"picked":"SKIP","floor":21.0},{"not_picked":["VampireKiss","StarOfDavid"],"picked":"MillenniumVampire","floor":23.0},{"not_picked":["Maim","BombardNight","FitfulNightmare"],"picked":"SKIP","floor":23.0},{"not_picked":["UltimateOffering","RedRainbow","UnstableMagic+1"],"picked":"SKIP","floor":25.0},{"not_picked":["VampirishNight","BloodHunter","GlobalNightmare"],"picked":"SKIP","floor":27.0},{"not_picked":["TwelveNightmare","StarOfDavid","CharismaGuard"],"picked":"SKIP","floor":27.0},{"not_picked":["VampirishNight","VampireFantasy"],"picked":"AfternoonTea","floor":28.0},{"not_picked":["EndlessAdversity","BlasphemousPunishment","RedMagic"],"picked":"SKIP","floor":28.0},{"not_picked":["ScarletImprint","BadLadyScramble"],"picked":"MiserableFate","floor":29.0},{"not_picked":["BatForm","CurseOfVladTepes"],"picked":"BloodyHallows","floor":33},{"not_picked":["MastersStateliness","ScarletGensokyo","BloodyTrap"],"picked":"SKIP","floor":35},{"not_picked":["UnderTheZenith+1","ScarletImprint","BloodAndWine"],"picked":"SKIP","floor":35},{"not_picked":["Gensokyo:RainbowDanmaku+1","Gensokyo:UnhurriedMind+1"],"picked":"Gensokyo:MorningStar+1","floor":38},{"not_picked":["StarOfDavid+1","BlasphemousPunishment"],"picked":"DevilSight+1","floor":40},{"not_picked":["HellCatastrophe","ScarletDevil","ScarletImprint+1"],"picked":"SKIP","floor":41},{"not_picked":["EmergencyRegeneration+1","SuperhumanBloodyKnife","CharismaGuard"],"picked":"SKIP","floor":41},{"not_picked":["ScarletDream+1","BlasphemousPunishment","CharismaGuard+1"],"picked":"SKIP","floor":42},{"not_picked":["UltimateOffering","TricksterDevil"],"picked":"BloodyCatastrophe","floor":44},{"not_picked":["SuperhumanBloodyKnife","MillenniumVampire","GlobalNightmare"],"picked":"SKIP","floor":45},{"not_picked":["BadLadyScramble","RedMagic+1","Stigmanizer"],"picked":"SKIP","floor":45},{"not_picked":["BlasphemousPunishment","Stigmanizer","UnderTheZenith"],"picked":"SKIP","floor":46},{"not_picked":["BlasphemousPunishment+1","DiffusionOfMisfortune"],"picked":"ChainGang+1","floor":48},{"not_picked":["BlasphemousPunishment+1","EndlessAdversity","ScarletImprint"],"picked":"SKIP","floor":48},{"not_picked":["ScarletDevil","Stigmanizer","ForecastOfChange"],"picked":"SKIP","floor":54}],"player_experience":294489,"relics_obtained":[{"floor":5.0,"key":"FossilizedHelix"},{"floor":7.0,"key":"Replay:Bottled Steam"},{"floor":9.0,"key":"Orichalcum"},{"floor":11.0,"key":"Ornamental Fan"},{"floor":12.0,"key":"Toy Ornithopter"},{"floor":13.0,"key":"Anchor"},{"floor":23.0,"key":"Blood Vial"},{"floor":25.0,"key":"Gensokyo:MosesMiracle"},{"floor":25.0,"key":"ReplayTheSpireMod:Ninjato"},{"floor":26.0,"key":"Torii"},{"floor":29.0,"key":"Potion Belt"},{"floor":39,"key":"Ring of Panic"},{"floor":39,"key":"Ring of Greed"},{"floor":39,"key":"Replay:Bandana"},{"floor":39,"key":"Tiny Chest"},{"floor":40,"key":"Thread and Needle"},{"floor":42,"key":"Bag of Preparation"},{"floor":44,"key":"Iron Hammer"},{"floor":46,"key":"AT_ForceNature"},{"floor":54,"key":"Golden Egg"}],"event_choices":[],"is_beta":false,"boss_relics":[{"not_picked":["Abe\u0027s Treasure","Coffee Dripper"],"picked":"Astrolabe"},{"not_picked":["Ring of Chaos","ChewingGum"],"picked":"Kintsugi"}],"items_purged_floors":[24,53],"is_endless":false,"potions_floor_spawned":[2,4,13,14,16,18,21,27,40,41,42,48,54],"ascension_level":16}}