{"host":"xm0tf1maiknh0fp9","time":1611156784,"event":{"mods":["BaseMod","Colored Map","Colored Powertips","Googly Eyes","Minty Spire (QoL Compilation)","Replay The Spire","StSLib"],"gold_per_floor":[116,135,155,174,174,174,206,206,206,239,10,22,22,38,38,133,133,144,200,200,4,14,14,30,59,125,153,165,32,32,52,52,150,150,165,184,184,196,43,68,68,68,68,122,122,54,54,84,84,84,84],"floor_reached":50,"language":"ENG","playtime":1463,"items_purged":[],"score":657,"play_id":"6c18fff1-6413-467d-9eb9-b95620af6acb","local_time":"20210120103304","is_ascension_mode":true,"campfire_choices":[{"data":"Bash","floor":6.0,"key":"SMITH"},{"data":"Feed","floor":8.0,"key":"SMITH"},{"data":"Searing Blow","floor":13.0,"key":"SMITH"},{"data":"Searing Blow+1","floor":15.0,"key":"SMITH"},{"data":"Searing Blow+2","floor":23.0,"key":"SMITH"},{"floor":32.0,"key":"REST"},{"data":"Heavy Blade","floor":47.0,"key":"SMITH"},{"data":"Searing Blow+3","floor":49.0,"key":"SMITH"}],"circlet_count":0,"master_deck":["Strike_R","Strike_R","Strike_R","Strike_R","Strike_R","Defend_R","Defend_R","Defend_R","Defend_R","Bash+1","Perfected Strike+1","Feed+1","Wild Strike","Inflame","Searing Blow+4","Perfected Strike+1","Perfected Strike+1","Wild Strike","ReplayTheSpireMod:LeadingStrike+1","ReplayTheSpireMod:Faulty Equipment","ReplayTheSpireMod:Faulty Equipment","CommonCold","Heavy Blade+1","Replay:Many Hands+1","Pommel Strike+1"],"relics":["Burning Blood","Mango","Replay:WaspNest","Garlic","Pet Ghost","Replay:Baseball","Replay:Bronze Core","Nilry\u0027s Codex","HandDrill","MawBank","Whetstone","Matryoshka","Brimstone","Replay:Ancient Bell","Oddly Smooth Stone","Kunai","Du-Vu Doll","Ancient Tea Set","Golden Egg","Paper Frog","Torii","Divine Protection"],"acts_visited":["Exordium","TheCity","TheBeyond"],"potions_floor_usage":[50,50],"damage_taken":[{"damage":10.0,"enemies":"Jaw Worm","floor":1.0,"turns":4.0},{"damage":1.0,"enemies":"Cultist","floor":2.0,"turns":4.0},{"damage":0.0,"enemies":"2 Louse","floor":3.0,"turns":2.0},{"damage":0.0,"enemies":"Large Slime","floor":4.0,"turns":5.0},{"damage":0.0,"enemies":"Lagavulin","floor":7.0,"turns":2.0},{"damage":18.0,"enemies":"3 Sentries","floor":10.0,"turns":8.0},{"damage":7.0,"enemies":"Exordium Wildlife","floor":12.0,"turns":2.0},{"damage":5.0,"enemies":"3 Louse","floor":14.0,"turns":2.0},{"damage":49.0,"enemies":"Hexaghost","floor":16.0,"turns":7.0},{"damage":0.0,"enemies":"Chosen","floor":18.0,"turns":3.0},{"damage":8.0,"enemies":"2 Thieves","floor":22.0,"turns":3.0},{"damage":0.0,"enemies":"Chosen and Byrds","floor":24.0,"turns":3.0},{"damage":25.0,"enemies":"Book of Stabbing","floor":25.0,"turns":3.0},{"damage":12.0,"enemies":"Snake Plant","floor":27.0,"turns":2.0},{"damage":0.0,"enemies":"Snecko","floor":31.0,"turns":2.0},{"damage":72.0,"enemies":"Automaton","floor":33.0,"turns":7.0},{"damage":0.0,"enemies":"3 Darklings","floor":35.0,"turns":4.0},{"damage":8.0,"enemies":"Orb Walker","floor":36.0,"turns":2.0},{"damage":0.0,"enemies":"Transient","floor":38.0,"turns":5.0},{"damage":40.0,"enemies":"Reptomancer","floor":40.0,"turns":3.0},{"damage":8.0,"enemies":"2 Orb Walkers","floor":44.0,"turns":3.0},{"damage":1.0,"enemies":"Nemesis","floor":48.0,"turns":3.0},{"damage":102,"enemies":"Replay:Hell Engine","floor":50,"turns":5}],"seed_played":"6906637417923829252","potions_obtained":[{"floor":1.0,"key":"Regen Potion"},{"floor":3.0,"key":"Energy Potion"},{"floor":4.0,"key":"DuplicationPotion"},{"floor":10.0,"key":"EntropicBrew"},{"floor":22.0,"key":"PowerPotion"},{"floor":27.0,"key":"Block Potion"},{"floor":31.0,"key":"Swift Potion"},{"floor":40.0,"key":"ElixirPotion"},{"floor":44.0,"key":"SkillPotion"}],"is_trial":false,"path_per_floor":["M","M","M","M","?","R","E","R","T","E","$","M","R","M","R","B",null,"M","?","?","$","M","R","M","E","T","M","?","$","?","M","R","B",null,"M","M","?","M","$","E","$","?","T","?","?","$","R","E","R","B"],"character_chosen":"IRONCLAD","items_purchased":["Replay:Baseball","Inflame","HandDrill","Perfected Strike","Brimstone","SteroidPotion","SmokeBomb","Replay:Many Hands"],"campfire_rested":1,"item_purchase_floors":[11,11,21,21,29,39,39,46],"current_hp_per_floor":[66,71,77,83,83,83,89,89,89,81,81,84,84,89,89,46,106,106,64,48,48,59,59,65,46,46,40,40,40,34,40,73,7,110,110,112,112,114,114,80,80,80,80,78,78,78,78,83,83,0,0],"gold":84,"neow_bonus":"ONE_RARE_RELIC","is_daily":false,"chose_seed":false,"campfire_upgraded":7,"win_rate":0.0,"timestamp":1611156784,"path_taken":["M","M","M","M","?","R","E","R","T","E","$","M","R","M","R","BOSS","M","?","?","?","M","R","M","E","T","M","?","$","?","M","R","BOSS","M","?","?","M","$","E","$","?","T","?","?","?","R","E","R","BOSS"],"items_purchased_type":["Relic","Card","Relic","Card","Relic","Potion","Potion","Card"],"build_version":"2020-12-22","purchased_purges":0,"victory":false,"max_hp_per_floor":[94,94,94,94,94,94,94,94,94,98,98,102,102,106,106,106,106,106,106,106,106,110,110,110,110,110,110,110,110,110,110,110,110,110,110,114,114,114,114,114,114,114,114,114,114,114,114,114,114,114,114],"card_choices":[{"not_picked":["Combust","Headbutt"],"picked":"Perfected Strike","floor":1.0},{"not_picked":["Carnage","Armaments","Headbutt"],"picked":"SKIP","floor":2.0},{"not_picked":["Flex","Power Through","ReplayTheSpireMod:Corrosion Curse"],"picked":"SKIP","floor":3.0},{"not_picked":["ReplayTheSpireMod:Strike From Hell","Iron Wave","Havoc"],"picked":"SKIP","floor":4.0},{"not_picked":["Headbutt","ReplayTheSpireMod:Strike From Hell"],"picked":"Feed","floor":7.0},{"not_picked":["Havoc","Sever Soul"],"picked":"Wild Strike","floor":10.0},{"not_picked":["Iron Wave","Disarm"],"picked":"Searing Blow","floor":12.0},{"not_picked":["Dual Wield","Anger","Eclipse"],"picked":"SKIP","floor":14.0},{"not_picked":["Body Slam+1","Shockwave","Thunderclap+1"],"picked":"SKIP","floor":18.0},{"not_picked":["Defy Death","Clash+1"],"picked":"Perfected Strike","floor":22.0},{"not_picked":["Havoc","Thunderclap","Cleave"],"picked":"SKIP","floor":24.0},{"not_picked":["Armaments","ReplayTheSpireMod:Strike From Hell"],"picked":"Wild Strike","floor":25.0},{"not_picked":["Bludgeon","Clothesline","Life Link+1"],"picked":"SKIP","floor":27.0},{"not_picked":["True Grit+1","Sword Boomerang"],"picked":"ReplayTheSpireMod:LeadingStrike+1","floor":31.0},{"not_picked":["Amnesia","Spreading Infection"],"picked":"ReplayTheSpireMod:Faulty Equipment","floor":34.0},{"not_picked":["Replay:Hysterical Blindness","Writhe"],"picked":"ReplayTheSpireMod:Faulty Equipment","floor":34.0},{"not_picked":["Regret","Replay:Hysterical Blindness"],"picked":"CommonCold","floor":34.0},{"not_picked":["Impervious","Metallicize"],"picked":"Heavy Blade","floor":35.0},{"not_picked":["Anger","Clash","Ghostly Armor+1"],"picked":"SKIP","floor":36.0},{"not_picked":["Warcry+1","Defy Death+1","Searing Blow"],"picked":"SKIP","floor":38.0},{"not_picked":["Intimidate","Combust","Feel No Pain+1"],"picked":"SKIP","floor":40.0},{"not_picked":["Impatience","ReplayTheSpireMod:Trickstab"],"picked":"Panacea","floor":42.0},{"not_picked":["Dual Wield","Searing Blow+1"],"picked":"Pommel Strike+1","floor":48.0}],"player_experience":150199,"relics_obtained":[{"floor":7.0,"key":"Replay:WaspNest"},{"floor":9.0,"key":"Garlic"},{"floor":10.0,"key":"Pet Ghost"},{"floor":20.0,"key":"Nilry\u0027s Codex"},{"floor":25.0,"key":"MawBank"},{"floor":26.0,"key":"Whetstone"},{"floor":40.0,"key":"Ancient Tea Set"},{"floor":43.0,"key":"Golden Egg"},{"floor":43.0,"key":"Paper Frog"},{"floor":44.0,"key":"Torii"},{"floor":48.0,"key":"Divine Protection"}],"event_choices":[{"damage_healed":0.0,"max_hp_gain":0.0,"max_hp_loss":0.0,"gold_gain":0.0,"event_name":"Upgrade Shrine","player_choice":"Upgraded","floor":5.0,"gold_loss":0.0,"damage_taken":0.0,"cards_upgraded":["Perfected Strike"]},{"damage_healed":0.0,"max_hp_gain":0.0,"max_hp_loss":0.0,"gold_gain":0.0,"event_name":"Cursed Tome","player_choice":"Obtained Book","floor":20.0,"gold_loss":0.0,"damage_taken":16.0},{"damage_healed":0.0,"max_hp_gain":0.0,"max_hp_loss":0.0,"gold_gain":0.0,"event_name":"Knowing Skull","player_choice":"","floor":30.0,"potions_obtained":[],"gold_loss":0.0,"damage_taken":6.0,"cards_obtained":[]},{"damage_healed":0.0,"max_hp_gain":0.0,"max_hp_loss":0.0,"gold_gain":0.0,"event_name":"Tomb of Lord Red Mask","player_choice":"Ignored","floor":37.0,"gold_loss":0.0,"damage_taken":0.0},{"damage_healed":0.0,"max_hp_gain":0.0,"max_hp_loss":0.0,"gold_gain":0.0,"event_name":"SensoryStone","player_choice":"Memory 1","floor":42.0,"gold_loss":0.0,"damage_taken":0.0},{"damage_healed":0.0,"max_hp_gain":0.0,"max_hp_loss":0.0,"gold_gain":0.0,"event_name":"Mysterious Sphere","player_choice":"Fight","floor":44.0,"gold_loss":0.0,"damage_taken":0.0},{"cards_removed":["Panacea"],"damage_healed":0.0,"max_hp_gain":0.0,"max_hp_loss":0.0,"gold_gain":0.0,"event_name":"Falling","player_choice":"Removed Skill","floor":45.0,"gold_loss":0.0,"damage_taken":0.0}],"is_beta":false,"boss_relics":[{"not_picked":["ChewingGum","Abe\u0027s Treasure"],"picked":"Replay:Bronze Core"},{"not_picked":["Philosopher\u0027s Stone","Fusion Hammer"],"picked":"Replay:Ancient Bell"},{"not_picked":["King of Hearts","ReplayTheSpireMod:TigerMarble"],"picked":"Oddly Smooth Stone"},{"not_picked":["Frozen Egg 2","Molten Egg 2"],"picked":"Kunai"},{"not_picked":["Counterbalance","Replay:Kaleidoscope"],"picked":"Du-Vu Doll"}],"items_purged_floors":[],"is_endless":false,"potions_floor_spawned":[1,3,4,10,22,27,31,40,44],"killed_by":"Replay:Hell Engine","ascension_level":1}}