{"host":"nbmmy2ys5j9alw05","time":1611133163,"event":{"mods":["AchievementEnabler","BaseMod","Bestiary","Better Vampires","Colored Map","Colored Powertips","Googly Eyes","Minty Spire (QoL Compilation)","Quick Restart","StSLib","The Hierophant","The IronCluck","everything is the same but u backflip on backflip"],"gold_per_floor":[116,128,148,159,169,169,201,201,227,227,177,177,177,196,196,293,343,325,336,43,43,43,43,73,73,100,23,23,23,35,35,35,35,35],"floor_reached":33,"language":"ENG","playtime":843,"items_purged":[],"score":395,"play_id":"ababfc02-fbab-4c80-88f4-a1d827abf46e","local_time":"20210120005923","is_ascension_mode":true,"campfire_choices":[{"data":"Choke","floor":6,"key":"SMITH"},{"floor":8,"key":"REST"},{"data":"Dash","floor":10,"key":"SMITH"},{"floor":15,"key":"REST"},{"floor":23,"key":"REST"},{"floor":25,"key":"REST"},{"floor":28,"key":"REST"},{"data":"After Image","floor":32,"key":"SMITH"}],"circlet_count":0,"master_deck":["AscendersBane","Strike_G","Strike_G","Strike_G","Strike_G","Defend_G","Defend_G+1","Defend_G","Defend_G","Defend_G","Survivor","Neutralize","Choke+1","Escape Plan","Endless Agony","Caltrops","Dash+1","Blade Dance","Storm of Steel","Blade Dance","Choke","After Image+1","Accuracy","Calculated Gamble"],"relics":["Ring of the Snake","NeowsBlessing","Tiny Chest","Akabeko","Ancient Tea Set","Tiny House","Gambling Chip","Darkstone Periapt","Bronze Scales","Regal Pillow"],"acts_visited":["Exordium","TheCity"],"potions_floor_usage":[7,16,30,33],"damage_taken":[{"damage":0,"enemies":"Cultist","floor":1,"turns":1},{"damage":0,"enemies":"2 Louse","floor":2,"turns":1},{"damage":0,"enemies":"Jaw Worm","floor":3,"turns":1},{"damage":7,"enemies":"Looter","floor":4,"turns":4},{"damage":7,"enemies":"3 Louse","floor":5,"turns":3},{"damage":40,"enemies":"3 Sentries","floor":7,"turns":9},{"damage":0,"enemies":"Exordium Wildlife","floor":14,"turns":2},{"damage":27,"enemies":"Slime Boss","floor":16,"turns":11},{"damage":10,"enemies":"2 Thieves","floor":18,"turns":4},{"damage":11,"enemies":"Shell Parasite","floor":19,"turns":4},{"damage":66,"enemies":"Gremlin Leader","floor":24,"turns":5},{"damage":12,"enemies":"Snecko","floor":30,"turns":4},{"damage":72,"enemies":"Champ","floor":33,"turns":8}],"seed_played":"-5302041911283663123","potions_obtained":[{"floor":3,"key":"FairyPotion"},{"floor":5,"key":"SteroidPotion"},{"floor":7,"key":"BlessingOfTheForge"},{"floor":17,"key":"FearPotion"},{"floor":24,"key":"Block Potion"}],"is_trial":false,"path_per_floor":["M","M","M","M","M","R","E","R","T","R","?","?","?","M","R","B",null,"M","M","$","T","?","R","E","R","T","$","R","?","M","$","R","B"],"character_chosen":"THE_SILENT","items_purchased":["Gambling Chip","Accuracy"],"campfire_rested":5,"item_purchase_floors":[20,27],"current_hp_per_floor":[63,63,63,56,49,49,9,30,30,30,30,30,23,23,44,17,62,52,41,41,41,41,63,22,44,44,44,75,75,63,63,63,0,0],"gold":35,"neow_bonus":"THREE_ENEMY_KILL","is_daily":false,"chose_seed":false,"campfire_upgraded":3,"win_rate":0.0,"timestamp":1611133163,"path_taken":["M","M","M","?","M","R","E","R","T","R","?","?","?","M","R","BOSS","M","M","$","?","?","R","E","R","T","$","R","?","M","$","R","BOSS"],"items_purchased_type":["Relic","Card"],"build_version":"2020-12-22","purchased_purges":0,"victory":false,"max_hp_per_floor":[70,70,70,70,70,70,70,70,70,70,70,70,70,70,70,70,75,75,75,75,75,75,75,75,75,75,75,75,75,75,75,75,75,75],"card_choices":[{"not_picked":["Outmaneuver","Deflect"],"picked":"Choke","floor":1},{"not_picked":["Deadly Poison","Blur"],"picked":"Escape Plan","floor":2},{"not_picked":["Underhanded Strike","Outmaneuver","Heel Hook"],"picked":"SKIP","floor":3},{"not_picked":["Underhanded Strike","Slice"],"picked":"Endless Agony","floor":4},{"not_picked":["Quick Slash","Backflip"],"picked":"Caltrops","floor":5},{"not_picked":["Prepared","Bullet Time"],"picked":"Dash","floor":7},{"not_picked":["Underhanded Strike","Deadly Poison"],"picked":"Blade Dance","floor":14},{"not_picked":["Tools of the Trade","Glass Knife"],"picked":"Storm of Steel","floor":16},{"not_picked":["Flying Knee","PiercingWail"],"picked":"Blade Dance","floor":17},{"not_picked":["Underhanded Strike","Poisoned Stab","Riddle With Holes"],"picked":"SKIP","floor":18},{"not_picked":["Acrobatics+1","Well Laid Plans+1"],"picked":"Choke","floor":19},{"not_picked":["PiercingWail","Eviscerate+1"],"picked":"After Image","floor":24},{"not_picked":["Tactician","Reflex","Flechettes"],"picked":"SKIP","floor":30}],"player_experience":496870,"relics_obtained":[{"floor":7,"key":"Tiny Chest"},{"floor":9,"key":"Akabeko"},{"floor":21,"key":"Darkstone Periapt"},{"floor":24,"key":"Bronze Scales"},{"floor":26,"key":"Regal Pillow"}],"event_choices":[{"cards_removed":["Strike_G"],"damage_healed":0,"gold_gain":0,"player_choice":"Card Removal","damage_taken":0,"max_hp_gain":0,"max_hp_loss":0,"event_name":"The Cleric","floor":11,"gold_loss":50},{"damage_healed":0,"gold_gain":0,"player_choice":"Ignored","damage_taken":0,"max_hp_gain":0,"max_hp_loss":0,"event_name":"Liars Game","floor":12,"gold_loss":0},{"damage_healed":0,"gold_gain":0,"player_choice":"Success","damage_taken":7,"relics_obtained":["Ancient Tea Set"],"max_hp_gain":0,"max_hp_loss":0,"event_name":"Scrap Ooze","floor":13,"gold_loss":0},{"damage_healed":0,"gold_gain":0,"player_choice":"Read","damage_taken":0,"max_hp_gain":0,"max_hp_loss":0,"event_name":"The Library","floor":29,"gold_loss":0,"cards_obtained":["Calculated Gamble"]}],"is_beta":false,"boss_relics":[{"not_picked":["Snecko Eye","Calling Bell"],"picked":"Tiny House"}],"items_purged_floors":[],"is_endless":false,"potions_floor_spawned":[3,5,7,24],"killed_by":"Champ","ascension_level":10}}