{"host":"gjfulft9y42c2y2c","time":1611142589,"event":{"mods":["BaseMod","Colored Map","DeckTracker","Keyboard Shortcuts","Minty Spire (QoL Compilation)","Permanent Neow","StSLib","SuperFastMode","everything is the same but u backflip on backflip"],"gold_per_floor":[115,134,146,164,114,114,114,145,145,168,194,194,194],"floor_reached":12,"language":"KOR","playtime":490,"items_purged":[],"score":119,"play_id":"4572bf6a-2a83-4e29-a893-54c8c73426d0","local_time":"20210120203629","is_ascension_mode":true,"campfire_choices":[{"data":"Neutralize","floor":7,"key":"SMITH"}],"circlet_count":0,"master_deck":["Strike_G","Strike_G","Defend_G","Defend_G","Defend_G","Defend_G","Defend_G","Survivor","Neutralize+1","Underhanded Strike","Cloak And Dagger","Well Laid Plans","Calculated Gamble","Die Die Die","Bouncing Flask"],"relics":["Ring of the Snake","Potion Belt","CeramicFish"],"acts_visited":["Exordium"],"potions_floor_usage":[8,12,12],"damage_taken":[{"damage":2.0,"enemies":"Small Slimes","floor":1.0,"turns":5.0},{"damage":0.0,"enemies":"2 Louse","floor":2.0,"turns":3.0},{"damage":5.0,"enemies":"Cultist","floor":3.0,"turns":4.0},{"damage":0,"enemies":"Looter","floor":4,"turns":4},{"damage":18,"enemies":"3 Sentries","floor":8,"turns":12},{"damage":9,"enemies":"Large Slime","floor":10,"turns":10},{"damage":10,"enemies":"Exordium Wildlife","floor":11,"turns":4},{"damage":33,"enemies":"Gremlin Nob","floor":12,"turns":3}],"seed_played":"-110201684562535465","potions_obtained":[{"floor":2.0,"key":"Explosive Potion"},{"floor":3,"key":"LiquidMemories"},{"floor":8,"key":"Energy Potion"}],"is_trial":false,"path_per_floor":["M","M","M","M","?","?","R","E","T","M","M","E"],"character_chosen":"THE_SILENT","items_purchased":[],"campfire_rested":0,"item_purchase_floors":[],"current_hp_per_floor":[61,61,56,56,56,56,56,38,38,29,19,0,0],"gold":194,"neow_bonus":"TRANSFORM_CARD","is_daily":false,"chose_seed":false,"campfire_upgraded":1,"win_rate":0.0,"timestamp":1611142589,"path_taken":["M","M","M","M","?","?","R","E","T","?","M","E"],"items_purchased_type":[],"build_version":"2020-12-22","purchased_purges":0,"victory":false,"max_hp_per_floor":[70,70,70,70,70,70,70,70,70,70,70,70,70],"card_choices":[{"not_picked":["Backflip","Distraction"],"picked":"Cloak And Dagger","floor":1.0},{"not_picked":["Choke","Acrobatics"],"picked":"Well Laid Plans","floor":2.0},{"not_picked":["Sucker Punch","Slice","Deflect"],"picked":"SKIP","floor":3},{"not_picked":["Prepared","Well Laid Plans","Finisher"],"picked":"SKIP","floor":4},{"not_picked":["Sucker Punch","Reflex"],"picked":"Calculated Gamble","floor":8},{"not_picked":["PiercingWail","Outmaneuver"],"picked":"Die Die Die","floor":10},{"not_picked":["Deadly Poison","Quick Slash"],"picked":"Bouncing Flask","floor":11}],"player_experience":262288,"relics_obtained":[{"floor":8,"key":"Potion Belt"},{"floor":9,"key":"CeramicFish"}],"event_choices":[{"cards_removed":["Strike_G"],"damage_healed":0,"gold_gain":0,"player_choice":"Card Removal","damage_taken":0,"max_hp_gain":0,"max_hp_loss":0,"event_name":"The Cleric","floor":5,"gold_loss":50},{"cards_removed":["Strike_G"],"damage_healed":0,"gold_gain":0,"player_choice":"Purged","damage_taken":0,"max_hp_gain":0,"max_hp_loss":0,"event_name":"Purifier","floor":6,"gold_loss":0}],"is_beta":false,"boss_relics":[],"items_purged_floors":[],"is_endless":false,"potions_floor_spawned":[2,3,8],"killed_by":"Gremlin Nob","ascension_level":9}}