{"host":"1rf9pknejqhzkc4o","time":1611145371,"event":{"mods":["Aspiration","BaseMod","Better Altar","Better Match","Better Note","Better Sensory Stone","Better Skull","Better Third Choice","Colored Map","Colored Powertips","Communication Mod","Conspire","Energized Spire","Hubris","Infinite Spire","Ironclad Rager","Minty Spire (QoL Compilation)","Quick Restart","RNG Fix","Rare Cards Sparkle","Relic Stats","Replay The Spire","Retaliation","Spicy Shops","StS++","StSLib","The Blue Laboratory","Trackpad"],"gold_per_floor":[117,117,135,145,158,158,171,204,283,137,147,166,166,179,179,278,278,293,293,140,140,140,140,173,197,197,197,227,255,276,276,276],"floor_reached":31,"language":"ENG","playtime":1180,"items_purged":[],"score":318,"play_id":"84069a89-3f2a-4c1a-a231-0512d673e112","local_time":"20210120152251","is_ascension_mode":false,"campfire_choices":[{"data":"Turbo","floor":6.0,"key":"SMITH"},{"floor":13.0,"key":"REST"},{"data":"Biased Cognition","floor":15.0,"key":"SMITH"},{"floor":23.0,"key":"RECALL"},{"data":"Electrodynamics","floor":27.0,"key":"SMITH"}],"circlet_count":0,"master_deck":["Zap","Dualcast","ICR:ProbingStrike+1","ICR:ProbingStrike+1","ICR:ProbingStrike","ICR:ProbingStrike","ICR:AutoDefend","ICR:AutoDefend","ICR:AutoDefend","ICR:AutoDefend","Static Discharge+1","Turbo+1","Reinforced Body","Beam Cell","Biased Cognition+1","Go for the Eyes","Hyperbeam","Ball Lightning","Biased Cognition","StSpp:MemoryLeak","Machine Learning","Seek","ReplayRNGCard","hubris:DoWhile","StSpp:CopyPaste","Hyperbeam","StSpp:Saturation","Thunder Strike","Mirror Shield","Amplify","Core Surge","Creative AI","Fission","ICR:Cyclone","hubris:SpecializedCircuitry","Echo Form","StSpp:Converter","Multi-Cast","ReplayTheSpireMod:Omega Cannon","hubris:Prefetch","Meteor Strike","Buffer","Rainbow","Electrodynamics+1","All For One","Reboot","Biased Cognition","Reprogram+1","Genetic Algorithm","Mayhem+1","CurseOfTheBell","Ball Lightning+1","Double Energy+1","Ball Lightning","hubris:PowerSurge+1","Double Energy+1","Panic Button","Sunder","Ball Lightning+1"],"relics":["Cracked Core","Simple Rune","infinitespire:FocusingShard","trackpad:PetRock","StSpp:CrystalBall","Prayer Wheel","Lee\u0027s Waffle","StSpp:WoodenStick","Calling Bell","CeramicFish","infinitespire:Broken Mirror","hubris:FunFungus"],"acts_visited":["Exordium","TheCity"],"potions_floor_usage":[],"damage_taken":[{"damage":3.0,"enemies":"Small Slimes","floor":1.0,"turns":4.0},{"damage":0.0,"enemies":"2 Louse","floor":3.0,"turns":3.0},{"damage":0.0,"enemies":"Cultist","floor":4.0,"turns":5.0},{"damage":12.0,"enemies":"Large Slime","floor":5.0,"turns":6.0},{"damage":1.0,"enemies":"2 Fungi Beasts","floor":7.0,"turns":4.0},{"damage":33.0,"enemies":"3 Sentries","floor":8.0,"turns":7.0},{"damage":5.0,"enemies":"Lots of Slimes","floor":11.0,"turns":3.0},{"damage":3.0,"enemies":"Blue Slaver","floor":12.0,"turns":2.0},{"damage":0.0,"enemies":"Exordium Wildlife","floor":14.0,"turns":1.0},{"damage":13.0,"enemies":"Fading Forest","floor":16.0,"turns":11.0},{"damage":14.0,"enemies":"Chosen","floor":18.0,"turns":5.0},{"damage":0.0,"enemies":"Spheric Guardian","floor":24.0,"turns":3.0},{"damage":0.0,"enemies":"3 Cultists","floor":25.0,"turns":2.0},{"damage":5.0,"enemies":"Chosen and Byrds","floor":28.0,"turns":4.0},{"damage":10.0,"enemies":"Cultist and Chosen","floor":29.0,"turns":3.0},{"damage":18.0,"enemies":"Shelled Parasite and Fungi","floor":30.0,"turns":2.0},{"damage":49,"enemies":"Nightmare","floor":31,"turns":4}],"seed_played":"3704123607983794427","potions_obtained":[{"floor":3.0,"key":"blueLaboratory:SystemWipe"},{"floor":5.0,"key":"blueLaboratory:RelayPotion"},{"floor":11.0,"key":"Milkshake"},{"floor":12.0,"key":"Swift Potion"},{"floor":18.0,"key":"blueLaboratory:TeslaPotion"},{"floor":30.0,"key":"blueLaboratory:SystemWipe"}],"is_trial":false,"path_per_floor":["M","?","M","M","M","R","M","E","T","$","M","M","R","M","R","B",null,"M","?","$","?","AVR","R","M","M","T","R","M","M","M","NM"],"character_chosen":"DEFECT","items_purchased":["trackpad:PetRock","Lee\u0027s Waffle"],"campfire_rested":1,"item_purchase_floors":[10,20],"current_hp_per_floor":[72,72,72,72,60,60,59,26,26,26,21,18,40,40,40,49,75,61,61,82,82,82,82,82,82,82,82,77,67,49,0,0],"gold":276,"neow_bonus":"DEFECT_WARDEN","is_daily":false,"chose_seed":false,"campfire_upgraded":3,"win_rate":0.0,"timestamp":1611145371,"path_taken":["M","?","?","M","M","R","M","E","T","?","M","M","R","M","R","BOSS","M","?","$","?","AVR","R","M","?","T","R","M","M","?","NM"],"items_purchased_type":["Relic","Relic"],"build_version":"2020-12-22","purchased_purges":0,"victory":false,"max_hp_per_floor":[75,75,75,75,75,75,75,75,75,75,75,75,75,75,75,75,75,75,75,82,82,82,82,82,82,82,82,82,82,82,82,82],"relic_stats":{"Lee\u0027s Waffle":21,"counters":[17,67],"CeramicFish":72,"Prayer Wheel":6,"obtain_stats":[{"Calling Bell":22,"Lee\u0027s Waffle":20,"infinitespire:Broken Mirror":22,"CeramicFish":22,"Simple Rune":8,"trackpad:PetRock":10,"Prayer Wheel":18,"infinitespire:FocusingShard":9,"hubris:FunFungus":22,"StSpp:WoodenStick":22,"Cracked Core":0,"StSpp:CrystalBall":17},{"Calling Bell":11,"Lee\u0027s Waffle":11,"infinitespire:Broken Mirror":11,"CeramicFish":11,"Simple Rune":6,"trackpad:PetRock":6,"Prayer Wheel":11,"infinitespire:FocusingShard":6,"hubris:FunFungus":11,"StSpp:WoodenStick":11,"Cracked Core":0,"StSpp:CrystalBall":10},{"Calling Bell":50,"Lee\u0027s Waffle":50,"infinitespire:Broken Mirror":50,"CeramicFish":50,"Simple Rune":29,"trackpad:PetRock":29,"Prayer Wheel":48,"infinitespire:FocusingShard":29,"hubris:FunFungus":50,"StSpp:WoodenStick":50,"Cracked Core":0,"StSpp:CrystalBall":45}]},"card_choices":[{"not_picked":["Steam Power","Coolheaded"],"picked":"Sunder","floor":1.0},{"not_picked":["Coolheaded","Gash"],"picked":"Turbo","floor":3.0},{"not_picked":["Stack","Gash","Coolheaded"],"picked":"SKIP","floor":4.0},{"not_picked":["hubris:SpecializedCircuitry","Turbo"],"picked":"Reinforced Body","floor":5.0},{"not_picked":["Conserve Battery","Stack"],"picked":"Beam Cell","floor":7.0},{"not_picked":["Defragment","Core Surge"],"picked":"Biased Cognition","floor":8.0},{"not_picked":["Panic Button","Blizzard"],"picked":"Go for the Eyes","floor":11.0},{"not_picked":["Rip and Tear","Crystallizer"],"picked":"Hyperbeam","floor":12.0},{"not_picked":["Beam Cell","Heatsinks"],"picked":"Ball Lightning","floor":14.0},{"not_picked":["hubris:SpecializedCircuitry","hubris:DoWhile"],"picked":"Biased Cognition","floor":16.0},{"not_picked":["Turbo","Beam Cell"],"picked":"Reprogram+1","floor":18.0},{"not_picked":["Gash","Panic Button"],"picked":"Genetic Algorithm","floor":18.0},{"not_picked":["Go for the Eyes+1","Leap"],"picked":"Ball Lightning+1","floor":24.0},{"not_picked":["Beam Cell","Leap"],"picked":"Double Energy+1","floor":24.0},{"not_picked":["Conserve Battery+1","BasicCrystalCard"],"picked":"Ball Lightning","floor":25.0},{"not_picked":["ReplaySort","ReplayTheSpireMod:System Scan","Heatsinks"],"picked":"SKIP","floor":25.0},{"not_picked":["ICR:FrostFall","Beam Cell"],"picked":"hubris:PowerSurge+1","floor":28.0},{"not_picked":["Sweeping Beam","All For One"],"picked":"Double Energy+1","floor":28.0},{"not_picked":["Chaos","Coolheaded+1"],"picked":"Panic Button","floor":29.0},{"not_picked":["Hologram","Coolheaded"],"picked":"Sunder","floor":29.0},{"not_picked":["Stack","Barrage"],"picked":"Ball Lightning+1","floor":30.0},{"not_picked":["StSpp:Mask","Sunder","Compile Driver"],"picked":"SKIP","floor":30.0}],"player_experience":181501,"relics_obtained":[{"floor":8.0,"key":"Simple Rune"},{"floor":9.0,"key":"infinitespire:FocusingShard"},{"floor":22.0,"key":"CeramicFish"},{"floor":22.0,"key":"infinitespire:Broken Mirror"},{"floor":22.0,"key":"hubris:FunFungus"}],"event_choices":[{"cards_removed":["Mayhem"],"damage_healed":0.0,"max_hp_gain":0.0,"max_hp_loss":0.0,"gold_gain":0.0,"event_name":"betterNote:BetterNote","player_choice":"Take \u0026 Give","floor":19.0,"gold_loss":0.0,"damage_taken":0.0,"cards_obtained":["Mayhem"]},{"damage_healed":0.0,"max_hp_gain":0.0,"max_hp_loss":0.0,"gold_gain":0.0,"event_name":"conspire:Investor","player_choice":"Leave","floor":21.0,"gold_loss":0.0,"damage_taken":0.0}],"is_beta":false,"boss_relics":[{"not_picked":["conspire:SeveredTorchhead","hubris:CrackedHourglass"],"picked":"StSpp:CrystalBall"}],"items_purged_floors":[],"is_endless":false,"potions_floor_spawned":[3,5,11,12,16,18,24,25,30],"killed_by":"Nightmare","ascension_level":0}}