{"host":"7k7fhzlbqzyu5ijh","time":1611109378,"event":{"mods":["AchievementEnabler","BaseMod","Bestiary","Colored Powertips","Filter the Spire","Highlight Path","Minty Spire (QoL Compilation)","Potion Indicator Mod","RNG Fix","Random Character Button","Relic Stats"],"gold_per_floor":[115,130,130,143,153,184,184,24,48,84,112,141,141,169,169,282,354,354],"floor_reached":17,"language":"ENG","playtime":824,"items_purged":[],"score":237,"play_id":"e413a160-3d0d-4e75-a1bb-33841338dcc8","local_time":"20210119212258","is_ascension_mode":true,"campfire_choices":[{"data":"Hello World","floor":7,"key":"SMITH"},{"floor":13,"key":"REST"},{"data":"Hyperbeam","floor":15,"key":"SMITH"}],"circlet_count":0,"master_deck":["Zap","Dualcast","Cold Snap","Hello World+1","Hologram","Core Surge","Hyperbeam+1","Streamline","Sweeping Beam","Glacier","Leap","Echo Form","Consume","Static Discharge","Go for the Eyes","Reinforced Body","Lockon","Storm","Heatsinks","Double Energy"],"relics":["Snecko Eye","Girya","Potion Belt","Strawberry","CeramicFish","Pandora\u0027s Box"],"acts_visited":["Exordium","TheCity"],"potions_floor_usage":[6,6,10,12],"damage_taken":[{"damage":9,"enemies":"Small Slimes","floor":1,"turns":4},{"damage":0,"enemies":"Cultist","floor":2,"turns":3},{"damage":0,"enemies":"2 Louse","floor":4,"turns":1},{"damage":17,"enemies":"Lots of Slimes","floor":5,"turns":7},{"damage":1,"enemies":"Lagavulin","floor":6,"turns":5},{"damage":3,"enemies":"3 Sentries","floor":10,"turns":3},{"damage":0,"enemies":"Large Slime","floor":11,"turns":4},{"damage":26,"enemies":"Exordium Thugs","floor":12,"turns":3},{"damage":0,"enemies":"3 Louse","floor":14,"turns":1},{"damage":5,"enemies":"Slime Boss","floor":16,"turns":8}],"seed_played":"2178816964302433734","potions_obtained":[{"floor":1,"key":"FearPotion"},{"floor":5,"key":"Swift Potion"},{"floor":6,"key":"BlessingOfTheForge"},{"floor":10,"key":"PowerPotion"}],"is_trial":false,"path_per_floor":["M","M","?","M","M","E","R","$","T","E","M","M","R","M","R","B",null],"character_chosen":"DEFECT","items_purchased":["Hyperbeam"],"campfire_rested":1,"item_purchase_floors":[8],"current_hp_per_floor":[59,59,52,52,35,34,34,34,41,38,38,12,36,36,36,31,69,69],"gold":354,"neow_bonus":"BOSS_RELIC","is_daily":false,"chose_seed":false,"campfire_upgraded":2,"win_rate":0.0,"timestamp":1611109378,"path_taken":["M","M","?","M","?","E","R","$","T","E","M","M","R","M","R","BOSS"],"items_purchased_type":["Card"],"build_version":"2020-12-22","purchased_purges":0,"victory":false,"max_hp_per_floor":[75,75,75,75,75,75,75,75,82,82,82,82,82,82,82,82,82,82],"relic_stats":{"counters":[10,39],"CeramicFish":117,"Snecko Eye":[76,62,68,71],"Pandora\u0027s Box":["Consume","Static Discharge","Go for the Eyes","Reinforced Body","Lockon","Storm","Heatsinks","Double Energy"],"obtain_stats":[{"Potion Belt":6,"Girya":3,"Strawberry":9,"CeramicFish":10,"Snecko Eye":0,"Pandora\u0027s Box":17,"Cracked Core":0},{"Potion Belt":5,"Girya":2,"Strawberry":5,"CeramicFish":6,"Snecko Eye":0,"Pandora\u0027s Box":10,"Cracked Core":0},{"Potion Belt":20,"Girya":7,"Strawberry":20,"CeramicFish":23,"Snecko Eye":0,"Pandora\u0027s Box":39,"Cracked Core":0}]},"card_choices":[{"not_picked":["Steam","Barrage","Gash"],"picked":"SKIP","floor":1},{"not_picked":["Stack","Ball Lightning"],"picked":"Cold Snap","floor":2},{"not_picked":["Ball Lightning","Blizzard"],"picked":"Hello World","floor":4},{"not_picked":["Compile Driver","Gash"],"picked":"Hologram","floor":5},{"not_picked":["Barrage","Coolheaded"],"picked":"Core Surge","floor":6},{"not_picked":["Beam Cell","Leap"],"picked":"Streamline","floor":10},{"not_picked":["Leap","Conserve Battery"],"picked":"Sweeping Beam","floor":11},{"not_picked":["Reprogram","Melter"],"picked":"Glacier","floor":12},{"not_picked":["Hologram","Redo"],"picked":"Leap","floor":14},{"not_picked":["Rainbow","Hyperbeam"],"picked":"Echo Form","floor":16}],"player_experience":479890,"relics_obtained":[{"floor":6,"key":"Potion Belt"},{"floor":9,"key":"Strawberry"},{"floor":10,"key":"CeramicFish"}],"event_choices":[{"damage_healed":0,"gold_gain":0,"player_choice":"Success","damage_taken":7,"relics_obtained":["Girya"],"max_hp_gain":0,"max_hp_loss":0,"event_name":"Scrap Ooze","floor":3,"gold_loss":0}],"is_beta":false,"boss_relics":[{"not_picked":["Empty Cage","Black Star"],"picked":"Pandora\u0027s Box"}],"items_purged_floors":[],"is_endless":false,"potions_floor_spawned":[1,5,6,10],"ascension_level":8}}