{"host":"yit83h4eit4n91s5","time":1611106890,"event":{"mods":["AchievementEnabler","BaseMod","Colored Map","Minty Spire (QoL Compilation)"],"gold_per_floor":[114,129,79,79,32,32,57,57,57,57,57,67,92,104,104,205,205,221,247,262,262,281,281,281,281],"floor_reached":24,"language":"ENG","playtime":868,"items_purged":[],"score":224,"play_id":"1b1016a5-bc9b-4d2f-91a9-28641b63f452","local_time":"20210119204130","is_ascension_mode":true,"campfire_choices":[{"data":"Perfected Strike","floor":6,"key":"SMITH"},{"data":"Twin Strike","floor":8,"key":"SMITH"},{"data":"Twin Strike","floor":11,"key":"SMITH"},{"data":"Flame Barrier","floor":15,"key":"SMITH"},{"floor":23,"key":"REST"}],"circlet_count":0,"master_deck":["Strike_R","Strike_R","Strike_R","Strike_R","Strike_R","Defend_R","Defend_R","Defend_R","Bash","Perfected Strike+1","Twin Strike+1","Twin Strike+1","Disarm","Flame Barrier+1","Armaments","Twin Strike","Feed","Second Wind+1","Flex","Perfected Strike","Clothesline"],"relics":["SlaversCollar","Magic Flower","Lantern","Dream Catcher","Self Forming Clay","Black Star","Red Mask"],"acts_visited":["Exordium","TheCity"],"potions_floor_usage":[22,24,24],"damage_taken":[{"damage":6,"enemies":"Jaw Worm","floor":1,"turns":5},{"damage":0,"enemies":"2 Louse","floor":2,"turns":2},{"damage":6,"enemies":"Gremlin Nob","floor":7,"turns":3},{"damage":0,"enemies":"Cultist","floor":12,"turns":2},{"damage":21,"enemies":"Lagavulin","floor":13,"turns":5},{"damage":0,"enemies":"Looter","floor":14,"turns":2},{"damage":8,"enemies":"Hexaghost","floor":16,"turns":6},{"damage":20,"enemies":"Spheric Guardian","floor":18,"turns":6},{"damage":28,"enemies":"Masked Bandits","floor":19,"turns":5},{"damage":0,"enemies":"Chosen","floor":20,"turns":6},{"damage":37,"enemies":"Shelled Parasite and Fungi","floor":22,"turns":9},{"damage":38,"enemies":"Gremlin Leader","floor":24,"turns":4}],"seed_played":"-3386978432546414760","potions_obtained":[{"floor":2,"key":"GamblersBrew"},{"floor":16,"key":"BlessingOfTheForge"},{"floor":19,"key":"Block Potion"}],"is_trial":false,"path_per_floor":["M","M","?","T","$","R","E","R","T","?","R","M","E","M","R","B",null,"M","?","M","?","M","R","E"],"character_chosen":"IRONCLAD","items_purchased":["Twin Strike"],"campfire_rested":1,"item_purchase_floors":[5],"current_hp_per_floor":[74,74,74,74,74,74,68,68,68,68,68,68,47,47,47,39,80,65,42,42,42,5,30,0,0],"gold":281,"neow_bonus":"BOSS_RELIC","is_daily":false,"chose_seed":false,"campfire_upgraded":4,"win_rate":0.0,"timestamp":1611106890,"path_taken":["M","M","?","?","?","R","E","R","T","?","R","?","E","?","R","BOSS","M","?","M","?","M","R","E"],"items_purchased_type":["Card"],"build_version":"2020-12-22","purchased_purges":0,"victory":false,"max_hp_per_floor":[80,80,80,80,80,80,80,80,80,80,80,80,80,80,80,80,80,83,86,86,86,86,86,86,86],"card_choices":[{"not_picked":["Iron Wave","Feel No Pain"],"picked":"Perfected Strike","floor":1},{"not_picked":["Clash","True Grit"],"picked":"Twin Strike","floor":2},{"not_picked":["Rage","Carnage"],"picked":"Disarm","floor":7},{"not_picked":["Heavy Blade","Metallicize"],"picked":"Flame Barrier","floor":12},{"not_picked":["Limit Break","Sever Soul"],"picked":"Armaments","floor":13},{"not_picked":["Rampage","Iron Wave"],"picked":"Twin Strike","floor":14},{"not_picked":["Limit Break","Immolate"],"picked":"Feed","floor":16},{"not_picked":["Dual Wield","Warcry+1","Armaments"],"picked":"SKIP","floor":18},{"not_picked":["Evolve","Anger"],"picked":"Second Wind+1","floor":19},{"not_picked":["Feel No Pain","Whirlwind+1"],"picked":"Flex","floor":20},{"not_picked":["Clash","Shockwave"],"picked":"Perfected Strike","floor":22},{"not_picked":["Heavy Blade+1","Havoc+1"],"picked":"Clothesline","floor":23}],"player_experience":158852,"relics_obtained":[{"floor":4,"key":"Magic Flower"},{"floor":7,"key":"Lantern"},{"floor":9,"key":"Dream Catcher"},{"floor":13,"key":"Self Forming Clay"},{"floor":19,"key":"Red Mask"}],"event_choices":[{"cards_removed":["Defend_R"],"damage_healed":0,"gold_gain":0,"player_choice":"Card Removal","damage_taken":0,"max_hp_gain":0,"max_hp_loss":0,"event_name":"The Cleric","floor":3,"gold_loss":50},{"damage_healed":0,"gold_gain":0,"player_choice":"Ignored","damage_taken":0,"max_hp_gain":0,"max_hp_loss":0,"event_name":"Liars Game","floor":10,"gold_loss":0},{"damage_healed":0,"gold_gain":0,"player_choice":"Fought Bandits","damage_taken":0,"max_hp_gain":0,"max_hp_loss":0,"event_name":"Masked Bandits","floor":19,"gold_loss":0},{"damage_healed":0,"gold_gain":0,"player_choice":"Ignored","damage_taken":0,"max_hp_gain":0,"max_hp_loss":0,"event_name":"Beggar","floor":21,"gold_loss":0}],"is_beta":false,"boss_relics":[{"not_picked":["Sozu","Tiny House"],"picked":"Black Star"}],"items_purged_floors":[],"is_endless":false,"potions_floor_spawned":[2,16,19,20],"killed_by":"Gremlin Leader","ascension_level":2}}