{"host":"yit83h4eit4n91s5","time":1611172684,"event":{"mods":["AchievementEnabler","BaseMod","Colored Map","Minty Spire (QoL Compilation)"],"gold_per_floor":[115,134,100,111,61,71,71,88,88,101,101,112,146,158,158,158,158,168,83,96,46,46,46],"floor_reached":22,"language":"ENG","playtime":2545,"items_purged":[],"score":240,"play_id":"4c89b1ca-7e1d-4812-b52f-d16aafc46cb4","local_time":"20210120145804","is_ascension_mode":false,"campfire_choices":[{"data":"Eruption","floor":7,"key":"SMITH"},{"floor":11,"key":"REST"},{"floor":15,"key":"REST"}],"circlet_count":0,"master_deck":["Strike_P","Strike_P","Strike_P","Defend_P","Defend_P","Defend_P","Defend_P","Eruption+1","Vigilance","Shame","Prostrate","Halt","BattleHymn","SashWhip","JustLucky","SashWhip","Wallop","JustLucky","Establishment","FlyingSleeves","CarveReality+1","Prostrate"],"relics":["HolyWater","Calipers","Unceasing Top","InkBottle","StoneCalendar"],"acts_visited":["Exordium","TheCity"],"potions_floor_usage":[8,13,13,22,22],"damage_taken":[{"damage":6,"enemies":"Cultist","floor":1,"turns":5},{"damage":2,"enemies":"Jaw Worm","floor":2,"turns":5},{"damage":7,"enemies":"2 Louse","floor":4,"turns":4},{"damage":0,"enemies":"Large Slime","floor":6,"turns":4},{"damage":11,"enemies":"Lots of Slimes","floor":8,"turns":4},{"damage":5,"enemies":"Looter","floor":10,"turns":3},{"damage":1,"enemies":"2 Fungi Beasts","floor":12,"turns":4},{"damage":18,"enemies":"Lagavulin","floor":13,"turns":4},{"damage":13,"enemies":"Lots of Slimes","floor":14,"turns":5},{"damage":0,"enemies":"Slime Boss","floor":16,"turns":6},{"damage":15,"enemies":"3 Byrds","floor":18,"turns":4},{"damage":20,"enemies":"Chosen","floor":20,"turns":5},{"damage":43,"enemies":"Snake Plant","floor":22,"turns":5}],"seed_played":"1286166046130612647","potions_obtained":[{"floor":1,"key":"GamblersBrew"},{"floor":2,"key":"DistilledChaos"},{"floor":6,"key":"DistilledChaos"},{"floor":13,"key":"BottledMiracle"},{"floor":20,"key":"ColorlessPotion"}],"is_trial":false,"path_per_floor":["M","M","$","M","?","M","R","M","T","M","R","M","E","M","R","B",null,"M","?","M","?","M"],"character_chosen":"WATCHER","items_purchased":["BattleHymn"],"campfire_rested":2,"item_purchase_floors":[3],"current_hp_per_floor":[66,64,64,57,57,57,57,46,46,41,62,61,43,30,51,51,72,57,57,37,37,0,0],"gold":46,"neow_bonus":"ONE_RARE_RELIC","is_daily":false,"chose_seed":false,"campfire_upgraded":1,"win_rate":0.0,"timestamp":1611172684,"path_taken":["M","?","$","M","?","M","R","M","T","M","R","M","E","M","R","BOSS","M","?","M","?","M"],"items_purchased_type":["Card"],"build_version":"2020-12-22","purchased_purges":0,"victory":false,"max_hp_per_floor":[72,72,72,72,72,72,72,72,72,72,72,72,72,72,72,72,72,72,72,72,72,72,72],"card_choices":[{"not_picked":["Evaluate","EmptyBody"],"picked":"Prostrate","floor":1},{"not_picked":["EmptyFist","DeceiveReality"],"picked":"Halt","floor":2},{"not_picked":["EmptyFist","Consecrate"],"picked":"SashWhip","floor":4},{"not_picked":["Consecrate","InnerPeace"],"picked":"JustLucky","floor":6},{"not_picked":["FlyingSleeves","Halt"],"picked":"SashWhip","floor":8},{"not_picked":["FlyingSleeves","CrushJoints"],"picked":"Wallop","floor":10},{"not_picked":["PathToVictory","CrushJoints"],"picked":"JustLucky","floor":12},{"not_picked":["ConjureBlade","BowlingBash"],"picked":"Establishment","floor":13},{"not_picked":["ClearTheMind","SignatureMove"],"picked":"FlyingSleeves","floor":14},{"not_picked":["CrushJoints","Conclude"],"picked":"CarveReality+1","floor":18},{"not_picked":["CutThroughFate","WheelKick"],"picked":"Prostrate","floor":20}],"player_experience":169544,"relics_obtained":[{"floor":9,"key":"Unceasing Top"},{"floor":13,"key":"InkBottle"}],"event_choices":[{"cards_removed":["Strike_P"],"damage_healed":0,"gold_gain":0,"player_choice":"Card Removal","damage_taken":0,"max_hp_gain":0,"max_hp_loss":0,"event_name":"The Cleric","floor":5,"gold_loss":50},{"damage_healed":0,"gold_gain":0,"player_choice":"Obtained Relic","damage_taken":0,"relics_obtained":["StoneCalendar"],"max_hp_gain":0,"max_hp_loss":0,"event_name":"Addict","floor":19,"gold_loss":85},{"damage_healed":0,"gold_gain":0,"player_choice":"Bet on Murderer","damage_taken":0,"max_hp_gain":0,"max_hp_loss":0,"event_name":"The Joust","floor":21,"gold_loss":50}],"is_beta":false,"boss_relics":[{"not_picked":["Fusion Hammer","Velvet Choker"],"picked":"HolyWater"}],"items_purged_floors":[],"is_endless":false,"potions_floor_spawned":[1,2,6,13,16,20],"killed_by":"Snake Plant","ascension_level":0}}