{"host":"zxd2l8an9de7z7b9","time":1611136173,"event":{"mods":["100% Spire Juice","2.2 Compatiblity","Arknights The Spire","BaseMod","CapriCore","Colored Map","Colored Powertips","GungeonMod","Minty Spire (QoL Compilation)","Rare Cards Sparkle","Replay The Spire","StSLib","SuperFastMode"],"gold_per_floor":[113,113,113,130,144,174,174,23,23,36,36,48,59,59,59,157,157,172,22,22,22,22,22,41,41,120,120,136,60,60,93,93,190,290,304,201,251,251,60,60,121,121,121,455,472,484,135,146,146,146],"floor_reached":51,"language":"KOR","playtime":5212,"items_purged":["ats:Strike V","ats:Composite Medical Shells","ats:Defend","ats:Defend","ats:Hammer On"],"score":691,"play_id":"7b65de88-aca3-44a5-bea4-3cc20645e689","local_time":"20210120184933","is_ascension_mode":false,"campfire_choices":[{"data":"ats:Apocalypse","floor":7.0,"key":"SMITH"},{"floor":15.0,"key":"REST"},{"data":"ats:Revitalization","floor":23.0,"key":"SMITH"},{"data":"ats:Emotion Absorption","floor":25.0,"key":"SMITH"},{"data":"ats:Armor Crushing Shot","floor":30.0,"key":"SMITH"},{"data":"ats:Revitalization","floor":32.0,"key":"SMITH"},{"data":"ats:Composite Medical Shells","floor":40.0,"key":"SMITH"},{"data":"ats:Mental Burst","floor":42.0,"key":"PURGE"},{"data":"ats:Part Time Job","floor":49,"key":"SMITH"}],"circlet_count":0,"master_deck":["ats:Armor Crushing Shot+1","ats:Emotion Absorption+1","ats:Composite Medical Shells+1","ats:Revitalization+1","ats:Curse Doll+1","ats:Apocalypse+1","ats:Blood Oath+1","ats:Sword Rain","ats:Calcification","ats:Cat Scratch+1","ats:Childhood Dance+1","ats:Revitalization+1","ats:Soul Rend","ats:Apocalypse","ats:Thermite Blade","ats:Revitalization+1","ats:Automatic Cover","ats:Calcification","ats:Revitalization+1","ats:Shadow Assault","ats:Shell Defense+1","ats:Part Time Job+1","ats:Shadow Raid+1"],"relics":["ats:Sanity","ats:Originium","Counterbalance","Toy Ornithopter","ats:Omniscience","Membership Card","DemoMod:Bottle","ats:Industrial Water Cannon","MealTicket","Replay:Wanted Poster","Peace Pipe","DollysMirror","Toxic Egg 2","DemoMod:ChaffGrenade","Old Coin","Unceasing Top","DemoMod:MeatBun"],"acts_visited":["Exordium","TheCity","TheBeyond"],"potions_floor_usage":[44,50,50],"damage_taken":[{"damage":2.0,"enemies":"2 Louse","floor":1.0,"turns":3.0},{"damage":1.0,"enemies":"Jaw Worm","floor":4.0,"turns":3.0},{"damage":6.0,"enemies":"Cultist","floor":5.0,"turns":5.0},{"damage":43.0,"enemies":"Gremlin Nob","floor":6.0,"turns":5.0},{"damage":7.0,"enemies":"Looter","floor":10.0,"turns":4.0},{"damage":9.0,"enemies":"Lots of Slimes","floor":12.0,"turns":3.0},{"damage":25.0,"enemies":"Large Slime","floor":13.0,"turns":8.0},{"damage":28.0,"enemies":"Slime Boss","floor":16.0,"turns":10.0},{"damage":31.0,"enemies":"3 Byrds","floor":18.0,"turns":5.0},{"damage":30.0,"enemies":"2 Thieves","floor":24.0,"turns":4.0},{"damage":19.0,"enemies":"Snake Plant","floor":28.0,"turns":4.0},{"damage":8.0,"enemies":"Gremlin Leader","floor":31.0,"turns":9.0},{"damage":141.0,"enemies":"Collector","floor":33.0,"turns":13.0},{"damage":54.0,"enemies":"3 Darklings","floor":35.0,"turns":6.0},{"damage":42.0,"enemies":"Mind Bloom Boss Battle","floor":37.0,"turns":9.0},{"damage":183,"enemies":"Nemesis","floor":44,"turns":13},{"damage":30,"enemies":"Orb Walker","floor":45,"turns":5},{"damage":28,"enemies":"3 Darklings","floor":46,"turns":5},{"damage":38,"enemies":"Jaw Worm Horde","floor":48,"turns":5},{"damage":186,"enemies":"Time Eater","floor":50,"turns":17}],"seed_played":"5839576073421470783","potions_obtained":[{"floor":4.0,"key":"Dexterity Potion"},{"floor":5.0,"key":"GamblersBrew"},{"floor":10.0,"key":"Elixir"},{"floor":24.0,"key":"FearPotion"},{"floor":28.0,"key":"Regen Potion"},{"floor":33.0,"key":"Milkshake"},{"floor":41.0,"key":"LiquidMemories"},{"floor":44,"key":"Energy Potion"}],"is_trial":false,"path_per_floor":["M","?","?","M","M","E","R","$","T","M","?","M","M","?","R","B",null,"M","$","?","?","T","R","M","R","T","?","M","$","R","E","R","B",null,"M","$","?","?","$","R","?","R","T","E","M","M","$","M","R","B",null],"character_chosen":"DOCTOR_CLASS","items_purchased":["ats:Blood Oath","Membership Card","ats:Revitalization","ats:Thermite Blade","ats:Automatic Cover","DollysMirror","Unceasing Top","DemoMod:MeatBun","ats:Part Time Job"],"campfire_rested":1,"item_purchase_floors":[8,19,29,36,39,39,47,47,47],"current_hp_per_floor":[70,70,70,69,66,23,23,23,23,32,25,24,33,19,40,47,72,58,58,58,58,58,58,44,44,44,44,46,46,46,72,72,41,72,68,72,72,72,72,72,54,54,54,64,72,72,72,72,72,72],"gold":146,"neow_bonus":"THREE_CARDS","is_daily":false,"chose_seed":false,"campfire_upgraded":7,"win_rate":0.0,"timestamp":1611136173,"path_taken":["M","?","?","?","M","E","R","$","T","M","?","M","M","?","R","BOSS","M","$","?","?","?","R","?","R","T","?","M","$","R","E","R","BOSS","M","?","?","?","$","R","?","R","T","E","M","M","$","M","R","BOSS"],"items_purchased_type":["Card","Relic","Card","Card","Card","Relic","Relic","Relic","Card"],"build_version":"2020-12-22","purchased_purges":5,"victory":true,"max_hp_per_floor":[72,72,72,72,72,72,72,72,72,72,72,72,72,72,72,72,72,72,72,72,72,72,72,72,72,72,72,72,72,72,72,72,72,72,72,72,72,72,72,72,72,72,72,72,72,72,72,72,72,72],"card_choices":[{"not_picked":["ats:Explosion Area Strengthen","ats:Cat Scratch"],"picked":"ats:Hammer On","floor":0.0},{"not_picked":["ats:Shell Defense","ats:Closed Bolt Burst Fire"],"picked":"ats:Composite Medical Shells","floor":1.0},{"not_picked":["ats:Hammer On","ats:Sword Rain"],"picked":"ats:Revitalization","floor":4.0},{"not_picked":["ats:Beaten Up","ats:Charging Defense"],"picked":"ats:Curse Doll","floor":5.0},{"not_picked":["ats:Volcano","ats:Leaping Hammer"],"picked":"ats:Apocalypse","floor":6.0},{"not_picked":["ats:Hammer On","ats:Ignite"],"picked":"ats:Sword Rain","floor":10.0},{"not_picked":["ats:Shadow Raid","ats:Powerful Strike"],"picked":"ats:Composite Medical Shells","floor":12.0},{"not_picked":["ats:Consecutive Shot Auto","ats:Powerful Strike"],"picked":"ats:Mental Burst","floor":13.0},{"not_picked":["ats:Nebulous Foxfire","ats:True Silver Slash"],"picked":"ats:Calcification","floor":16.0},{"not_picked":["ats:Powerful Strike","ats:Beaten Up+1"],"picked":"ats:Cat Scratch+1","floor":18.0},{"not_picked":["ats:Volcano","ats:Neurotoxin","ats:Hammer On"],"picked":"SKIP","floor":24.0},{"not_picked":["ats:Explosion Area Strengthen","ats:Red Shift"],"picked":"ats:Childhood Dance+1","floor":28.0},{"not_picked":["ats:Steam Pump","ats:Consecutive Shot Auto","ats:Curse Doll"],"picked":"SKIP","floor":31.0},{"not_picked":["ats:Steam Pump","ats:Consecutive Shot Auto","ats:Curse Doll"],"picked":"SKIP","floor":31.0},{"not_picked":["ats:Steam Pump","ats:Consecutive Shot Auto","ats:Curse Doll"],"picked":"SKIP","floor":31.0},{"not_picked":["ats:Rat Pack","ats:Wolf Pack"],"picked":"ats:Soul Rend","floor":33.0},{"not_picked":["ats:Song Of Battle","ats:Cat Scratch"],"picked":"ats:Apocalypse","floor":35.0},{"not_picked":["ats:Guardian Obelisk+1","ats:Leaping Hammer+1"],"picked":"ats:Revitalization+1","floor":37.0},{"not_picked":["ats:Explosion Area Strengthen+1","ats:Leaping Hammer"],"picked":"ats:Revitalization+1","floor":41.0},{"not_picked":["ats:Consecutive Shot Auto+1","ats:Leaping Hammer+1","ats:Powerful Strike"],"picked":"SKIP","floor":44},{"not_picked":["ats:Curse Doll+1","ats:Flexible Camouflage+1"],"picked":"ats:Shadow Assault","floor":45},{"not_picked":["ats:Poison Spread+1","ats:Flexible Camouflage+1"],"picked":"ats:Shell Defense+1","floor":46},{"not_picked":["ats:Childhood Dance+1","ats:Revitalization+1"],"picked":"ats:Shadow Raid+1","floor":48}],"player_experience":343827,"relics_obtained":[{"floor":6.0,"key":"ats:Originium"},{"floor":6.0,"key":"Counterbalance"},{"floor":9.0,"key":"Toy Ornithopter"},{"floor":22.0,"key":"DemoMod:Bottle"},{"floor":26.0,"key":"ats:Industrial Water Cannon"},{"floor":31.0,"key":"ats:Originium"},{"floor":31.0,"key":"MealTicket"},{"floor":37.0,"key":"Peace Pipe"},{"floor":41.0,"key":"Toxic Egg 2"},{"floor":43.0,"key":"DemoMod:ChaffGrenade"},{"floor":44,"key":"ats:Originium"},{"floor":44,"key":"Old Coin"}],"event_choices":[{"cards_removed":["ats:Strike G"],"damage_healed":0.0,"max_hp_gain":0.0,"max_hp_loss":0.0,"gold_gain":0.0,"event_name":"Living Wall","player_choice":"Forget","floor":2.0,"gold_loss":0.0,"damage_taken":0.0},{"cards_removed":["ats:Strike S"],"damage_healed":0.0,"max_hp_gain":0.0,"max_hp_loss":0.0,"gold_gain":0.0,"event_name":"Golden Wing","player_choice":"Card Removal","floor":11.0,"gold_loss":0.0,"damage_taken":7.0},{"damage_healed":0.0,"max_hp_gain":0.0,"max_hp_loss":0.0,"gold_gain":0.0,"event_name":"Shining Light","player_choice":"Entered Light","floor":14.0,"gold_loss":0.0,"damage_taken":14.0,"cards_upgraded":["ats:Curse Doll","ats:Blood Oath"]},{"damage_healed":0.0,"max_hp_gain":0.0,"max_hp_loss":0.0,"gold_gain":0.0,"event_name":"Ghosts","player_choice":"Ignored","floor":20.0,"gold_loss":0.0,"damage_taken":0.0},{"cards_removed":["ats:Strike C"],"damage_healed":0.0,"max_hp_gain":0.0,"max_hp_loss":0.0,"gold_gain":0.0,"event_name":"Back to Basics","player_choice":"Elegance","floor":21.0,"gold_loss":0.0,"damage_taken":0.0},{"cards_removed":["ats:Defend"],"damage_healed":0.0,"max_hp_gain":0.0,"max_hp_loss":0.0,"gold_gain":0.0,"event_name":"Bonfire Elementals","player_choice":"Offered Basic","floor":27.0,"gold_loss":0.0,"damage_taken":0.0},{"damage_healed":0.0,"max_hp_gain":0.0,"max_hp_loss":0.0,"gold_gain":0.0,"event_name":"MindBloom","player_choice":"Fight","floor":37.0,"gold_loss":0.0,"damage_taken":0.0},{"damage_healed":0.0,"max_hp_gain":0.0,"max_hp_loss":0.0,"gold_gain":0.0,"event_name":"Mysterious Sphere","player_choice":"Ignored","floor":38.0,"gold_loss":0.0,"damage_taken":0.0}],"is_beta":false,"boss_relics":[{"not_picked":["Sozu","Replay:Bronze Core"],"picked":"ats:Omniscience"},{"not_picked":["Runic Dome","ReplayTheSpireMod:DimensionalGlitch"],"picked":"Replay:Wanted Poster"}],"items_purged_floors":[8,29,36,39,47],"is_endless":false,"potions_floor_spawned":[4,5,10,24,28,33,44],"ascension_level":0}}