{"host":"skr63qsdfgeey3it","time":1611133203,"event":{"mods":["BaseMod","Colored Map","Hubris","Minty Spire (QoL Compilation)","Replay The Spire","Spicy Shops","StSLib"],"gold_per_floor":[118,118,118,118,118,153,153,186,260,260,35,55,72,72,72,176,176,95,95,115,15,29,29,54,69,69,69,22,35,35,135,135,237,237,255,266,7,21,21,21],"floor_reached":39,"language":"ENG","playtime":1230,"items_purged":["Shame","Regret","Shame"],"score":821,"play_id":"9c459fba-e36d-41bf-b0e8-57a0d431bf62","local_time":"20210120030003","is_ascension_mode":true,"campfire_choices":[{"data":"All Out Attack","floor":7,"key":"SMITH"},{"data":"Neutralize","floor":10,"key":"SMITH"},{"data":"Replay:BasicMightCard","floor":15,"key":"SMITH"},{"data":"Catalyst","floor":23,"key":"SMITH"},{"floor":27,"key":"REST"},{"floor":32,"key":"REST"}],"circlet_count":0,"master_deck":["AscendersBane","Strike_G","Strike_G","Strike_G","Strike_G","Strike_G","Defend_G","Defend_G","Defend_G","Defend_G","Defend_G","Survivor","Neutralize+1","Sucker Punch+1","All Out Attack+1","Underhanded Strike","Bouncing Flask","Poisoned Stab","Replay:BasicMightCard+1","PiercingWail","Catalyst+1","ReplayTheSpireMod:Speed Training","A Thousand Cuts","Writhe","Concentrate+1","Deadly Poison","Die Die Die+1","Fluid Movement+1","hubris:NaturalOne","Bouncing Flask","Prepared","Poison Darts","Malaise","hubris:TrickCloak","Panacea","Dagger Spray+1"],"relics":["NeowsBlessing","hubris:Icosahedron","Sizzling Blood","FaceOfCleric","Art of War","Anchor","Matryoshka","BargainBundle","hubris:OldNail","Molten Egg 2","Replay:Ancient Bell","Happy Flower","hubris:SphereOfDissonance","hubris:Zylophone","Nloth\u0027s Gift","Tough Bandages","Nunchaku","Bottled Flame","HoveringKite","Membership Card"],"acts_visited":["Exordium","TheCity","TheBeyond"],"potions_floor_usage":[16,16,24,25,25,25,36],"damage_taken":[{"damage":0,"enemies":"Jaw Worm","floor":1,"turns":1},{"damage":10,"enemies":"3 Sentries","floor":6,"turns":2},{"damage":0,"enemies":"Gremlin Nob","floor":8,"turns":1},{"damage":0,"enemies":"Small Slimes","floor":12,"turns":3},{"damage":0,"enemies":"2 Louse","floor":13,"turns":1},{"damage":65,"enemies":"Fading Forest","floor":16,"turns":11},{"damage":18,"enemies":"Shell Parasite","floor":18,"turns":5},{"damage":2,"enemies":"Chosen","floor":20,"turns":5},{"damage":0,"enemies":"Snecko","floor":22,"turns":2},{"damage":51,"enemies":"Book of Stabbing","floor":24,"turns":7},{"damage":12,"enemies":"Centurion and Healer","floor":25,"turns":3},{"damage":0,"enemies":"Snake Plant","floor":29,"turns":4},{"damage":58,"enemies":"hubris:MusketHawk","floor":33,"turns":8},{"damage":3,"enemies":"Orb Walker","floor":35,"turns":2},{"damage":48,"enemies":"3 Darklings","floor":36,"turns":5},{"damage":10,"enemies":"4 Shapes","floor":38,"turns":4},{"damage":58,"enemies":"Spire Growth","floor":39,"turns":4}],"seed_played":"-3002236379981249900","potions_obtained":[{"floor":6,"key":"Explosive Potion"},{"floor":16,"key":"LifebloodPotion"},{"floor":24,"key":"EntropicBrew"},{"floor":25,"key":"Fire Potion"},{"floor":29,"key":"FairyPotion"}],"is_trial":false,"path_per_floor":["M","?","?","?","?","E","R","E","T","R","$","M","M","?","R","B",null,"M","?","M","$","M","R","E","M","T","R","$","M","?","?","R","B",null,"M","M","$","M","M"],"character_chosen":"THE_SILENT","items_purchased":["ReplayTheSpireMod:CursedCoin","BargainBundle","hubris:OldNail","Bouncing Flask","Poisoned Stab","Replay:BasicMightCard","PiercingWail","Poison Potion","Prepared","Membership Card","Panacea"],"campfire_rested":2,"item_purchase_floors":[11,11,11,11,11,11,11,11,28,37,37],"current_hp_per_floor":[63,63,63,67,67,62,62,67,67,67,67,72,77,77,77,25,66,53,53,56,56,61,61,15,8,8,33,33,38,38,38,63,10,67,69,26,26,21,0,0],"gold":21,"neow_bonus":"THREE_ENEMY_KILL","is_daily":false,"chose_seed":false,"campfire_upgraded":4,"win_rate":0.0,"timestamp":1611133203,"path_taken":["M","?","?","?","?","E","R","E","T","R","$","?","M","?","R","BOSS","M","?","M","$","M","R","E","M","T","R","?","M","?","?","R","BOSS","M","M","$","M","M"],"items_purchased_type":["Relic","Relic","Relic","Card","Card","Card","Card","Potion","Card","Relic","Card"],"build_version":"2020-12-22","purchased_purges":3,"victory":false,"max_hp_per_floor":[70,70,70,74,74,75,75,76,76,76,76,77,78,78,78,79,79,80,80,81,81,82,82,83,84,84,84,84,85,85,85,85,86,86,87,88,88,89,89,89],"card_choices":[{"not_picked":["hubris:SlightOfHand","Dagger Throw"],"picked":"Sucker Punch","floor":1},{"not_picked":["Dodge and Roll","Backflip"],"picked":"All Out Attack","floor":6},{"not_picked":["Concentrate","Sucker Punch"],"picked":"Underhanded Strike","floor":8},{"not_picked":["Blade Dance","After Image"],"picked":"Catalyst","floor":12},{"not_picked":["Sucker Punch","Draining Mist"],"picked":"ReplayTheSpireMod:Speed Training","floor":13},{"not_picked":["Tools of the Trade","ReplayTheSpireMod:From All Sides+1"],"picked":"A Thousand Cuts","floor":16},{"not_picked":["Delirium","hubris:Disease"],"picked":"Shame","floor":17},{"not_picked":["hubris:Lust","ReplayTheSpireMod:Restless Dread"],"picked":"Writhe","floor":17},{"not_picked":["Looming Evil","Amnesia"],"picked":"ReplayTheSpireMod:IOU","floor":17},{"not_picked":["Dagger Throw+1","Blade Dance"],"picked":"Concentrate+1","floor":18},{"not_picked":["Bane+1","Expertise"],"picked":"Deadly Poison","floor":20},{"not_picked":["Eviscerate+1","Deadly Poison"],"picked":"Die Die Die+1","floor":22},{"not_picked":["Crippling Poison","Accuracy+1"],"picked":"Fluid Movement+1","floor":24},{"not_picked":["Outmaneuver+1","Cloak And Dagger+1"],"picked":"Bouncing Flask","floor":25},{"not_picked":["Masterful Stab+1","PiercingWail"],"picked":"Poison Darts","floor":29},{"not_picked":["Wraith Form v2","A Thousand Cuts"],"picked":"Malaise","floor":33},{"not_picked":["A Thousand Cuts","Backflip","hubris:SlightOfHand+1"],"picked":"SKIP","floor":35},{"not_picked":["Deadly Poison","Bane+1"],"picked":"hubris:TrickCloak","floor":36},{"not_picked":["Infinite Blades","Dodge and Roll"],"picked":"Dagger Spray+1","floor":38}],"player_experience":774878,"relics_obtained":[{"floor":6,"key":"Art of War"},{"floor":8,"key":"Anchor"},{"floor":9,"key":"Matryoshka"},{"floor":24,"key":"Tough Bandages"},{"floor":26,"key":"Nunchaku"},{"floor":26,"key":"Bottled Flame"}],"event_choices":[{"damage_healed":0,"gold_gain":0,"player_choice":"Grow","damage_taken":0,"max_hp_gain":0,"max_hp_loss":0,"event_name":"Living Wall","floor":3,"gold_loss":0,"cards_upgraded":["Sucker Punch"]},{"damage_healed":0,"gold_gain":0,"player_choice":"Trade","damage_taken":0,"relics_obtained":["FaceOfCleric"],"max_hp_gain":0,"max_hp_loss":0,"event_name":"FaceTrader","floor":5,"gold_loss":0},{"damage_healed":0,"gold_gain":0,"player_choice":"Box","damage_taken":0,"relics_obtained":["Molten Egg 2"],"max_hp_gain":0,"max_hp_loss":0,"event_name":"Big Fish","floor":14,"gold_loss":0,"cards_obtained":["Regret"]},{"damage_healed":0,"gold_gain":0,"player_choice":"Traded Relic","damage_taken":0,"relics_obtained":["Nloth\u0027s Gift"],"max_hp_gain":0,"max_hp_loss":0,"event_name":"N\u0027loth","floor":19,"relics_lost":["ReplayTheSpireMod:CursedCoin"],"gold_loss":0},{"damage_healed":0,"gold_gain":100,"player_choice":"Pray","damage_taken":0,"max_hp_gain":0,"max_hp_loss":0,"event_name":"Golden Shrine","floor":31,"gold_loss":0}],"is_beta":false,"boss_relics":[{"not_picked":["hubris:VirtuousBlindfold","hubris:RunicObelisk"],"picked":"Replay:Ancient Bell"},{"not_picked":["Pen Nib","Potion Belt"],"picked":"Happy Flower"},{"not_picked":["Replay:WaspNest","Eternal Feather"],"picked":"hubris:SphereOfDissonance"},{"not_picked":["hubris:FunFungus","FossilizedHelix"],"picked":"hubris:Zylophone"},{"not_picked":["Kintsugi","Replay:Wanted Poster"],"picked":"HoveringKite"}],"items_purged_floors":[11,21,37],"is_endless":false,"potions_floor_spawned":[6,12,16,24,25,29],"killed_by":"Spire Growth","ascension_level":12}}