{"host":"n4fty02wqqi95laq","time":1611111063,"event":{"mods":["BaseMod","Highlight Path","Minty Spire (QoL Compilation)","Quick Restart","Rare Cards Sparkle","StSLib"],"gold_per_floor":[112,132,132,132,156,156,191,262,288,300,330,380,415,471,483,495,495],"floor_reached":16,"language":"ZHS","playtime":397,"items_purged":[],"score":240,"play_id":"81b1b0e0-750c-470f-8029-0bc06a241571","local_time":"20210120105103","is_ascension_mode":true,"campfire_choices":[{"data":"Self Repair","floor":6.0,"key":"SMITH"},{"data":"Tempest","floor":15,"key":"SMITH"}],"circlet_count":0,"master_deck":["AscendersBane","Strike_B","Strike_B","Strike_B","Strike_B","Defend_B","Defend_B","Defend_B","Defend_B","Zap","Dualcast","Sunder+1","Tempest+1","Self Repair+1","Cold Snap","Undo","Core Surge"],"relics":["Runic Dome","Golden Idol","Oddly Smooth Stone","Dream Catcher","MawBank","Bag of Preparation","Kunai"],"acts_visited":["Exordium"],"potions_floor_usage":[],"damage_taken":[{"damage":14.0,"enemies":"Jaw Worm","floor":1.0,"turns":4.0},{"damage":7.0,"enemies":"Small Slimes","floor":2.0,"turns":3.0},{"damage":0.0,"enemies":"Cultist","floor":5.0,"turns":2.0},{"damage":8.0,"enemies":"Gremlin Nob","floor":7.0,"turns":3.0},{"damage":11.0,"enemies":"Gremlin Nob","floor":8.0,"turns":3.0},{"damage":8.0,"enemies":"Large Slime","floor":11.0,"turns":4.0},{"damage":8.0,"enemies":"3 Sentries","floor":12.0,"turns":4.0},{"damage":0.0,"enemies":"2 Fungi Beasts","floor":13.0,"turns":2.0},{"damage":9.0,"enemies":"Gremlin Nob","floor":14.0,"turns":3.0},{"damage":14,"enemies":"Hexaghost","floor":16,"turns":8}],"seed_played":"5721099893677878922","potions_obtained":[{"floor":5.0,"key":"SteroidPotion"},{"floor":7.0,"key":"Dexterity Potion"},{"floor":12.0,"key":"Explosive Potion"},{"floor":13.0,"key":"FocusPotion"},{"floor":14.0,"key":"Energy Potion"}],"is_trial":false,"path_per_floor":["M","M","?","?","M","R","E","?","T","$","M","E","M","E","R","B"],"character_chosen":"DEFECT","items_purchased":[],"campfire_rested":0,"item_purchase_floors":[],"current_hp_per_floor":[50,43,43,43,43,43,45,34,34,34,36,38,38,29,29,15,15],"gold":495,"neow_bonus":"BOSS_RELIC","is_daily":false,"chose_seed":false,"campfire_upgraded":2,"win_rate":0.0,"timestamp":1611111063,"path_taken":["M","M","?","?","?","R","E","?","T","$","M","E","M","E","R","BOSS"],"items_purchased_type":[],"build_version":"2020-12-22","purchased_purges":0,"victory":false,"max_hp_per_floor":[71,71,64,64,64,64,64,64,64,64,64,64,64,64,64,64,64],"card_choices":[{"not_picked":["Leap","Chill"],"picked":"Sunder","floor":1.0},{"not_picked":["Stack","Redo"],"picked":"Tempest","floor":2.0},{"not_picked":["Go for the Eyes","Undo"],"picked":"Self Repair","floor":5.0},{"not_picked":["Rip and Tear","Steam","Rebound"],"picked":"SKIP","floor":7.0},{"not_picked":["Steam","Compile Driver"],"picked":"Cold Snap","floor":8.0},{"not_picked":["Turbo","Reinforced Body"],"picked":"Undo","floor":11.0},{"not_picked":["Stack","Aggregate","Conserve Battery"],"picked":"SKIP","floor":12.0},{"not_picked":["Gash","Steam"],"picked":"Core Surge","floor":13.0},{"not_picked":["Stack","Redo","Tempest"],"picked":"SKIP","floor":14.0}],"player_experience":678670,"relics_obtained":[{"floor":7.0,"key":"Oddly Smooth Stone"},{"floor":8.0,"key":"Dream Catcher"},{"floor":9.0,"key":"MawBank"},{"floor":12.0,"key":"Bag of Preparation"},{"floor":14.0,"key":"Kunai"}],"event_choices":[{"damage_healed":0.0,"max_hp_gain":0.0,"max_hp_loss":7.0,"gold_gain":0.0,"event_name":"Golden Idol","player_choice":"Lose Max HP","floor":3.0,"gold_loss":0.0,"damage_taken":0.0,"relics_obtained":["Golden Idol"]},{"damage_healed":0.0,"max_hp_gain":0.0,"max_hp_loss":0.0,"gold_gain":0.0,"event_name":"Upgrade Shrine","player_choice":"Upgraded","floor":4.0,"gold_loss":0.0,"damage_taken":0.0,"cards_upgraded":["Sunder"]},{"damage_healed":0.0,"max_hp_gain":0.0,"max_hp_loss":0.0,"gold_gain":0.0,"event_name":"Dead Adventurer","player_choice":"Searched \u00271\u0027 times","floor":8.0,"gold_loss":0.0,"damage_taken":0.0}],"is_beta":false,"boss_relics":[],"items_purged_floors":[],"is_endless":false,"potions_floor_spawned":[5,7,12,13,14],"killed_by":"Hexaghost","ascension_level":20}}