{"host":"bg8va46pgqgvtzim","time":1611112368,"event":{"mods":["BaseMod","Minty Spire (QoL Compilation)","Quick Restart","StSLib","SuperFastMode"],"gold_per_floor":[109,109,126,137,147,147,222,222,222,257,257,182,182,202,202,300,300,312,299,269,286,302,302,319,319,319,335,350,350,16,28,28,129,129,149,168,168,178,188,188,204,214,265,265,281,296,314,189,189,189,189,189,39,71,71],"floor_reached":56,"language":"ZHS","playtime":3444,"items_purged":["Strike_G","Strike_G","Strike_G","Defend_G"],"score":1284,"play_id":"878a003b-a242-4c47-b222-2c2f50c2bb6b","local_time":"20210120111248","is_ascension_mode":false,"campfire_choices":[{"data":"Deadly Poison","floor":6.0,"key":"SMITH"},{"data":"Neutralize","floor":8.0,"key":"SMITH"},{"data":"Expertise","floor":11.0,"key":"SMITH"},{"data":"Survivor","floor":13.0,"key":"SMITH"},{"floor":15.0,"key":"RECALL"},{"floor":23.0,"key":"REST"},{"data":"Acrobatics","floor":25.0,"key":"SMITH"},{"data":"Setup","floor":29.0,"key":"SMITH"},{"data":"Apotheosis","floor":32.0,"key":"SMITH"},{"data":"Well Laid Plans","floor":40.0,"key":"SMITH"},{"data":"Prepared","floor":44.0,"key":"SMITH"},{"data":"Reflex","floor":49.0,"key":"SMITH"},{"data":"Defend_G","floor":52.0,"key":"SMITH"}],"circlet_count":0,"master_deck":["Defend_G","Defend_G","Defend_G+1","Survivor+1","Neutralize+1","Deadly Poison+1","Expertise+1","Acrobatics+1","Calculated Gamble+1","Reflex+1","Well Laid Plans+1","Setup+1","Apotheosis+1","Prepared+1","Footwork+1","Tactician+1","Underhanded Strike+1"],"relics":["Ring of the Snake"],"acts_visited":["Exordium","TheCity","TheBeyond","TheEnding"],"potions_floor_usage":[55,55,55,55,55],"damage_taken":[{"damage":0.0,"enemies":"Small Slimes","floor":1.0,"turns":3.0},{"damage":0.0,"enemies":"Cultist","floor":3.0,"turns":6.0},{"damage":0.0,"enemies":"Jaw Worm","floor":4.0,"turns":4.0},{"damage":0.0,"enemies":"Blue Slaver","floor":5.0,"turns":5.0},{"damage":5.0,"enemies":"Lagavulin","floor":10.0,"turns":6.0},{"damage":4.0,"enemies":"Exordium Thugs","floor":14.0,"turns":4.0},{"damage":8.0,"enemies":"The Guardian","floor":16.0,"turns":9.0},{"damage":0.0,"enemies":"Chosen","floor":18.0,"turns":5.0},{"damage":0.0,"enemies":"2 Thieves","floor":19.0,"turns":4.0},{"damage":53.0,"enemies":"Cultist and Chosen","floor":21.0,"turns":11.0},{"damage":3.0,"enemies":"Sentry and Sphere","floor":22.0,"turns":5.0},{"damage":0.0,"enemies":"Centurion and Healer","floor":24.0,"turns":8.0},{"damage":0.0,"enemies":"Snake Plant","floor":27.0,"turns":4.0},{"damage":1.0,"enemies":"Snecko","floor":28.0,"turns":6.0},{"damage":5.0,"enemies":"Shelled Parasite and Fungi","floor":31.0,"turns":5.0},{"damage":18.0,"enemies":"Champ","floor":33.0,"turns":12.0},{"damage":7.0,"enemies":"Orb Walker","floor":35.0,"turns":5.0},{"damage":5.0,"enemies":"3 Shapes","floor":36.0,"turns":6.0},{"damage":0.0,"enemies":"Maw","floor":38.0,"turns":8.0},{"damage":7.0,"enemies":"Jaw Worm Horde","floor":39.0,"turns":7.0},{"damage":12.0,"enemies":"Writhing Mass","floor":41.0,"turns":9.0},{"damage":0.0,"enemies":"Spire Growth","floor":42.0,"turns":3.0},{"damage":9.0,"enemies":"Transient","floor":45.0,"turns":5.0},{"damage":0.0,"enemies":"Writhing Mass","floor":46.0,"turns":3.0},{"damage":0.0,"enemies":"Jaw Worm Horde","floor":47.0,"turns":2.0},{"damage":1.0,"enemies":"Donu and Deca","floor":50.0,"turns":5.0},{"damage":0.0,"enemies":"Shield and Spear","floor":54.0,"turns":2.0},{"damage":44,"enemies":"The Heart","floor":55,"turns":5}],"seed_played":"4021309013471471409","potions_obtained":[{"floor":1.0,"key":"LiquidMemories"},{"floor":5.0,"key":"BlessingOfTheForge"},{"floor":10.0,"key":"Fire Potion"},{"floor":14.0,"key":"DistilledChaos"},{"floor":20.0,"key":"Fruit Juice"},{"floor":20.0,"key":"CultistPotion"},{"floor":31.0,"key":"EntropicBrew"},{"floor":36.0,"key":"SteroidPotion"},{"floor":45.0,"key":"Block Potion"},{"floor":47.0,"key":"PowerPotion"}],"is_trial":false,"path_per_floor":["M","?","M","M","M","R","?","R","T","E","R","$","R","M","R","B",null,"M","M","?","M","M","R","M","R","T","M","M","R","$","M","R","B",null,"M","M","?","M","M","R","M","M","T","R","M","M","M","$","R","B",null,"R","$","E","B",null],"character_chosen":"THE_SILENT","items_purchased":["Apotheosis","Prepared"],"campfire_rested":1,"item_purchase_floors":[30,30],"current_hp_per_floor":[49,42,42,42,42,42,35,35,35,30,30,30,30,26,26,18,70,70,70,75,22,19,41,41,41,41,41,40,40,40,35,35,17,75,68,63,63,63,56,56,44,44,44,44,35,35,35,35,35,34,75,75,75,75,31],"gold":71,"neow_bonus":"REMOVE_TWO","is_daily":false,"chose_seed":false,"campfire_upgraded":11,"win_rate":0.0,"timestamp":1611112368,"path_taken":["M","?","M","M","M","R","?","R","T","E","R","?","R","?","R","BOSS","M","M","?","M","M","R","M","R","T","M","M","R","$","?","R","BOSS","M","M","?","M","M","R","M","M","T","R","M","M","M","$","R","BOSS","R","$","E","BOSS"],"items_purchased_type":["Card","Card"],"build_version":"2020-12-22","purchased_purges":4,"victory":true,"max_hp_per_floor":[70,70,70,70,70,70,70,70,70,70,70,70,70,70,70,70,70,70,70,75,75,75,75,75,75,75,75,75,75,75,75,75,75,75,75,75,75,75,75,75,75,75,75,75,75,75,75,75,75,75,75,75,75,75,75],"card_choices":[{"not_picked":["Deflect","Slice","PiercingWail"],"picked":"SKIP","floor":1.0},{"not_picked":["Prepared","Dodge and Roll"],"picked":"Deadly Poison","floor":3.0},{"not_picked":["Quick Slash","Deadly Poison","Sucker Punch"],"picked":"SKIP","floor":4.0},{"not_picked":["Cloak And Dagger","Blur","Dagger Spray"],"picked":"SKIP","floor":5.0},{"not_picked":["PiercingWail","Flying Knee"],"picked":"Expertise","floor":10.0},{"not_picked":["Endless Agony","Die Die Die","Dagger Throw"],"picked":"SKIP","floor":14.0},{"not_picked":["Backstab","Blade Dance"],"picked":"Acrobatics","floor":18.0},{"not_picked":["All Out Attack","PiercingWail","Poisoned Stab"],"picked":"SKIP","floor":19.0},{"not_picked":["Dagger Spray","Dagger Throw"],"picked":"Calculated Gamble+1","floor":21.0},{"not_picked":["Predator","All Out Attack+1"],"picked":"Reflex","floor":22.0},{"not_picked":["Outmaneuver","Deflect"],"picked":"Well Laid Plans","floor":24.0},{"not_picked":["Slice+1","Doppelganger","Backflip"],"picked":"SKIP","floor":27.0},{"not_picked":["Slice","Outmaneuver+1"],"picked":"Setup","floor":28.0},{"not_picked":["PiercingWail","Outmaneuver","Backflip+1"],"picked":"SKIP","floor":31.0},{"not_picked":["Dodge and Roll+1","Infinite Blades+1","Dagger Throw"],"picked":"SKIP","floor":35.0},{"not_picked":["Bane","Outmaneuver","Slice+1"],"picked":"SKIP","floor":36.0},{"not_picked":["All Out Attack","Bouncing Flask","Sucker Punch"],"picked":"SKIP","floor":38.0},{"not_picked":["Bane+1","Slice"],"picked":"Footwork+1","floor":39.0},{"not_picked":["Calculated Gamble","Dodge and Roll+1"],"picked":"Tactician+1","floor":41.0},{"not_picked":["All Out Attack+1","Backflip","Blur+1"],"picked":"SKIP","floor":42.0},{"not_picked":["Heel Hook","Bane+1","Slice+1"],"picked":"SKIP","floor":45.0},{"not_picked":["Noxious Fumes+1","Outmaneuver+1","Unload"],"picked":"SKIP","floor":46.0},{"not_picked":["Bouncing Flask","Slice+1","Dagger Spray"],"picked":"SKIP","floor":47.0},{"not_picked":["Expertise+1","Glass Knife"],"picked":"Underhanded Strike+1","floor":54.0}],"player_experience":2275593,"relics_obtained":[],"event_choices":[{"cards_removed":["Strike_G"],"damage_healed":0.0,"max_hp_gain":0.0,"max_hp_loss":0.0,"gold_gain":0.0,"event_name":"Golden Wing","player_choice":"Card Removal","floor":2.0,"gold_loss":0.0,"damage_taken":7.0},{"damage_healed":0.0,"max_hp_gain":0.0,"max_hp_loss":0.0,"gold_gain":75.0,"event_name":"FaceTrader","player_choice":"Touch","floor":7.0,"gold_loss":0.0,"damage_taken":7.0},{"damage_healed":0.0,"max_hp_gain":0.0,"max_hp_loss":0.0,"gold_gain":0.0,"event_name":"The Woman in Blue","player_choice":"Bought 2 Potions","floor":20.0,"gold_loss":0.0,"damage_taken":0.0},{"damage_healed":0.0,"max_hp_gain":0.0,"max_hp_loss":0.0,"gold_gain":0.0,"event_name":"Tomb of Lord Red Mask","player_choice":"Ignored","floor":37.0,"gold_loss":0.0,"damage_taken":0.0}],"is_beta":false,"boss_relics":[{"not_picked":["WristBlade","Coffee Dripper","Runic Dome"]},{"not_picked":["WristBlade","Coffee Dripper","Runic Dome"]}],"items_purged_floors":[12,30,48,53],"is_endless":false,"potions_floor_spawned":[1,5,10,14,18,21,31,36,39,45,47,54],"ascension_level":0}}