{"host":"6a92uynocv4elkyp","time":1611178489,"event":{"mods":["AchievementEnabler","BaseMod","Hubris","Infinite Spire","Minty Spire (QoL Compilation)","Quick Restart","Replay The Spire","StSLib"],"gold_per_floor":[99,159,234,273,324,426,513,615,641,746,746,848,929,1019,1019,1019,1019],"floor_reached":16,"language":"ENG","playtime":961,"items_purged":[],"score":312,"play_id":"45dea087-8661-430d-8f7c-dab66e48fda4","local_time":"20210120223449","daily_mods":["SealedDeck","Diverse","Heirloom","Flight","DeadlyEvents","Elite Swarm","Midas"],"is_ascension_mode":true,"campfire_choices":[{"floor":11,"key":"REST"},{"floor":15,"key":"REST"}],"circlet_count":0,"master_deck":["AscendersBane","Prepared","Bouncing Flask+1","CutThroughFate","Bane","Deadly Poison","Heavy Blade","Double Energy","Flex","Chill","Protect","Acrobatics","Omniscience","Tools of the Trade","Envenom","Feel No Pain","Echo Form","Barricade","hubris:SpecializedCircuitry"],"relics":["replay:Trail_Library","hubris:Spice","Iron Core","infinitespire:ShieldingShard","Pet Ghost","Akabeko","Gremlin Food"],"acts_visited":["Exordium"],"potions_floor_usage":[8,16],"damage_taken":[{"damage":0,"enemies":"Jaw Worm","floor":2,"turns":2},{"damage":4,"enemies":"Small Slimes","floor":4,"turns":2},{"damage":0,"enemies":"Cultist","floor":5,"turns":2},{"damage":12,"enemies":"Gremlin Nob","floor":6,"turns":3},{"damage":16,"enemies":"3 Sentries","floor":7,"turns":7},{"damage":3,"enemies":"Gremlin Nob","floor":8,"turns":3},{"damage":20,"enemies":"Lagavulin","floor":10,"turns":5},{"damage":15,"enemies":"3 Sentries","floor":12,"turns":6},{"damage":5,"enemies":"Lagavulin","floor":13,"turns":4},{"damage":24,"enemies":"Gremlin Nob","floor":14,"turns":4},{"damage":33,"enemies":"The Guardian","floor":16,"turns":2}],"seed_played":"2143527504945402357","potions_obtained":[{"floor":2,"key":"Fire Potion"},{"floor":4,"key":"FocusPotion"},{"floor":8,"key":"Strength Potion"}],"is_trial":true,"path_per_floor":["?","M","?","M","M","E","E","E","T","E","R","E","E","E","R","B"],"character_chosen":"DEFECT","items_purchased":[],"campfire_rested":2,"item_purchase_floors":[],"current_hp_per_floor":[72,72,72,68,68,64,48,45,45,25,51,36,31,7,30,0,0],"gold":1019,"neow_bonus":"","is_daily":false,"chose_seed":false,"campfire_upgraded":0,"win_rate":0.0,"timestamp":1611178489,"path_taken":["?","M","?","M","?","E","E","E","T","E","R","E","E","?","R","BOSS"],"items_purchased_type":[],"build_version":"2020-12-22","purchased_purges":0,"victory":false,"max_hp_per_floor":[79,79,79,79,79,87,87,87,87,87,87,79,79,79,79,79,79],"card_choices":[{"not_picked":["Consume","Iron Wave"],"picked":"Acrobatics","floor":2},{"not_picked":["Evaluate","Accuracy","Beam Cell"],"picked":"SKIP","floor":4},{"not_picked":["ClearTheMind","WreathOfFlame","Steam"],"picked":"SKIP","floor":5},{"not_picked":["Wish","Fission","Biased Cognition"],"picked":"SKIP","floor":6},{"not_picked":["Glass Knife","Seek"],"picked":"Omniscience","floor":7},{"not_picked":["Demonic Infusion","Limit Break"],"picked":"Tools of the Trade","floor":8},{"not_picked":["infinitespire:Neurotoxin","Replay:Many Hands"],"picked":"Envenom","floor":10},{"not_picked":["Unload","hubris:SpiceAddiction"],"picked":"Echo Form","floor":12},{"not_picked":["hubris:SpiceAddiction","DeusExMachina"],"picked":"Barricade","floor":13},{"not_picked":["Replay:Many Hands","Impervious"],"picked":"hubris:SpecializedCircuitry","floor":14}],"player_experience":134194,"relics_obtained":[{"floor":6,"key":"hubris:Spice"},{"floor":7,"key":"infinitespire:ShieldingShard"},{"floor":8,"key":"Pet Ghost"},{"floor":10,"key":"Akabeko"},{"floor":12,"key":"hubris:Spice"},{"floor":14,"key":"Gremlin Food"}],"event_choices":[{"damage_healed":0,"gold_gain":75,"player_choice":"Gained Gold","damage_taken":0,"max_hp_gain":0,"max_hp_loss":0,"event_name":"Golden Wing","floor":3,"gold_loss":0}],"is_beta":false,"boss_relics":[],"items_purged_floors":[],"is_endless":false,"potions_floor_spawned":[2,4,8,10,12],"killed_by":"The Guardian","ascension_level":20}}