{"host":"6wux4armhsntp4yb","time":1611132987,"event":{"mods":["BaseMod","Colored Map","DeckTracker","Minty Spire (QoL Compilation)","Relic Stats"],"gold_per_floor":[217,236,249,260,21,21,51,51,126,156,156,23,35,110,110,185,185,202,202,202,202,252,252,105,105,105,105,105],"floor_reached":27,"language":"JPN","playtime":1110,"items_purged":["Strike_G","Strike_G","Defend_G"],"score":534,"play_id":"d0e672ac-2e8c-42e6-b4de-cdd8fd8d0f5c","local_time":"20210120175627","is_ascension_mode":true,"campfire_choices":[{"data":"Neutralize","floor":6.0,"key":"SMITH"},{"data":"Bouncing Flask","floor":8.0,"key":"SMITH"},{"data":"Catalyst","floor":11.0,"key":"SMITH"},{"data":"Sucker Punch","floor":15.0,"key":"SMITH"},{"data":"Catalyst","floor":23.0,"key":"SMITH"},{"floor":25.0,"key":"REST"}],"circlet_count":0,"master_deck":["AscendersBane","Defend_G","Defend_G","Defend_G","Defend_G","Survivor","Neutralize+1","Dagger Throw","Sucker Punch+1","PiercingWail","Backstab","Bouncing Flask+1","Catalyst+1","Tools of the Trade","Expertise+1","Flechettes+1","Blade Dance+1","Catalyst+1","Reflex"],"relics":["Ring of the Snake","Lantern","Turnip","HornCleat","Smiling Mask","Astrolabe","Molten Egg 2"],"acts_visited":["Exordium","TheCity"],"potions_floor_usage":[27],"damage_taken":[{"damage":14.0,"enemies":"Cultist","floor":1.0,"turns":7.0},{"damage":0.0,"enemies":"2 Louse","floor":2.0,"turns":3.0},{"damage":4.0,"enemies":"Small Slimes","floor":3.0,"turns":5.0},{"damage":0.0,"enemies":"Looter","floor":4.0,"turns":4.0},{"damage":13.0,"enemies":"Lagavulin","floor":7.0,"turns":8.0},{"damage":16.0,"enemies":"Gremlin Nob","floor":10.0,"turns":4.0},{"damage":0.0,"enemies":"2 Fungi Beasts","floor":13.0,"turns":3.0},{"damage":0.0,"enemies":"Hexaghost","floor":16.0,"turns":6.0},{"damage":4.0,"enemies":"2 Thieves","floor":18.0,"turns":3.0},{"damage":53,"enemies":"Slavers","floor":27,"turns":6}],"seed_played":"5618070879742924493","potions_obtained":[{"floor":2.0,"key":"Energy Potion"},{"floor":4.0,"key":"CultistPotion"}],"is_trial":false,"path_per_floor":["M","M","M","M","$","R","E","R","T","E","R","$","M","?","R","B",null,"M","?","?","?","?","R","$","R","T","E"],"character_chosen":"THE_SILENT","items_purchased":["Lantern","Regen Potion","Reflex","Block Potion"],"campfire_rested":1,"item_purchase_floors":[5,12,24,24],"current_hp_per_floor":[45,45,41,41,41,41,28,28,28,12,12,12,12,1,1,16,54,50,50,32,32,32,32,32,53,53,0,0],"gold":105,"neow_bonus":"HUNDRED_GOLD","is_daily":false,"chose_seed":false,"campfire_upgraded":5,"win_rate":0.0,"timestamp":1611132987,"path_taken":["M","?","M","M","$","R","E","R","T","E","R","$","?","?","R","BOSS","M","?","?","?","?","R","?","R","T","E"],"items_purchased_type":["Relic","Potion","Card","Potion"],"build_version":"2020-12-22","purchased_purges":3,"victory":false,"max_hp_per_floor":[66,66,66,66,66,66,66,66,66,66,66,66,66,66,66,66,66,66,66,71,71,71,71,71,71,71,71,71],"relic_stats":{"counters":[10,49],"Astrolabe":["Expertise","Flechettes","Blade Dance"],"Turnip":[0],"Smiling Mask":125,"obtain_stats":[{"Lantern":5,"HornCleat":9,"Astrolabe":17,"Molten Egg 2":26,"Turnip":7,"Smiling Mask":10,"Ring of the Snake":0},{"Lantern":4,"HornCleat":5,"Astrolabe":8,"Molten Egg 2":9,"Turnip":5,"Smiling Mask":6,"Ring of the Snake":0},{"Lantern":19,"HornCleat":27,"Astrolabe":40,"Molten Egg 2":43,"Turnip":27,"Smiling Mask":31,"Ring of the Snake":0}],"Ring of the Snake":[20]},"card_choices":[{"not_picked":["Outmaneuver","Leg Sweep"],"picked":"Dagger Throw","floor":1.0},{"not_picked":["Dodge and Roll","Prepared"],"picked":"Sucker Punch","floor":2.0},{"not_picked":["Blur","Outmaneuver"],"picked":"PiercingWail","floor":3.0},{"not_picked":["Cloak And Dagger","Riddle With Holes"],"picked":"Backstab","floor":4.0},{"not_picked":["Sucker Punch","Leg Sweep"],"picked":"Bouncing Flask","floor":7.0},{"not_picked":["Distraction","Sucker Punch"],"picked":"Catalyst","floor":10.0},{"not_picked":["Slice","Deflect","Outmaneuver"],"picked":"SKIP","floor":13.0},{"not_picked":["Malaise","Doppelganger"],"picked":"Tools of the Trade","floor":16.0},{"not_picked":["Leg Sweep","Prepared"],"picked":"Catalyst","floor":18.0}],"player_experience":5816214,"relics_obtained":[{"floor":7.0,"key":"Turnip"},{"floor":9.0,"key":"HornCleat"},{"floor":10.0,"key":"Smiling Mask"},{"floor":26.0,"key":"Molten Egg 2"}],"event_choices":[{"damage_healed":0.0,"max_hp_gain":0.0,"max_hp_loss":0.0,"gold_gain":75.0,"event_name":"World of Goop","player_choice":"Gather Gold","floor":14.0,"gold_loss":0.0,"damage_taken":11.0},{"damage_healed":0.0,"max_hp_gain":0.0,"max_hp_loss":0.0,"gold_gain":0.0,"event_name":"Ghosts","player_choice":"Ignored","floor":19.0,"gold_loss":0.0,"damage_taken":0.0},{"damage_healed":0.0,"max_hp_gain":5.0,"max_hp_loss":0.0,"gold_gain":0.0,"event_name":"Forgotten Altar","player_choice":"Shed Blood","floor":20.0,"gold_loss":0.0,"damage_taken":23.0},{"damage_healed":0.0,"max_hp_gain":0.0,"max_hp_loss":0.0,"gold_gain":0.0,"event_name":"Vampires","player_choice":"Ignored","floor":21.0,"gold_loss":0.0,"damage_taken":0.0},{"damage_healed":0.0,"max_hp_gain":0.0,"max_hp_loss":0.0,"gold_gain":50.0,"event_name":"Nest","player_choice":"Stole From Cult","floor":22.0,"gold_loss":0.0,"damage_taken":0.0}],"is_beta":false,"boss_relics":[{"not_picked":["SlaversCollar","SacredBark"],"picked":"Astrolabe"}],"items_purged_floors":[5,12,24],"is_endless":false,"potions_floor_spawned":[2,4,13],"killed_by":"Slavers","ascension_level":20}}