{"host":"4cz9gr89nglr7k8k","time":1611173466,"event":{"mods":["BaseMod","Minty Spire (QoL Compilation)","Relic Stats","Slay-I"],"gold_per_floor":[109,259,16,28,45,72,72,105,130,130,144,171,17,17,17,94,94,111,128,128,128,28,28,46,46,46,62,94,94,94,94,94],"floor_reached":31,"language":"DEU","playtime":677,"items_purged":["Doubt","Decay"],"score":542,"play_id":"7fcc4d9e-977e-4b2c-adf3-f60caa35f982","local_time":"20210120211106","is_ascension_mode":true,"campfire_choices":[{"floor":7,"key":"REST"},{"floor":10,"key":"REST"},{"floor":15,"key":"REST"},{"floor":23,"key":"REST"},{"floor":25,"key":"REST"},{"floor":29,"key":"REST"}],"circlet_count":0,"master_deck":["AscendersBane","Strike_R+1","Strike_R+1","Strike_R","Strike_R","Strike_R","Defend_R","Defend_R","Defend_R","Defend_R","Bash","Thunderclap","Pummel","Infernal Blade","Infernal Blade","Flex","Shockwave","Metallicize","Immolate","Parasite","Impervious","Flex","Rampage","Whirlwind+1","Writhe","Clothesline","Cleave","Whirlwind+1"],"relics":["Burning Blood","NeowsBlessing","Lee\u0027s Waffle","Potion Belt","Boot","Lantern","Gremlin Horn","Cursed Key","Whetstone","Omamori"],"acts_visited":["Exordium","TheCity"],"potions_floor_usage":[16,16,16,28,28,28],"damage_taken":[{"damage":0,"enemies":"Jaw Worm","floor":1,"turns":1},{"damage":0,"enemies":"2 Louse","floor":4,"turns":1},{"damage":0,"enemies":"Small Slimes","floor":5,"turns":1},{"damage":39,"enemies":"Gremlin Nob","floor":6,"turns":4},{"damage":35,"enemies":"Lagavulin","floor":8,"turns":4},{"damage":16,"enemies":"3 Louse","floor":11,"turns":2},{"damage":24,"enemies":"3 Sentries","floor":12,"turns":6},{"damage":32,"enemies":"Hexaghost","floor":16,"turns":7},{"damage":29,"enemies":"2 Thieves","floor":18,"turns":4},{"damage":49,"enemies":"Shell Parasite","floor":19,"turns":7},{"damage":16,"enemies":"Snecko","floor":24,"turns":5},{"damage":0,"enemies":"3 Cultists","floor":27,"turns":2},{"damage":51,"enemies":"Book of Stabbing","floor":28,"turns":6},{"damage":38,"enemies":"Slavers","floor":31,"turns":3}],"seed_played":"3573298648685739746","potions_obtained":[{"floor":5,"key":"SkillPotion"},{"floor":6,"key":"SpeedPotion"},{"floor":8,"key":"SkillPotion"},{"floor":12,"key":"CultistPotion"},{"floor":19,"key":"EssenceOfSteel"},{"floor":27,"key":"Weak Potion"}],"is_trial":false,"path_per_floor":["M","?","$","M","M","E","R","E","T","R","M","E","$","?","R","B",null,"M","M","?","?","$","R","M","R","T","M","E","R","?","E"],"character_chosen":"IRONCLAD","items_purchased":["Lee\u0027s Waffle","Immolate"],"campfire_rested":6,"item_purchase_floors":[3,13],"current_hp_per_floor":[74,74,82,82,82,49,73,44,44,68,58,40,40,60,82,56,76,53,10,10,10,10,34,24,48,48,54,9,33,33,0,0],"gold":94,"neow_bonus":"THREE_ENEMY_KILL","is_daily":false,"chose_seed":false,"campfire_upgraded":0,"win_rate":0.0,"timestamp":1611173466,"path_taken":["M","?","$","M","M","E","R","E","T","R","M","E","$","?","R","BOSS","M","M","?","?","$","R","M","R","T","M","E","R","?","E"],"items_purchased_type":["Relic","Card"],"build_version":"2020-12-22","purchased_purges":2,"victory":false,"max_hp_per_floor":[75,75,82,82,82,82,82,82,82,82,82,82,82,82,82,82,82,82,82,82,82,82,82,82,82,82,82,82,82,82,82,82],"relic_stats":{"Lee\u0027s Waffle":8,"Gremlin Horn":[4,4],"counters":[14,53],"Whetstone":["Strike_R","Strike_R"],"Boot":[51],"Cursed Key":1,"obtain_stats":[{"Potion Belt":6,"Lee\u0027s Waffle":3,"Lantern":9,"NeowsBlessing":0,"Gremlin Horn":12,"Omamori":28,"Whetstone":26,"Boot":8,"Cursed Key":17,"Burning Blood":0},{"Potion Belt":4,"Lee\u0027s Waffle":1,"Lantern":5,"NeowsBlessing":0,"Gremlin Horn":7,"Omamori":13,"Whetstone":11,"Boot":5,"Cursed Key":8,"Burning Blood":0},{"Potion Belt":7,"Lee\u0027s Waffle":1,"Lantern":11,"NeowsBlessing":0,"Gremlin Horn":19,"Omamori":50,"Whetstone":42,"Boot":11,"Cursed Key":26,"Burning Blood":0}],"Burning Blood":66},"card_choices":[{"not_picked":["Warcry","Hemokinesis"],"picked":"Thunderclap","floor":1},{"not_picked":["Heavy Blade","Fire Breathing"],"picked":"Pummel","floor":4},{"not_picked":["Perfected Strike","Dark Embrace"],"picked":"Infernal Blade","floor":5},{"not_picked":["Thunderclap","Heavy Blade"],"picked":"Infernal Blade","floor":6},{"not_picked":["Searing Blow","Disarm"],"picked":"Flex","floor":8},{"not_picked":["Power Through","Perfected Strike"],"picked":"Shockwave","floor":11},{"not_picked":["Power Through","Flame Barrier"],"picked":"Metallicize","floor":12},{"not_picked":["Berserk","Corruption"],"picked":"Impervious","floor":16},{"not_picked":["Shrug It Off","Havoc"],"picked":"Flex","floor":18},{"not_picked":["Shrug It Off","Burning Pact"],"picked":"Rampage","floor":19},{"not_picked":["True Grit","Warcry+1"],"picked":"Whirlwind+1","floor":24},{"not_picked":["Rampage","Body Slam"],"picked":"Clothesline","floor":27},{"not_picked":["Dual Wield","Heavy Blade"],"picked":"Cleave","floor":28}],"player_experience":1512683,"relics_obtained":[{"floor":6,"key":"Potion Belt"},{"floor":8,"key":"Boot"},{"floor":9,"key":"Lantern"},{"floor":12,"key":"Gremlin Horn"},{"floor":26,"key":"Whetstone"},{"floor":28,"key":"Omamori"}],"event_choices":[{"damage_healed":0,"gold_gain":150,"player_choice":"AGREE","damage_taken":0,"max_hp_gain":0,"max_hp_loss":0,"event_name":"Liars Game","floor":2,"gold_loss":0,"cards_obtained":["Doubt"]},{"damage_healed":20,"gold_gain":0,"player_choice":"Healed and dodged fight","damage_taken":0,"max_hp_gain":0,"max_hp_loss":0,"event_name":"Mushrooms","floor":14,"gold_loss":0,"cards_obtained":["Parasite"]},{"damage_healed":0,"gold_gain":0,"player_choice":"Ignored","damage_taken":0,"max_hp_gain":0,"max_hp_loss":0,"event_name":"Cursed Tome","floor":20,"gold_loss":0},{"damage_healed":0,"gold_gain":0,"player_choice":"Smashed Altar","damage_taken":0,"max_hp_gain":0,"max_hp_loss":0,"event_name":"Forgotten Altar","floor":21,"gold_loss":0,"cards_obtained":["Decay"]},{"damage_healed":0,"gold_gain":0,"player_choice":"Copied","damage_taken":0,"max_hp_gain":0,"max_hp_loss":0,"event_name":"Duplicator","floor":30,"gold_loss":0,"cards_obtained":["Whirlwind"]}],"is_beta":false,"boss_relics":[{"not_picked":["Sozu","Black Blood"],"picked":"Cursed Key"}],"items_purged_floors":[3,22],"is_endless":false,"potions_floor_spawned":[5,6,8,12,19,27],"killed_by":"Slavers","ascension_level":20}}