{"host":"4bbalj7r5kimsnho","time":1611162094,"event":{"mods":["AchievementEnabler","BaseMod","Colored Powertips","Hermit","Minty Spire (QoL Compilation)","StSLib"],"gold_per_floor":[111,128,128,142,142,142,167,167,167,198,221,242,262,280,280,404,404,418,432,455,80,80,80,80],"floor_reached":23,"language":"ENG","playtime":1022,"items_purged":["Strike_B"],"score":217,"play_id":"0802e80b-c922-4df9-aa3a-1409b5c4f7f2","local_time":"20210120170134","is_ascension_mode":true,"campfire_choices":[{"data":"Dualcast","floor":6,"key":"SMITH"},{"data":"Reboot","floor":8,"key":"SMITH"},{"data":"Melter","floor":15,"key":"SMITH"}],"circlet_count":0,"master_deck":["Strike_B","Strike_B","Strike_B","Defend_B","Defend_B","Defend_B","Zap","Dualcast+1","Reboot+1","Leap","Streamline","Injury","FTL","Conserve Battery","Sweeping Beam","Redo","BootSequence","Hyperbeam","Static Discharge","Melter+1"],"relics":["Cracked Core","Golden Idol","Tiny Chest","Meat on the Bone","Runic Pyramid","PrismaticShard","Juzu Bracelet"],"acts_visited":["Exordium","TheCity"],"potions_floor_usage":[7,18],"damage_taken":[{"damage":2,"enemies":"Jaw Worm","floor":1,"turns":3},{"damage":10,"enemies":"2 Louse","floor":2,"turns":2},{"damage":1,"enemies":"Cultist","floor":4,"turns":3},{"damage":5,"enemies":"Gremlin Gang","floor":7,"turns":3},{"damage":27,"enemies":"Lagavulin","floor":10,"turns":6},{"damage":5,"enemies":"2 Fungi Beasts","floor":11,"turns":3},{"damage":0,"enemies":"Large Slime","floor":12,"turns":3},{"damage":0,"enemies":"3 Louse","floor":13,"turns":1},{"damage":3,"enemies":"Blue Slaver","floor":14,"turns":2},{"damage":36,"enemies":"The Guardian","floor":16,"turns":11},{"damage":16,"enemies":"2 Thieves","floor":18,"turns":3},{"damage":3,"enemies":"Chosen","floor":19,"turns":4},{"damage":40,"enemies":"3 Cultists","floor":20,"turns":6},{"damage":32,"enemies":"Slavers","floor":23,"turns":2}],"seed_played":"-9135749400910284300","potions_obtained":[{"floor":4,"key":"Energy Potion"},{"floor":11,"key":"Explosive Potion"},{"floor":12,"key":"AttackPotion"},{"floor":14,"key":"DistilledChaos"},{"floor":18,"key":"AttackPotion"}],"is_trial":false,"path_per_floor":["M","M","?","M","?","R","M","R","T","E","M","M","M","M","R","B",null,"M","M","M","$","?","E"],"character_chosen":"DEFECT","items_purchased":["PrismaticShard","Juzu Bracelet"],"campfire_rested":0,"item_purchase_floors":[21,21],"current_hp_per_floor":[73,63,63,62,62,62,57,57,57,30,37,49,49,46,46,22,75,59,56,28,28,28,0,0],"gold":80,"neow_bonus":"ONE_RANDOM_RARE_CARD","is_daily":false,"chose_seed":false,"campfire_upgraded":3,"win_rate":0.0,"timestamp":1611162094,"path_taken":["M","M","?","M","?","R","M","R","T","E","M","M","?","M","R","BOSS","M","M","M","$","?","E"],"items_purchased_type":["Relic","Relic"],"build_version":"2020-12-22","purchased_purges":1,"victory":false,"max_hp_per_floor":[75,75,75,75,75,75,75,75,75,75,75,75,75,75,75,75,75,75,75,75,75,75,75,75],"card_choices":[{"not_picked":["Stack","Beam Cell"],"picked":"Leap","floor":1},{"not_picked":["Skim","Rebound"],"picked":"Streamline","floor":2},{"not_picked":["Consume","Capacitor"],"picked":"FTL","floor":4},{"not_picked":["Redo","Streamline"],"picked":"Sweeping Beam","floor":7},{"not_picked":["Go for the Eyes","Turbo"],"picked":"Redo","floor":10},{"not_picked":["Streamline","Hello World"],"picked":"BootSequence","floor":11},{"not_picked":["Leap","Tempest"],"picked":"Hyperbeam","floor":12},{"not_picked":["Self Repair","Go for the Eyes"],"picked":"Static Discharge","floor":13},{"not_picked":["BootSequence","Go for the Eyes"],"picked":"Melter","floor":14},{"not_picked":["Redo","Steam","Undo"],"picked":"SKIP","floor":18},{"not_picked":["Conserve Battery","Reprogram","Compile Driver"],"picked":"SKIP","floor":19},{"not_picked":["Leap","Double Energy","Stack"],"picked":"SKIP","floor":20}],"player_experience":105123,"relics_obtained":[{"floor":9,"key":"Tiny Chest"},{"floor":10,"key":"Meat on the Bone"}],"event_choices":[{"damage_healed":0,"gold_gain":0,"player_choice":"Take Wound","damage_taken":0,"relics_obtained":["Golden Idol"],"max_hp_gain":0,"max_hp_loss":0,"event_name":"Golden Idol","floor":3,"gold_loss":0,"cards_obtained":["Injury"]},{"damage_healed":0,"gold_gain":0,"player_choice":"1 cards matched","damage_taken":0,"max_hp_gain":0,"max_hp_loss":0,"event_name":"Match and Keep!","floor":5,"gold_loss":0,"cards_obtained":["Conserve Battery"]},{"cards_removed":["Defend_B"],"damage_healed":0,"gold_gain":0,"player_choice":"Elegance","damage_taken":0,"max_hp_gain":0,"max_hp_loss":0,"event_name":"Back to Basics","floor":22,"gold_loss":0}],"is_beta":false,"boss_relics":[{"not_picked":["Snecko Eye","Philosopher\u0027s Stone"],"picked":"Runic Pyramid"}],"items_purged_floors":[21],"is_endless":false,"potions_floor_spawned":[4,11,12,14,18,19],"killed_by":"Slavers","ascension_level":2}}