{"host":"627up2rvtmm0cf0r","time":1611145423,"event":{"mods":["100% Spire Juice","ATMod(°¢èªMod)","Act Like it!","BaseMod","Better Vampires","CapriCore","Card Filter","Card Forge","Colored Powertips","DeckTracker","Dota2Spire","Downfall","Energized Spire","Friendly Minions","Highlight Path","Infinite Spire","Jedi Mod","Marked Mod","Mimic Mod","Minty Spire (QoL Compilation)","MostiFishMod","Permanent Neow","Practice Mode","Quick Restart","Relic Stats","Shop Mod","Spicy Shops","StSLib","SuperFastMode","TestMod","The Blackbeard","The Marked","¡¾ÒÅÎï¿¨ÅÆ¡¿REMEMod","²ÐÁôÖ®Îï","óô»ðÖ¸ÄÏ"],"gold_per_floor":[99,118,118,128,139,139,170,170,196,96,106,121,155,165,180,276,276,1,20,37,52,152,172,172,215,241,252,272,71,87,115,126,226,276,20,30,40,40,60,71,96,111,126,156,6,6,6,31,41,41,41,73,73,73,73,73],"floor_reached":57,"language":"ZHS","playtime":2940,"items_purged":["Slimebound:Strike_Slimebound","Slimebound:Strike_Slimebound","Moonworks:Wanted","Slimebound:Tackle"],"score":1624,"play_id":"491deaeb-61bc-4f87-9fd5-c07844d6199a","local_time":"20210120202343","is_ascension_mode":false,"campfire_choices":[{"floor":1,"key":"RECALL"},{"data":"Slimebound:Split","floor":6,"key":"SMITH"},{"data":"Slimebound:Repurpose","floor":10,"key":"SMITH"},{"floor":47,"key":"REST"}],"circlet_count":0,"master_deck":["Slimebound:Defend_Slimebound","Slimebound:Defend_Slimebound","Slimebound:Defend_Slimebound","Slimebound:Defend_Slimebound","Slimebound:Split+1","Slimebound:CorrosiveSpit","Slimebound:Repurpose+1","Slimebound:Repurpose","Slimebound:ComboTackle+1","Slimebound:GoopTackle","Slimebound:ForwardTackle","Slimebound:GoopTackle+1","Slimebound:Nibble","Slimebound:Chomp","Slimebound:SamplingLick+1","Slimebound:ComboTackle+1","Slimebound:ComboTackle","Slimebound:OozeBath","Slimebound:ComboTackle","Slimebound:SamplingLick+1"],"relics":["Slimebound:AbsorbEndCombat","Hammer of Thor","Seething Fire","Anvil of the Gods","DaveBox","testmod-TestBox","REME_ComplimentaryCards","AT_ATBox","Mango","testmod-InjuryResistance","EGODaCapo","Dota2Spire:Butterfly","downfall:HeartBlessingRed","AT_BladeRuinedKing","Fusion Hammer","downfall:HeartBlessingGreen","downfall:HeartBlessingBlue","infinitespire:Bottled Soul","infinitespire:Beetle Shell","Dota2Spire:BladeMail","infinitespire:Satchel","Dota2Spire:ShadowBlade","Tiny House","AT_GuinsooRageblade","Pocketwatch","testmod-IndustrialRevolution","SynthV:C4","Dota2Spire:MagicBottle","Dota2Spire:MaskOfMadness"],"acts_visited":["Exordium","TheCity","TheBeyond","TheEnding"],"potions_floor_usage":[14,36,55,56,56],"damage_taken":[{"damage":0,"enemies":"2 Louse","floor":2,"turns":3},{"damage":2,"enemies":"Cultist","floor":4,"turns":4},{"damage":5,"enemies":"infinitespire:Voidling","floor":5,"turns":4},{"damage":0,"enemies":"Red Slaver","floor":7,"turns":5},{"damage":11,"enemies":"Lagavulin","floor":9,"turns":6},{"damage":0,"enemies":"Red Slaver","floor":11,"turns":4},{"damage":3,"enemies":"2 Fungi Beasts","floor":12,"turns":2},{"damage":5,"enemies":"Gremlin Nob","floor":13,"turns":3},{"damage":1,"enemies":"Exordium Thugs","floor":14,"turns":3},{"damage":3,"enemies":"3 Louse","floor":15,"turns":2},{"damage":7,"enemies":"SI_SHIV_ARCHETYPE","floor":16,"turns":5},{"damage":4,"enemies":"Spheric Guardian","floor":19,"turns":2},{"damage":3,"enemies":"Chosen","floor":20,"turns":3},{"damage":5,"enemies":"Snecko","floor":21,"turns":2},{"damage":1,"enemies":"Shelled Parasite and Fungi","floor":23,"turns":3},{"damage":6,"enemies":"downfall:FleeingMerchant","floor":25,"turns":4},{"damage":20,"enemies":"Slavers","floor":26,"turns":3},{"damage":1,"enemies":"3 Cultists","floor":27,"turns":4},{"damage":0,"enemies":"Centurion and Healer","floor":28,"turns":4},{"damage":2,"enemies":"Chosen and Byrds","floor":30,"turns":3},{"damage":0,"enemies":"Gremlin Leader","floor":31,"turns":3},{"damage":3,"enemies":"Shelled Parasite and Fungi","floor":32,"turns":3},{"damage":2,"enemies":"IC_MUSHROOM_ARCHETYPE","floor":33,"turns":3},{"damage":7,"enemies":"3 Shapes","floor":36,"turns":3},{"damage":0,"enemies":"3 Darklings","floor":37,"turns":3},{"damage":0,"enemies":"Transient","floor":39,"turns":5},{"damage":0,"enemies":"Writhing Mass","floor":40,"turns":2},{"damage":5,"enemies":"4 Shapes","floor":42,"turns":3},{"damage":0,"enemies":"Spire Growth","floor":43,"turns":2},{"damage":3,"enemies":"Nemesis","floor":44,"turns":3},{"damage":2,"enemies":"Giant Head","floor":48,"turns":5},{"damage":1,"enemies":"Transient","floor":49,"turns":5},{"damage":5,"enemies":"DF_ARCHETYPE_ORBS","floor":50,"turns":5},{"damage":6,"enemies":"downfall:CharBossMerchant","floor":52,"turns":4},{"damage":28,"enemies":"downfall:NeowBoss","floor":55,"turns":12},{"damage":26,"enemies":"downfall:NeowBossFinal","floor":56,"turns":6}],"seed_played":"-2746109385224978383","potions_obtained":[{"floor":9,"key":"GamblersBrew"},{"floor":11,"key":"Fire Potion"},{"floor":12,"key":"Dota2Spire:HealingSalve"},{"floor":14,"key":"REME_GoldPotion"},{"floor":16,"key":"SteroidPotion"},{"floor":30,"key":"Slimebound:SpawnSlimePotion"},{"floor":36,"key":"REME_GoldPotion"},{"floor":42,"key":"champ:CounterPotion"}],"is_trial":false,"path_per_floor":["R","M","?","M","M","R","MIM","?","E","R","M","M","E","M","M","B",null,"R","M","M","M","?","M","T","$","E","M","M","$","M","E","M","B",null,"R","M","M","?","M","M","T","M","M","E","R","$","R","E","M","B",null,"E","$","R","B","B",null],"character_chosen":"SLIMEBOUND","items_purchased":["infinitespire:Beetle Shell","Slimebound:Nibble","infinitespire:Satchel","AT_GuinsooRageblade"],"campfire_rested":1,"item_purchase_floors":[25,25,29,35],"current_hp_per_floor":[73,73,73,71,68,68,73,73,67,67,67,66,65,66,63,62,73,83,79,80,75,75,76,76,74,60,67,71,71,71,75,78,82,88,88,85,88,88,88,88,88,87,88,88,88,88,88,88,88,86,88,87,87,87,60,42],"gold":73,"neow_bonus":"ONE_RARE_RELIC","is_daily":false,"chose_seed":false,"campfire_upgraded":2,"win_rate":0.0,"timestamp":1611145423,"path_taken":["R","M","?","?","M","R","MIM","?","E","R","M","M","E","M","M","BOSS","R","M","M","M","?","M","T","$","E","M","?","?","M","E","M","BOSS","R","M","M","?","M","M","T","M","M","E","R","?","R","E","M","BOSS","E","$","R","BOSS","BOSS"],"items_purchased_type":["Relic","Card","Relic","Relic"],"build_version":"2020-12-22","purchased_purges":4,"victory":true,"max_hp_per_floor":[73,73,73,73,73,73,73,73,73,73,73,73,73,73,73,73,73,83,83,83,83,83,83,83,83,83,83,83,83,83,83,83,83,88,88,88,88,88,88,88,88,88,88,88,88,88,88,88,88,88,88,88,88,88,88,88],"relic_stats":{"counters":[36,131],"obtain_stats":[{"Dota2Spire:MaskOfMadness":52,"AT_ATBox":0,"Tiny House":34,"DaveBox":0,"Mango":0,"downfall:HeartBlessingGreen":18,"Hammer of Thor":0,"Dota2Spire:ShadowBlade":31,"SynthV:C4":44,"Dota2Spire:MagicBottle":48,"testmod-InjuryResistance":0,"downfall:HeartBlessingBlue":18,"infinitespire:Bottled Soul":24,"Dota2Spire:BladeMail":26,"Fusion Hammer":17,"AT_GuinsooRageblade":35,"testmod-TestBox":0,"downfall:HeartBlessingRed":10,"AT_BladeRuinedKing":13,"infinitespire:Beetle Shell":25,"Seething Fire":0,"testmod-IndustrialRevolution":41,"Dota2Spire:Butterfly":9,"Anvil of the Gods":0,"EGODaCapo":0,"infinitespire:Satchel":29,"Slimebound:AbsorbEndCombat":0,"REME_ComplimentaryCards":0,"Pocketwatch":38},{"Dota2Spire:MaskOfMadness":34,"AT_ATBox":0,"Tiny House":23,"DaveBox":0,"Mango":0,"downfall:HeartBlessingGreen":11,"Hammer of Thor":0,"Dota2Spire:ShadowBlade":21,"SynthV:C4":30,"Dota2Spire:MagicBottle":31,"testmod-InjuryResistance":0,"downfall:HeartBlessingBlue":11,"infinitespire:Bottled Soul":15,"Dota2Spire:BladeMail":17,"Fusion Hammer":11,"AT_GuinsooRageblade":23,"testmod-TestBox":0,"downfall:HeartBlessingRed":5,"AT_BladeRuinedKing":8,"infinitespire:Beetle Shell":16,"Seething Fire":0,"testmod-IndustrialRevolution":27,"Dota2Spire:Butterfly":5,"Anvil of the Gods":0,"EGODaCapo":0,"infinitespire:Satchel":19,"Slimebound:AbsorbEndCombat":0,"REME_ComplimentaryCards":0,"Pocketwatch":25},{"Dota2Spire:MaskOfMadness":113,"AT_ATBox":0,"Tiny House":73,"DaveBox":0,"Mango":0,"downfall:HeartBlessingGreen":38,"Hammer of Thor":0,"Dota2Spire:ShadowBlade":67,"SynthV:C4":94,"Dota2Spire:MagicBottle":99,"testmod-InjuryResistance":0,"downfall:HeartBlessingBlue":38,"infinitespire:Bottled Soul":48,"Dota2Spire:BladeMail":55,"Fusion Hammer":38,"AT_GuinsooRageblade":73,"testmod-TestBox":0,"downfall:HeartBlessingRed":20,"AT_BladeRuinedKing":28,"infinitespire:Beetle Shell":52,"Seething Fire":0,"testmod-IndustrialRevolution":86,"Dota2Spire:Butterfly":20,"Anvil of the Gods":0,"EGODaCapo":0,"infinitespire:Satchel":62,"Slimebound:AbsorbEndCombat":0,"REME_ComplimentaryCards":0,"Pocketwatch":79}],"Pocketwatch":[15]},"card_choices":[{"not_picked":["Slimebound:SplitLeeching","Slimebound:SpikyOuterGoop"],"picked":"Slimebound:Repurpose","floor":2},{"not_picked":["Slimebound:LeechingTouch","Slimebound:RejuvenatingLick","Slimebound:GoopSpray"],"picked":"SKIP","floor":4},{"not_picked":["Slimebound:SlimeBrawl","Slimebound:LeechEnergy"],"picked":"Slimebound:ComboTackle","floor":5},{"not_picked":["Slimebound:Dissolve","Slimebound:Replication","Slimebound:MassFeed"],"picked":"SKIP","floor":9},{"not_picked":["Slimebound:PressTheAttack","Slimebound:SplitMire","Slimebound:Replication"],"picked":"SKIP","floor":11},{"not_picked":["Slimebound:FormOfPuddle","Slimebound:SamplingLick"],"picked":"Slimebound:GoopTackle","floor":12},{"not_picked":["Slimebound:OneTwoCombo","Slimebound:RejuvenatingLick"],"picked":"Slimebound:ForwardTackle","floor":13},{"not_picked":["Slimebound:Schlurp","Slimebound:DisruptingSlam","Slimebound:PressTheAttack"],"picked":"SKIP","floor":14},{"not_picked":["Slimebound:Schlurp","Slimebound:DisruptingSlam","Slimebound:PressTheAttack"],"picked":"SKIP","floor":14},{"not_picked":["Slimebound:ProtectTheBoss","Slimebound:Grow","Slimebound:SplitLeeching"],"picked":"SKIP","floor":15},{"not_picked":["Slimebound:SamplingLick","Slimebound:PressTheAttack"],"picked":"Slimebound:GoopTackle+1","floor":19},{"not_picked":["Slimebound:SlimeBrawl","Slimebound:SplitBruiser","Slimebound:LeechingTouch"],"picked":"SKIP","floor":20},{"not_picked":["Slimebound:SpikyOuterGoop","Slimebound:Replication+1","Slimebound:WasteNot"],"picked":"SKIP","floor":21},{"not_picked":["Slimebound:GoopSpray","Slimebound:FlameTackle","Slimebound:LivingWall+1"],"picked":"SKIP","floor":23},{"not_picked":["Slimebound:FinishingTackle","Slimebound:Prepare+1","Slimebound:RejuvenatingLick"],"picked":"SKIP","floor":25},{"not_picked":["Slimebound:RainOfGoop","Slimebound:SlimeSpikes"],"picked":"Slimebound:Chomp","floor":26},{"not_picked":["Slimebound:LeadByExample","Slimebound:Chomp"],"picked":"Slimebound:SamplingLick+1","floor":27},{"not_picked":["Slimebound:Grow+1","Slimebound:SlimeBrawl"],"picked":"Slimebound:ComboTackle+1","floor":28},{"not_picked":["Slimebound:Prepare","Slimebound:SlimeTap"],"picked":"Slimebound:ComboTackle","floor":30},{"not_picked":["Slimebound:FormOfPuddle","Slimebound:Prepare+1","Slimebound:Equalize+1"],"picked":"SKIP","floor":31},{"not_picked":["Slimebound:SpikyOuterGoop","Slimebound:Equalize+1","Slimebound:ProtectTheBoss"],"picked":"SKIP","floor":32},{"not_picked":["Slimebound:DuplicatedForm","Slimebound:DouseInSlime"],"picked":"Slimebound:OozeBath","floor":33},{"not_picked":["Slimebound:SplitLeeching+1","Slimebound:Prepare+1"],"picked":"Slimebound:ComboTackle","floor":36},{"not_picked":["Slimebound:AcidTongue+1","Slimebound:OneTwoCombo","Slimebound:LevelUp"],"picked":"SKIP","floor":37},{"not_picked":["Slimebound:SplitAcid","Slimebound:SplitLeeching","Slimebound:SlimeSpikes+1"],"picked":"SKIP","floor":39},{"not_picked":["Slimebound:GoopTackle+1","Slimebound:SplitAcid+1","Slimebound:Replication"],"picked":"SKIP","floor":40},{"not_picked":["Slimebound:GoopSpray+1","Slimebound:SplitMire+1","Slimebound:FormOfPuddle"],"picked":"SKIP","floor":42},{"not_picked":["Slimebound:LivingWall","Slimebound:LeechingTouch","Slimebound:RollThrough"],"picked":"SKIP","floor":43},{"not_picked":["Slimebound:Nibble+1","Slimebound:WasteNot"],"picked":"Slimebound:SamplingLick+1","floor":44},{"not_picked":["Slimebound:ProtectTheBoss","Slimebound:DouseInSlime","Slimebound:ComboTackle"],"picked":"SKIP","floor":48},{"not_picked":["Slimebound:GrowthPunch+1","Slimebound:FormOfPuddle+1","Slimebound:DisruptingSlam"],"picked":"SKIP","floor":49},{"not_picked":["Slimebound:ComboTackle","Slimebound:SplitLeeching","Slimebound:SamplingLick"],"picked":"SKIP","floor":52},{"not_picked":["Slimebound:ComboTackle","Slimebound:SplitLeeching","Slimebound:SamplingLick"],"picked":"SKIP","floor":52}],"player_experience":123949,"relics_obtained":[{"floor":9,"key":"Dota2Spire:Butterfly"},{"floor":13,"key":"AT_BladeRuinedKing"},{"floor":24,"key":"infinitespire:Bottled Soul"},{"floor":26,"key":"Dota2Spire:BladeMail"},{"floor":31,"key":"Dota2Spire:ShadowBlade"},{"floor":38,"key":"Pocketwatch"},{"floor":41,"key":"testmod-IndustrialRevolution"},{"floor":44,"key":"SynthV:C4"},{"floor":48,"key":"Dota2Spire:MagicBottle"},{"floor":52,"key":"Dota2Spire:MaskOfMadness"}],"event_choices":[{"cards_removed":["Slimebound:Strike_Slimebound"],"damage_healed":0,"gold_gain":0,"player_choice":"Card Removal","damage_taken":0,"max_hp_gain":0,"max_hp_loss":0,"event_name":"The Cleric","floor":8,"gold_loss":0}],"is_beta":false,"boss_relics":[{"not_picked":["RhineFirstAidKit","energizedSpire:StickyHand"],"picked":"Fusion Hammer"},{"not_picked":["NightmareShop","testmod-SaigiyounoYou"],"picked":"Tiny House"}],"items_purged_floors":[18,25,29,45],"is_endless":false,"potions_floor_spawned":[9,11,12,14,16,20,28,30,32,33,36,42,44,49],"ascension_level":0}}