{"host":"49c2zf0lajbcs427","time":1611135085,"event":{"mods":["AchievementEnabler","BaseMod","Colored Map","Colored Powertips","Highlight Path","Key Reminder","Minty Spire (QoL Compilation)","Relic Stats","StSLib"],"gold_per_floor":[116,134,60,78,98,98,130,130,178,178,194,194,229,245,245,341,341,357,369,369,369,380,380,413,429,453,487,487,487,503,517,517,619,619,635,635,647,572,572,602,602,620,620,620,647,664,695,708,708,708,708,708,3,30,30],"floor_reached":56,"language":"ENG","playtime":4571,"items_purged":["Strike_B","Strike_B"],"score":1470,"play_id":"3031bdc3-0427-4c10-8029-9a66e857c03c","local_time":"20210120223125","is_ascension_mode":true,"campfire_choices":[{"data":"Defragment","floor":6,"key":"SMITH"},{"data":"FTL","floor":8,"key":"SMITH"},{"data":"Glacier","floor":12,"key":"SMITH"},{"data":"Coolheaded","floor":15,"key":"SMITH"},{"data":"Amplify","floor":23,"key":"SMITH"},{"data":"Buffer","floor":29,"key":"SMITH"},{"data":"Electrodynamics","floor":32,"key":"SMITH"},{"data":"Redo","floor":41,"key":"SMITH"},{"data":"Coolheaded","floor":44,"key":"SMITH"},{"floor":49,"key":"RECALL"},{"data":"Hologram","floor":52,"key":"SMITH"}],"circlet_count":0,"master_deck":["Strike_B","Defend_B","Defend_B+1","Defend_B","Defend_B+1","Zap","Dualcast","Sweeping Beam","Cold Snap","Defragment+1","FTL+1","Glacier+1","Redo+1","Amplify+1","Coolheaded+1","Echo Form","Coolheaded+1","Hologram+1","Doom and Gloom","Electrodynamics+1","Echo Form","Self Repair+1","Buffer+1","Machine Learning","Defragment","Enlightenment","Defragment+1"],"relics":["Coffee Dripper","Matryoshka","Art of War","Akabeko","War Paint","Nuclear Battery","Bag of Marbles","DataDisk","Bronze Scales","Strawberry","Singing Bowl","Runic Pyramid","Symbiotic Virus","Lantern","Pear","DollysMirror","Cables","Oddly Smooth Stone"],"acts_visited":["Exordium","TheCity","TheBeyond","TheEnding"],"potions_floor_usage":[7,16,19,33,50,55,55],"damage_taken":[{"damage":0,"enemies":"Cultist","floor":1,"turns":3},{"damage":1,"enemies":"2 Louse","floor":2,"turns":2},{"damage":6,"enemies":"Jaw Worm","floor":4,"turns":3},{"damage":5,"enemies":"Blue Slaver","floor":5,"turns":4},{"damage":1,"enemies":"Gremlin Nob","floor":7,"turns":3},{"damage":5,"enemies":"Looter","floor":11,"turns":3},{"damage":0,"enemies":"Lagavulin","floor":13,"turns":8},{"damage":0,"enemies":"Exordium Thugs","floor":14,"turns":4},{"damage":1,"enemies":"The Guardian","floor":16,"turns":9},{"damage":1,"enemies":"Chosen","floor":18,"turns":6},{"damage":8,"enemies":"2 Thieves","floor":19,"turns":4},{"damage":0,"enemies":"Cultist and Chosen","floor":22,"turns":5},{"damage":15,"enemies":"Book of Stabbing","floor":24,"turns":5},{"damage":14,"enemies":"Centurion and Healer","floor":25,"turns":5},{"damage":13,"enemies":"Slavers","floor":27,"turns":3},{"damage":4,"enemies":"Snecko","floor":30,"turns":4},{"damage":12,"enemies":"Snake Plant","floor":31,"turns":4},{"damage":0,"enemies":"Automaton","floor":33,"turns":9},{"damage":15,"enemies":"3 Shapes","floor":35,"turns":4},{"damage":0,"enemies":"Orb Walker","floor":37,"turns":4},{"damage":0,"enemies":"Giant Head","floor":40,"turns":9},{"damage":0,"enemies":"Sphere and 2 Shapes","floor":42,"turns":3},{"damage":0,"enemies":"Reptomancer","floor":45,"turns":5},{"damage":1,"enemies":"4 Shapes","floor":46,"turns":4},{"damage":0,"enemies":"Giant Head","floor":47,"turns":8},{"damage":0,"enemies":"Spire Growth","floor":48,"turns":4},{"damage":72,"enemies":"Awakened One","floor":50,"turns":17},{"damage":45,"enemies":"Shield and Spear","floor":54,"turns":5},{"damage":31,"enemies":"The Heart","floor":55,"turns":9}],"seed_played":"914487257148308601","potions_obtained":[{"floor":1,"key":"Fire Potion"},{"floor":5,"key":"PowerPotion"},{"floor":13,"key":"DuplicationPotion"},{"floor":22,"key":"EssenceOfDarkness"},{"floor":25,"key":"Energy Potion"},{"floor":27,"key":"AttackPotion"},{"floor":37,"key":"DuplicationPotion"}],"is_trial":false,"path_per_floor":["M","M","$","M","M","R","E","R","T","?","M","R","E","M","R","B",null,"M","M","?","?","M","R","E","M","T","E","?","R","M","M","R","B",null,"M","?","M","$","?","E","R","M","T","R","E","M","E","M","R","B",null,"R","$","E","B",null],"character_chosen":"DEFECT","items_purchased":["Defragment","Defragment","Enlightenment","DollysMirror","Cables","Dexterity Potion"],"campfire_rested":0,"item_purchase_floors":[3,53,53,53,53,53],"current_hp_per_floor":[75,74,74,68,63,63,62,62,62,62,57,57,57,57,57,56,75,74,66,66,66,66,66,51,37,37,51,51,51,69,69,69,79,86,88,88,90,90,90,92,92,94,94,94,96,98,110,112,112,40,112,112,112,89,68],"gold":30,"neow_bonus":"BOSS_RELIC","is_daily":false,"chose_seed":false,"campfire_upgraded":10,"win_rate":0.0,"timestamp":1611135085,"path_taken":["M","?","?","M","M","R","E","R","T","?","?","R","E","M","R","BOSS","M","M","?","?","?","R","E","M","T","E","?","R","M","M","R","BOSS","M","?","M","$","?","E","R","M","T","R","E","M","E","M","R","BOSS","R","$","E","BOSS"],"items_purchased_type":["Card","Card","Card","Relic","Relic","Potion"],"build_version":"2020-12-22","purchased_purges":2,"victory":true,"max_hp_per_floor":[75,75,75,75,75,75,75,75,75,75,75,75,75,75,75,75,75,75,75,75,75,75,75,75,75,75,82,82,82,84,86,86,86,86,88,88,90,90,90,92,92,94,94,94,96,98,110,112,112,112,112,112,112,114,114],"relic_stats":{"Singing Bowl":22,"counters":[29,156],"Bronze Scales":[355],"Art of War":[24],"War Paint":["Defend_B","Defend_B"],"obtain_stats":[{"Lantern":45,"Pear":47,"Singing Bowl":28,"Oddly Smooth Stone":54,"War Paint":13,"Akabeko":9,"Nuclear Battery":17,"Cables":53,"keyreminder:keyreminder":7,"DataDisk":26,"Matryoshka":7,"DollysMirror":53,"Bronze Scales":26,"Strawberry":27,"Coffee Dripper":0,"Art of War":9,"Bag of Marbles":24,"Cracked Core":0,"Symbiotic Virus":40,"Runic Pyramid":34},{"Lantern":23,"Pear":25,"Singing Bowl":15,"Oddly Smooth Stone":28,"War Paint":7,"Akabeko":5,"Nuclear Battery":9,"Cables":27,"keyreminder:keyreminder":5,"DataDisk":14,"Matryoshka":5,"DollysMirror":27,"Bronze Scales":14,"Strawberry":15,"Coffee Dripper":0,"Art of War":5,"Bag of Marbles":13,"Cracked Core":0,"Symbiotic Virus":21,"Runic Pyramid":18},{"Lantern":109,"Pear":121,"Singing Bowl":67,"Oddly Smooth Stone":147,"War Paint":26,"Akabeko":15,"Nuclear Battery":39,"Cables":142,"keyreminder:keyreminder":15,"DataDisk":64,"Matryoshka":15,"DollysMirror":142,"Bronze Scales":64,"Strawberry":67,"Coffee Dripper":0,"Art of War":15,"Bag of Marbles":59,"Cracked Core":0,"Symbiotic Virus":101,"Runic Pyramid":84}],"Cables":[16,5,6,1,4]},"card_choices":[{"not_picked":["Fusion","Hologram"],"picked":"Sweeping Beam","floor":1},{"not_picked":["Conserve Battery","White Noise"],"picked":"Cold Snap","floor":2},{"not_picked":["Reinforced Body","Aggregate"],"picked":"Rebound","floor":4},{"not_picked":["Redo","Streamline"],"picked":"FTL","floor":5},{"not_picked":["Gash","Streamline","Conserve Battery"],"picked":"SKIP","floor":7},{"not_picked":["Beam Cell","Storm"],"picked":"Redo","floor":11},{"not_picked":["Meteor Strike","Go for the Eyes"],"picked":"Amplify","floor":13},{"not_picked":["Stack","Barrage"],"picked":"Coolheaded","floor":14},{"not_picked":["Thunder Strike","Machine Learning"],"picked":"Echo Form","floor":16},{"not_picked":["Melter","Leap"],"picked":"Coolheaded","floor":18},{"not_picked":["Undo","Steam"],"picked":"Hologram","floor":19},{"not_picked":["Steam","Hologram"],"picked":"Echo Form","floor":22},{"not_picked":["Reprogram","Streamline+1","Chill"],"picked":"SKIP","floor":24},{"not_picked":["Sweeping Beam","Undo+1"],"picked":"Self Repair+1","floor":25},{"not_picked":["Hologram","Biased Cognition"],"picked":"Buffer","floor":27},{"not_picked":["Hologram","Rebound+1","Auto Shields"],"picked":"Singing Bowl","floor":30},{"not_picked":["Leap+1","Compile Driver","Stack"],"picked":"Singing Bowl","floor":31},{"not_picked":["Hyperbeam","Rainbow"],"picked":"Machine Learning","floor":33},{"not_picked":["Redo","Leap+1","Melter"],"picked":"Singing Bowl","floor":35},{"not_picked":["Stack+1","Sweeping Beam+1","Leap"],"picked":"Singing Bowl","floor":37},{"not_picked":["Stack+1","Chill","Undo"],"picked":"Singing Bowl","floor":40},{"not_picked":["Coolheaded+1","FTL","Gash+1"],"picked":"Singing Bowl","floor":42},{"not_picked":["Meteor Strike","Cold Snap","Storm"],"picked":"Singing Bowl","floor":45},{"not_picked":["Undo+1","Go for the Eyes+1","Coolheaded+1"],"picked":"Singing Bowl","floor":46},{"not_picked":["Hologram","Stack+1","Coolheaded"],"picked":"Singing Bowl","floor":47},{"not_picked":["Blizzard+1","BootSequence+1","White Noise+1"],"picked":"Singing Bowl","floor":48},{"not_picked":["Gash+1","Chill+1","Go for the Eyes"],"picked":"Singing Bowl","floor":54}],"player_experience":2327142,"relics_obtained":[{"floor":7,"key":"Matryoshka"},{"floor":9,"key":"Art of War"},{"floor":9,"key":"Akabeko"},{"floor":13,"key":"War Paint"},{"floor":24,"key":"Bag of Marbles"},{"floor":26,"key":"DataDisk"},{"floor":26,"key":"Bronze Scales"},{"floor":27,"key":"Strawberry"},{"floor":40,"key":"Symbiotic Virus"},{"floor":45,"key":"Lantern"},{"floor":47,"key":"Pear"},{"floor":54,"key":"Oddly Smooth Stone"}],"event_choices":[{"damage_healed":0,"gold_gain":0,"cards_transformed":["Strike_B"],"player_choice":"Change","damage_taken":0,"max_hp_gain":0,"max_hp_loss":0,"event_name":"Living Wall","floor":10,"gold_loss":0,"cards_obtained":["Glacier"]},{"damage_healed":0,"gold_gain":0,"player_choice":"Ignored","damage_taken":0,"max_hp_gain":0,"max_hp_loss":0,"event_name":"Vampires","floor":20,"gold_loss":0},{"damage_healed":0,"gold_gain":0,"player_choice":"2 cards matched","damage_taken":0,"max_hp_gain":0,"max_hp_loss":0,"event_name":"Match and Keep!","floor":21,"gold_loss":0,"cards_obtained":["Doom and Gloom","Electrodynamics"]},{"damage_healed":0,"gold_gain":0,"player_choice":"2 cards matched","damage_taken":0,"max_hp_gain":0,"max_hp_loss":0,"event_name":"Match and Keep!","floor":21,"gold_loss":0,"cards_obtained":["Doom and Gloom","Electrodynamics"]},{"damage_healed":0,"gold_gain":0,"player_choice":"Opened","damage_taken":0,"relics_obtained":["Singing Bowl"],"max_hp_gain":0,"max_hp_loss":0,"event_name":"The Mausoleum","floor":28,"gold_loss":0},{"cards_removed":["Rebound"],"damage_healed":0,"gold_gain":0,"player_choice":"Removed Attack","damage_taken":0,"max_hp_gain":0,"max_hp_loss":0,"event_name":"Falling","floor":36,"gold_loss":0},{"damage_healed":0,"gold_gain":0,"player_choice":"Ignored","damage_taken":0,"max_hp_gain":0,"max_hp_loss":0,"event_name":"NoteForYourself","floor":39,"gold_loss":0}],"is_beta":false,"boss_relics":[{"not_picked":["Runic Dome","Empty Cage"],"picked":"Nuclear Battery"},{"not_picked":["Velvet Choker","Astrolabe"],"picked":"Runic Pyramid"}],"items_purged_floors":[38,53],"is_endless":false,"potions_floor_spawned":[1,5,13,22,25,27,31,37,40,46],"ascension_level":1}}