{"host":"iyj530209nkhhjuz","time":1611137418,"event":{"mods":["AchievementEnabler","BaseMod","Better Match","Better Note","Better Third Choice","BetterRewards","Colored Map","Colored Powertips","Dark Map","Fox Events","Highlight Path","Minty Spire (QoL Compilation)","Permanent Neow","Random Character Button","Rare Cards Sparkle","Relic Stats","StSLib","Waifu the Spire"],"gold_per_floor":[111,61,61,80,47,74,74,100,100,117,117,135,171,185,185,314,314,330,330,354,453,453,453,486,486,486,43,43,76,101,114,114,244,307,325,325,95,116,129,168,168,168,214,237,251,287,301,326,326,326,326,326,38,69,69,69],"floor_reached":55,"language":"ENG","playtime":6887,"items_purged":["Strike_B","Regret","Strike_B+1"],"score":1447,"play_id":"8c0d36d0-2389-4efd-b11a-07a050d5b317","local_time":"20210120111018","is_ascension_mode":true,"campfire_choices":[{"data":"Conserve Battery","floor":7.0,"key":"SMITH"},{"floor":15.0,"key":"REST"},{"data":"Zap","floor":23.0,"key":"SMITH"},{"data":"Dualcast","floor":25.0,"key":"SMITH"},{"data":"Ghostly","floor":32.0,"key":"SMITH"},{"data":"Ghostly","floor":42.0,"key":"SMITH"},{"floor":49.0,"key":"RECALL"},{"data":"Hologram","floor":52.0,"key":"SMITH"}],"circlet_count":0,"master_deck":["Strike_B+1","Strike_B+1","Defend_B+1","Defend_B+1","Defend_B+1","Zap+1","Dualcast+1","Ball Lightning","Conserve Battery+1","Defragment+1","Static Discharge+1","Hologram+1","Gash","Capacitor+1","Rebound","Self Repair+1","Gash","Buffer+1","Hologram","Buffer+1","Rebound","Ghostly+1","Ghostly+1","Ghostly","Ghostly+1","Ghostly+1","Self Repair+1","Scrape","Chill","FTL","Creative AI+1","Echo Form+1","Chill","Electrodynamics+1","Buffer+1","Stack+1","Hologram+1","Buffer+1","Parasite","BootSequence+1"],"relics":["Cracked Core","Frozen Egg 2","Toy Ornithopter","Eternal Feather","Question Card","Pen Nib","The Courier","Golden Idol","Potion Belt","Pantograph","Kunai","Ancient Tea Set","Tiny House","Vajra","Du-Vu Doll","Pear","Symbiotic Virus"],"acts_visited":["Exordium","TheCity","TheBeyond","TheEnding"],"potions_floor_usage":[54,54,54],"damage_taken":[{"damage":1.0,"enemies":"Cultist","floor":1.0,"turns":3.0},{"damage":2.0,"enemies":"Small Slimes","floor":4.0,"turns":2.0},{"damage":19.0,"enemies":"Lagavulin","floor":6.0,"turns":5.0},{"damage":3.0,"enemies":"Gremlin Nob","floor":8.0,"turns":3.0},{"damage":4.0,"enemies":"Jaw Worm","floor":10.0,"turns":3.0},{"damage":16.0,"enemies":"Red Slaver","floor":12.0,"turns":3.0},{"damage":16.0,"enemies":"Lagavulin","floor":13.0,"turns":5.0},{"damage":0.0,"enemies":"2 Fungi Beasts","floor":14.0,"turns":2.0},{"damage":22.0,"enemies":"Hexaghost","floor":16.0,"turns":6.0},{"damage":35.0,"enemies":"Shell Parasite","floor":18.0,"turns":4.0},{"damage":29.0,"enemies":"3 Byrds","floor":20.0,"turns":5.0},{"damage":29.0,"enemies":"Slavers","floor":24.0,"turns":7.0},{"damage":19.0,"enemies":"Book of Stabbing","floor":29.0,"turns":5.0},{"damage":2.0,"enemies":"Snecko","floor":30.0,"turns":7.0},{"damage":6.0,"enemies":"Cultist and Chosen","floor":31.0,"turns":7.0},{"damage":8.0,"enemies":"Collector","floor":33.0,"turns":10.0},{"damage":6.0,"enemies":"3 Darklings","floor":35.0,"turns":3.0},{"damage":0.0,"enemies":"3 Shapes","floor":38.0,"turns":7.0},{"damage":16.0,"enemies":"Spire Growth","floor":39.0,"turns":6.0},{"damage":0.0,"enemies":"Giant Head","floor":40.0,"turns":13.0},{"damage":9.0,"enemies":"4 Shapes","floor":44.0,"turns":4.0},{"damage":0.0,"enemies":"Jaw Worm Horde","floor":45.0,"turns":7.0},{"damage":16.0,"enemies":"Reptomancer","floor":46.0,"turns":12.0},{"damage":3.0,"enemies":"Transient","floor":47.0,"turns":5.0},{"damage":15.0,"enemies":"Writhing Mass","floor":48.0,"turns":8.0},{"damage":35.0,"enemies":"Awakened One","floor":50.0,"turns":14.0},{"damage":102,"enemies":"Shield and Spear","floor":54,"turns":7},{"damage":48,"enemies":"The Heart","floor":55,"turns":5}],"seed_played":"6668233359259317072","potions_obtained":[{"floor":1.0,"key":"EssenceOfSteel"},{"floor":10.0,"key":"ColorlessPotion"},{"floor":14.0,"key":"FocusPotion"},{"floor":18.0,"key":"SkillPotion"},{"floor":24.0,"key":"Dexterity Potion"},{"floor":30.0,"key":"FairyPotion"},{"floor":34.0,"key":"FairyPotion"},{"floor":35.0,"key":"SkillPotion"},{"floor":40.0,"key":"SteroidPotion"},{"floor":45.0,"key":"LiquidMemories"},{"floor":48.0,"key":"SteroidPotion"}],"is_trial":false,"path_per_floor":["M","?","?","M","$","E","R","E","T","M","?","M","E","M","R","B",null,"M","?","M","?","?","R","E","R","T","$","?","E","M","M","R","B",null,"M","?","$","M","M","E","?","R","T","M","M","E","M","M","R","B",null,"R","$","E","B"],"character_chosen":"DEFECT","items_purchased":["Ball Lightning","Block Potion","Frozen Egg 2","Toy Ornithopter","ColorlessPotion","Static Discharge+1","Scrape","Chill","FTL","Creative AI+1","FearPotion","BlessingOfTheForge","ColorlessPotion","Buffer+1","Pear","EssenceOfDarkness"],"campfire_rested":1,"item_purchase_floors":[0,0,0,0,0,5,27,27,27,27,27,27,27,37,53,53],"current_hp_per_floor":[59,59,59,57,57,43,49,56,56,52,34,23,7,7,38,31,64,39,39,35,35,35,37,18,33,33,33,33,37,35,37,37,37,42,42,42,42,42,42,42,42,42,42,42,42,42,39,34,42,17,36,42,52,23,0,0],"gold":69,"neow_bonus":"","is_daily":false,"chose_seed":false,"campfire_upgraded":6,"win_rate":0.0,"timestamp":1611137418,"path_taken":["M","?","?","M","?","E","R","E","T","?","?","M","E","M","R","BOSS","M","?","?","?","?","R","E","R","T","$","?","E","M","M","R","BOSS","M","?","$","M","?","E","?","R","T","M","?","E","M","M","R","BOSS","R","$","E","BOSS"],"items_purchased_type":["Card","Potion","Relic","Relic","Potion","Card","Card","Card","Card","Card","Potion","Potion","Potion","Card","Relic","Potion"],"build_version":"2020-12-22","purchased_purges":3,"victory":false,"max_hp_per_floor":[75,75,75,75,75,75,75,75,75,75,75,75,75,75,75,75,75,75,75,75,75,37,37,37,37,37,37,37,37,37,37,37,37,42,42,42,42,42,42,42,42,42,42,42,42,42,42,42,42,42,42,42,52,52,52,52],"relic_stats":{"counters":[60,288],"Golden Idol":183,"Pantograph":25,"Eternal Feather":62,"Pen Nib":[20],"Kunai":[19],"Question Card":24,"obtain_stats":[{"Darkstone Periapt":25,"Tiny House":34,"Vajra":43,"Runic Capacitor":36,"Ginger":17,"Ancient Tea Set":29,"HornCleat":12,"Pantograph":24,"Tiny Chest":17,"Prayer Wheel":46,"Kunai":26,"Cracked Core":0,"Potion Belt":14,"Pear":53,"Golden Idol":11,"Blue Candle":26,"Astrolabe":34,"Thread and Needle":21,"Eternal Feather":42,"The Courier":9,"PreservedInsect":47,"Pen Nib":8,"Frozen Egg 2":0,"Medical Kit":48,"Question Card":6,"Akabeko":0,"Calling Bell":17,"Du-Vu Doll":46,"Bottled Flame":40,"betterThird:SlimedRelic":4,"Bronze Scales":7,"Bird Faced Urn":23,"Molten Egg 2":17,"Turnip":6,"Art of War":2,"foxEvents:LuckyCharm":2,"Symbiotic Virus":54,"Toy Ornithopter":0},{"Darkstone Periapt":19,"Tiny House":48,"Vajra":28,"Runic Capacitor":24,"Ginger":14,"Ancient Tea Set":45,"HornCleat":11,"Pantograph":44,"Tiny Chest":14,"Prayer Wheel":30,"Kunai":44,"Cracked Core":0,"Potion Belt":13,"Pear":58,"Golden Idol":37,"Blue Candle":19,"Astrolabe":23,"Thread and Needle":16,"Eternal Feather":28,"The Courier":10,"PreservedInsect":31,"Pen Nib":36,"Frozen Egg 2":32,"Medical Kit":31,"Question Card":35,"Akabeko":5,"Calling Bell":14,"Du-Vu Doll":55,"Bottled Flame":27,"betterThird:SlimedRelic":1,"Bronze Scales":10,"Bird Faced Urn":18,"Molten Egg 2":14,"Turnip":3,"Art of War":1,"foxEvents:LuckyCharm":7,"Symbiotic Virus":59,"Toy Ornithopter":32},{"Darkstone Periapt":61,"Tiny House":197,"Vajra":100,"Runic Capacitor":85,"Ginger":41,"Ancient Tea Set":173,"HornCleat":28,"Pantograph":168,"Tiny Chest":41,"Prayer Wheel":105,"Kunai":168,"Cracked Core":0,"Potion Belt":35,"Pear":276,"Golden Idol":136,"Blue Candle":61,"Astrolabe":83,"Thread and Needle":49,"Eternal Feather":100,"The Courier":26,"PreservedInsect":109,"Pen Nib":133,"Frozen Egg 2":120,"Medical Kit":109,"Question Card":130,"Akabeko":16,"Calling Bell":41,"Du-Vu Doll":249,"Bottled Flame":97,"betterThird:SlimedRelic":2,"Bronze Scales":26,"Bird Faced Urn":56,"Molten Egg 2":41,"Turnip":10,"Art of War":2,"foxEvents:LuckyCharm":21,"Symbiotic Virus":283,"Toy Ornithopter":120}],"Toy Ornithopter":55},"card_choices":[{"not_picked":["Streamline","Beam Cell"],"picked":"Conserve Battery","floor":1.0},{"not_picked":["Stack","Undo"],"picked":"Defragment+1","floor":4.0},{"not_picked":["Meteor Strike","Redo"],"picked":"Hologram","floor":6.0},{"not_picked":["Leap","Turbo","Heatsinks+1"],"picked":"Gash","floor":8.0},{"not_picked":["Go for the Eyes","Cold Snap","Reprogram"],"picked":"Capacitor+1","floor":10.0},{"not_picked":["Darkness","Steam Power","Redo"],"picked":"Rebound","floor":12.0},{"not_picked":["Heatsinks+1","Rebound","Chaos"],"picked":"Self Repair+1","floor":13.0},{"not_picked":["Cold Snap","Fission","Rebound"],"picked":"Gash","floor":14.0},{"not_picked":["Multi-Cast","Meteor Strike","Seek"],"picked":"Buffer+1","floor":16.0},{"not_picked":["Compile Driver","Leap","Steam"],"picked":"Hologram","floor":18.0},{"not_picked":["Lockon+1","Fusion","Go for the Eyes"],"picked":"Rebound","floor":20.0},{"not_picked":["Conserve Battery","Coolheaded","Consume"],"picked":"Self Repair+1","floor":24.0},{"not_picked":["Genetic Algorithm+1","Heatsinks+1","Melter"],"picked":"Echo Form+1","floor":29.0},{"not_picked":["Reinforced Body","Beam Cell","Heatsinks+1","Redo"],"picked":"SKIP","floor":30.0},{"not_picked":["Compile Driver","Stack","Coolheaded+1"],"picked":"Chill","floor":31.0},{"not_picked":["Fission","Amplify","Meteor Strike"],"picked":"Electrodynamics+1","floor":33.0},{"not_picked":["Streamline+1","Conserve Battery+1","Redo","Skim"],"picked":"SKIP","floor":35.0},{"not_picked":["Recycle+1","Leap+1","Storm+1","Go for the Eyes"],"picked":"SKIP","floor":38.0},{"not_picked":["Ball Lightning","Compile Driver","Sweeping Beam+1","Go for the Eyes"],"picked":"SKIP","floor":39.0},{"not_picked":["Redo+1","Lockon","Darkness+1"],"picked":"Stack+1","floor":40.0},{"not_picked":["Streamline+1","Fission","Turbo+1"],"picked":"Hologram+1","floor":44.0},{"not_picked":["Hologram","Turbo+1","Redo+1","Sweeping Beam+1"],"picked":"SKIP","floor":45.0},{"not_picked":["Stack+1","Recycle+1","Turbo+1"],"picked":"Buffer+1","floor":46.0},{"not_picked":["Capacitor+1","Streamline","Stack","Consume+1"],"picked":"SKIP","floor":47.0},{"not_picked":["Streamline","Storm+1","Ball Lightning+1"],"picked":"BootSequence+1","floor":48.0},{"not_picked":["Chill","Streamline","Compile Driver+1","Redo+1"],"picked":"SKIP","floor":54}],"player_experience":425224,"relics_obtained":[{"floor":6.0,"key":"Question Card"},{"floor":8.0,"key":"Pen Nib"},{"floor":9.0,"key":"The Courier"},{"floor":13.0,"key":"Potion Belt"},{"floor":24.0,"key":"Pantograph"},{"floor":26.0,"key":"Kunai"},{"floor":29.0,"key":"Ancient Tea Set"},{"floor":40.0,"key":"Vajra"},{"floor":46.0,"key":"Du-Vu Doll"},{"floor":54,"key":"Symbiotic Virus"}],"event_choices":[{"cards_removed":["Defend_B"],"damage_healed":0.0,"max_hp_gain":0.0,"max_hp_loss":0.0,"gold_gain":0.0,"event_name":"The Cleric","player_choice":"Card Removal","floor":2.0,"gold_loss":50.0,"damage_taken":0.0},{"damage_healed":0.0,"max_hp_gain":0.0,"max_hp_loss":0.0,"gold_gain":0.0,"event_name":"Big Fish","player_choice":"Box","floor":3.0,"gold_loss":0.0,"damage_taken":0.0,"relics_obtained":["Eternal Feather"],"cards_obtained":["Regret"]},{"damage_healed":0.0,"max_hp_gain":0.0,"max_hp_loss":0.0,"gold_gain":0.0,"event_name":"Golden Idol","player_choice":"Take Damage","floor":11.0,"gold_loss":0.0,"damage_taken":18.0,"relics_obtained":["Golden Idol"]},{"cards_removed":["Buffer"],"damage_healed":0.0,"max_hp_gain":0.0,"max_hp_loss":0.0,"gold_gain":0.0,"event_name":"betterNote:BetterNote","player_choice":"Take \u0026 Give","floor":19.0,"gold_loss":0.0,"damage_taken":0.0,"cards_obtained":["Buffer"]},{"damage_healed":0.0,"max_hp_gain":0.0,"max_hp_loss":0.0,"gold_gain":99.0,"event_name":"betterThird:BetterNest","player_choice":"Steal","floor":21.0,"gold_loss":0.0,"damage_taken":0.0},{"damage_healed":0.0,"max_hp_gain":0.0,"max_hp_loss":38.0,"gold_gain":0.0,"event_name":"Ghosts","player_choice":"Became a Ghost","floor":22.0,"gold_loss":0.0,"damage_taken":0.0,"cards_obtained":["Ghostly","Ghostly","Ghostly","Ghostly","Ghostly"]},{"damage_healed":0.0,"max_hp_gain":0.0,"max_hp_loss":6.0,"gold_gain":0.0,"event_name":"betterThird:BetterWriting","player_choice":"Simplicity","floor":28.0,"gold_loss":0.0,"damage_taken":0.0},{"damage_healed":0.0,"max_hp_gain":0.0,"max_hp_loss":0.0,"gold_gain":0.0,"event_name":"Upgrade Shrine","player_choice":"Upgraded","floor":36.0,"gold_loss":0.0,"damage_taken":0.0,"cards_upgraded":["Ghostly"]},{"damage_healed":0.0,"max_hp_gain":0.0,"max_hp_loss":0.0,"gold_gain":0.0,"event_name":"betterThird:BetterPortal","player_choice":"Ignored","floor":41.0,"gold_loss":0.0,"damage_taken":0.0}],"is_beta":false,"boss_relics":[{"not_picked":["Runic Pyramid","Snecko Eye","Coffee Dripper"]},{"not_picked":["Empty Cage","Black Star"],"picked":"Tiny House"}],"items_purged_floors":[0,27,37],"is_endless":false,"potions_floor_spawned":[1,10,14,18,24,30,35,40,45,48],"killed_by":"The Heart","ascension_level":8}}