{"host":"a3oe3gstxz77c7qu","time":1611169743,"event":{"mods":["2.2 Compatiblity","Act Like it!","Astrologer","BaseMod","Bestiary","Better Altar","Better Match","Better Note","Better Skull","Better Third Choice","Block Reminder","Curses Come First","Custom Start","Dark Map","Downfall","Fox Events","Friendly Minions","GifTheSpireLib","Hallownest","Hermit","Jorbs\u0027s Wanderer Trilogy","Lobotomy","LobotomyExtend","Marisa????????","Minty Spire (QoL Compilation)","Permanent Neow","Quick Restart","Relic Stats","StSLib","The Bug Knight","The Cursed","The Disciple","The Jungle","Uncapped","Unknown Chances","Wandering Minibosses"],"gold_per_floor":[20,20,49,49,48,48,75,90,190,200,49,49,69,146,146,236,313,332,347,102,102,102,102],"floor_reached":22,"language":"ENG","playtime":1666,"items_purged":["stsjorbsmod:EyeOfTheStorm","stsjorbsmod:Strike_Wanderer"],"score":202,"play_id":"ab15f20c-2a64-4517-85ac-423e3aad2e1c","local_time":"20210120190903","is_ascension_mode":true,"campfire_choices":[{"data":"stsjorbsmod:FreshAdventure","floor":6,"key":"SMITH"},{"floor":12,"key":"REST"},{"data":"stsjorbsmod:DisguiseSelf","floor":15,"key":"SMITH"}],"circlet_count":0,"master_deck":["stsjorbsmod:ForbiddenGrimoire+1","stsjorbsmod:Defend_Wanderer","stsjorbsmod:Defend_Wanderer","stsjorbsmod:Defend_Wanderer","stsjorbsmod:Defend_Wanderer","stsjorbsmod:FreshAdventure+1","stsjorbsmod:GatherPower","stsjorbsmod:Counterspell","stsjorbsmod:TrueStrike","stsjorbsmod:BookOfTongues","stsjorbsmod:DisguiseSelf+1","stsjorbsmod:Aid","stsjorbsmod:Channel","stsjorbsmod:MagicMirror","stsjorbsmod:Patron"],"relics":["stsjorbsmod:GrimoireRelic","LetterFromLob","foxEvents:LuckyCharm","hexamod:CandleOfCauterizing","stsjorbsmod:BottledMemoryRelic","Empty Cage"],"acts_visited":["Exordium","TheCity"],"potions_floor_usage":[5,7,22],"damage_taken":[{"damage":2,"enemies":"Jaw Worm","floor":1,"turns":4},{"damage":17,"enemies":"Colosseum Slavers","floor":3,"turns":8},{"damage":13,"enemies":"Small Slimes","floor":5,"turns":7},{"damage":11,"enemies":"Lagavulin","floor":7,"turns":4},{"damage":7,"enemies":"2 Louse","floor":8,"turns":5},{"damage":6,"enemies":"Blue Slaver","floor":10,"turns":8},{"damage":2,"enemies":"2 Fungi Beasts","floor":13,"turns":8},{"damage":5,"enemies":"The Guardian","floor":16,"turns":11},{"damage":9,"enemies":"Spheric Guardian","floor":18,"turns":5},{"damage":14,"enemies":"Chosen","floor":19,"turns":10},{"damage":56,"enemies":"Masked Bandits","floor":22,"turns":5}],"seed_played":"2287021440562355498","potions_obtained":[{"floor":1,"key":"sneckomod:MuddlingPotion"},{"floor":3,"key":"champ:CounterPotion"},{"floor":7,"key":"FearPotion"},{"floor":13,"key":"Strength Potion"},{"floor":19,"key":"champ:CounterPotion"}],"is_trial":false,"path_per_floor":["M","?","?","?","M","R","E","M","T","M","$","R","M","T","R","B",null,"M","M","$","M","?"],"character_chosen":"WANDERER","items_purchased":["stsjorbsmod:Aid","stsjorbsmod:MagicMirror","stsjorbsmod:Patron"],"campfire_rested":1,"item_purchase_floors":[11,20,20],"current_hp_per_floor":[68,61,44,52,39,39,29,23,23,17,17,37,35,35,35,30,68,59,45,45,45,0,0],"gold":102,"neow_bonus":"THREE_RARE_CARDS","is_daily":false,"chose_seed":false,"campfire_upgraded":2,"win_rate":0.0,"timestamp":1611169743,"path_taken":["M","?","?","?","M","R","E","M","T","M","$","R","M","?","R","BOSS","M","M","$","M","?"],"items_purchased_type":["Card","Card","Card"],"build_version":"2020-12-22","purchased_purges":2,"victory":false,"max_hp_per_floor":[68,68,68,68,68,68,68,68,68,68,68,68,68,68,68,68,68,68,68,68,68,68,68],"relic_stats":{"counters":[11,75],"obtain_stats":[{"hexamod:CandleOfCauterizing":7,"stsjorbsmod:BottledMemoryRelic":9,"stsjorbsmod:GrimoireRelic":0,"LetterFromLob":1,"foxEvents:LuckyCharm":3,"Empty Cage":17},{"hexamod:CandleOfCauterizing":4,"stsjorbsmod:BottledMemoryRelic":5,"stsjorbsmod:GrimoireRelic":0,"LetterFromLob":1,"foxEvents:LuckyCharm":2,"Empty Cage":8},{"hexamod:CandleOfCauterizing":23,"stsjorbsmod:BottledMemoryRelic":28,"stsjorbsmod:GrimoireRelic":0,"LetterFromLob":4,"foxEvents:LuckyCharm":12,"Empty Cage":55}]},"card_choices":[{"not_picked":["stsjorbsmod:ArcaneForm","stsjorbsmod:Banish"],"picked":"stsjorbsmod:GatherPower","floor":0},{"not_picked":["stsjorbsmod:Mending","stsjorbsmod:LocateObject"],"picked":"stsjorbsmod:Counterspell","floor":1},{"not_picked":["stsjorbsmod:ParryingBlow","stsjorbsmod:Firebolt"],"picked":"stsjorbsmod:TrueStrike","floor":3},{"not_picked":["stsjorbsmod:BurningFlask","stsjorbsmod:Firebolt","stsjorbsmod:ColorSpray"],"picked":"SKIP","floor":5},{"not_picked":["stsjorbsmod:ChainLightning","stsjorbsmod:RefuseToForget"],"picked":"stsjorbsmod:BookOfTongues","floor":7},{"not_picked":["stsjorbsmod:BlackTentacles","stsjorbsmod:SmithingStrike"],"picked":"stsjorbsmod:DisguiseSelf","floor":8},{"not_picked":["stsjorbsmod:TrueStrike","stsjorbsmod:FranticSearch","stsjorbsmod:Message"],"picked":"SKIP","floor":10},{"not_picked":["stsjorbsmod:WeightOfMemory","stsjorbsmod:HedgeWizard","stsjorbsmod:Stalwart"],"picked":"SKIP","floor":13},{"not_picked":["stsjorbsmod:BurningFlask","stsjorbsmod:Hibernate"],"picked":"stsjorbsmod:Channel","floor":18},{"not_picked":["stsjorbsmod:ChatteringStrike","stsjorbsmod:Channel","stsjorbsmod:Hibernate"],"picked":"SKIP","floor":19}],"player_experience":1064975,"relics_obtained":[{"floor":1,"key":"LetterFromLob"},{"floor":3,"key":"foxEvents:LuckyCharm"},{"floor":7,"key":"hexamod:CandleOfCauterizing"},{"floor":9,"key":"stsjorbsmod:BottledMemoryRelic"}],"event_choices":[{"cards_removed":["stsjorbsmod:Strike_Wanderer"],"damage_healed":0,"gold_gain":0,"player_choice":"Card Removal","damage_taken":7,"max_hp_gain":0,"max_hp_loss":0,"event_name":"Golden Wing","floor":2,"gold_loss":0},{"damage_healed":0,"gold_gain":0,"player_choice":"Fought Bandits","damage_taken":0,"max_hp_gain":0,"max_hp_loss":0,"event_name":"Masked Bandits","floor":22,"gold_loss":0}],"is_beta":false,"boss_relics":[{"not_picked":["Runic Pyramid","Ectoplasm"],"picked":"Empty Cage"}],"items_purged_floors":[11,20],"is_endless":false,"potions_floor_spawned":[1,3,7,13,19],"killed_by":"Masked Bandits","ascension_level":2}}