{"host":"t7mx8yfj1no5p62f","time":1611110268,"event":{"mods":["BaseMod","Bestiary","Colored Map","Colored Powertips","Minty Spire (QoL Compilation)","Relic Stats","StSLib","ojb\u0027s Info Mod"],"gold_per_floor":[109,124,89,89,104,104,117,148,148,173,173,18,18,43,43,120,120,137,170,180,6,6,31,31,31,31,31,64,64,79,99,99,173,173,190,204,204,426,441,467,483,509,536,536,547,564,589,614,614,614,614],"floor_reached":50,"language":"ENG","playtime":2797,"items_purged":["Strike_G","Strike_G"],"score":1501,"play_id":"495bf224-8ef4-43db-9cbd-9165287ebd03","local_time":"20210119213748","is_ascension_mode":true,"campfire_choices":[{"data":"Backstab","floor":6.0,"key":"SMITH"},{"data":"Blade Dance","floor":11.0,"key":"SMITH"},{"data":"Neutralize","floor":13.0,"key":"SMITH"},{"data":"Poisoned Stab","floor":15.0,"key":"SMITH"},{"data":"Footwork","floor":25.0,"key":"SMITH"},{"data":"All Out Attack","floor":29.0,"key":"SMITH"},{"data":"Accuracy","floor":32.0,"key":"SMITH"},{"floor":44.0,"key":"DIG"},{"floor":49.0,"key":"RECALL"}],"circlet_count":0,"master_deck":["AscendersBane","Strike_G","Strike_G","Strike_G","Defend_G","Defend_G","Defend_G","Defend_G","Defend_G","Survivor","Neutralize+1","Poisoned Stab+1","Blade Dance+1","Backstab+1","Masterful Stab","Dodge and Roll+1","Dodge and Roll+1","Crippling Poison+1","Cloak And Dagger+1","Burst+1","PiercingWail+1","PiercingWail+1","All Out Attack+1","Footwork+1","Blade Dance+1","Backflip+1","PiercingWail+1","Blur+1","Accuracy+1","Phantasmal Killer+1","CurseOfTheBell","Leg Sweep+1","Leg Sweep+1","Blur+1","Dark Shackles+1","Impatience+1","Secret Technique+1","Acrobatics+1","Cloak And Dagger+1","Expertise+1","Acrobatics+1","Finisher","Tactician+1","PiercingWail+1"],"relics":["Ring of the Snake","StoneCalendar","Toxic Egg 2","Thread and Needle","Prayer Wheel","Eternal Feather","SlaversCollar","Red Mask","Ornamental Fan","Mercury Hourglass","Shovel","Calling Bell","Bag of Marbles","Pear","The Specimen","HornCleat","Bottled Flame","Dream Catcher","Calipers","Gambling Chip"],"acts_visited":["Exordium","TheCity","TheBeyond"],"potions_floor_usage":[50],"damage_taken":[{"damage":2.0,"enemies":"Jaw Worm","floor":1.0,"turns":7.0},{"damage":7.0,"enemies":"Small Slimes","floor":2.0,"turns":4.0},{"damage":0.0,"enemies":"2 Louse","floor":5.0,"turns":3.0},{"damage":17.0,"enemies":"Large Slime","floor":7.0,"turns":7.0},{"damage":8.0,"enemies":"3 Sentries","floor":8.0,"turns":7.0},{"damage":0.0,"enemies":"Gremlin Nob","floor":10.0,"turns":2.0},{"damage":0.0,"enemies":"3 Sentries","floor":14.0,"turns":7.0},{"damage":24.0,"enemies":"Hexaghost","floor":16.0,"turns":12.0},{"damage":0.0,"enemies":"2 Thieves","floor":18.0,"turns":4.0},{"damage":5.0,"enemies":"Masked Bandits","floor":19.0,"turns":4.0},{"damage":0.0,"enemies":"3 Byrds","floor":20.0,"turns":2.0},{"damage":15.0,"enemies":"Gremlin Leader","floor":23.0,"turns":8.0},{"damage":3.0,"enemies":"Book of Stabbing","floor":28.0,"turns":5.0},{"damage":0.0,"enemies":"Centurion and Healer","floor":30.0,"turns":5.0},{"damage":0.0,"enemies":"Shelled Parasite and Fungi","floor":31.0,"turns":3.0},{"damage":11.0,"enemies":"Collector","floor":33.0,"turns":10.0},{"damage":3.0,"enemies":"Orb Walker","floor":35.0,"turns":4.0},{"damage":0.0,"enemies":"3 Shapes","floor":36.0,"turns":3.0},{"damage":21.0,"enemies":"Maw","floor":39.0,"turns":9.0},{"damage":0.0,"enemies":"Reptomancer","floor":40.0,"turns":6.0},{"damage":11.0,"enemies":"Transient","floor":41.0,"turns":6.0},{"damage":9.0,"enemies":"Giant Head","floor":42.0,"turns":8.0},{"damage":0.0,"enemies":"4 Shapes","floor":45.0,"turns":4.0},{"damage":0.0,"enemies":"Jaw Worm Horde","floor":46.0,"turns":3.0},{"damage":0.0,"enemies":"Reptomancer","floor":47.0,"turns":2.0},{"damage":0.0,"enemies":"Mind Bloom Boss Battle","floor":48.0,"turns":7.0},{"damage":121,"enemies":"Time Eater","floor":50,"turns":22}],"seed_played":"2334517028022927532","potions_obtained":[{"floor":1.0,"key":"SteroidPotion"},{"floor":2.0,"key":"SkillPotion"},{"floor":14.0,"key":"GamblersBrew"},{"floor":16.0,"key":"FairyPotion"},{"floor":18.0,"key":"EssenceOfSteel"},{"floor":23.0,"key":"ColorlessPotion"},{"floor":28.0,"key":"DistilledChaos"},{"floor":33.0,"key":"Explosive Potion"},{"floor":40.0,"key":"LiquidMemories"},{"floor":41.0,"key":"Fire Potion"},{"floor":45.0,"key":"SkillPotion"}],"is_trial":false,"path_per_floor":["M","M","?","?","M","R","M","E","T","E","R","$","R","E","R","B",null,"M","?","M","$","?","E","?","R","T","?","E","R","M","M","R","B",null,"M","M","?","?","M","E","M","E","T","R","M","M","E","?","R","B"],"character_chosen":"THE_SILENT","items_purchased":["Crippling Poison+1","Footwork"],"campfire_rested":0,"item_purchase_floors":[12,21],"current_hp_per_floor":[42,35,51,56,56,56,39,31,31,31,31,31,31,31,43,19,58,58,53,53,53,53,38,18,30,30,45,42,57,57,57,72,61,82,79,79,69,69,48,48,37,28,28,52,52,52,52,52,76,0,0],"gold":614,"neow_bonus":"ONE_RARE_RELIC","is_daily":false,"chose_seed":false,"campfire_upgraded":7,"win_rate":0.0,"timestamp":1611110268,"path_taken":["M","M","?","?","M","R","M","E","T","E","R","?","R","E","R","BOSS","M","?","M","$","?","E","?","R","T","?","E","R","M","M","R","BOSS","M","M","?","?","M","E","M","E","T","R","M","M","E","?","R","BOSS"],"items_purchased_type":["Card","Card"],"build_version":"2020-12-22","purchased_purges":2,"victory":false,"max_hp_per_floor":[66,66,66,71,71,71,71,71,71,71,71,71,71,71,71,71,71,71,71,71,71,71,71,76,76,76,76,76,76,76,76,76,76,86,86,86,86,86,86,86,86,86,86,86,86,86,86,86,86,86,86],"relic_stats":{"Dream Catcher":0,"Shovel":1,"counters":[27,164],"Ornamental Fan":[264],"Gambling Chip":[4],"StoneCalendar":[398],"Prayer Wheel":10,"Eternal Feather":102,"obtain_stats":[{"Pear":34,"Calipers":47,"The Specimen":34,"StoneCalendar":0,"Thread and Needle":9,"Eternal Feather":14,"Mercury Hourglass":26,"Calling Bell":34,"SlaversCollar":17,"Bottled Flame":42,"Dream Catcher":44,"Shovel":28,"HornCleat":40,"Ornamental Fan":23,"Gambling Chip":48,"Prayer Wheel":10,"Red Mask":19,"Bag of Marbles":34,"Toxic Egg 2":8,"Ring of the Snake":0},{"Pear":16,"Calipers":25,"The Specimen":16,"StoneCalendar":0,"Thread and Needle":5,"Eternal Feather":7,"Mercury Hourglass":12,"Calling Bell":16,"SlaversCollar":8,"Bottled Flame":22,"Dream Catcher":22,"Shovel":13,"HornCleat":20,"Ornamental Fan":12,"Gambling Chip":26,"Prayer Wheel":6,"Red Mask":10,"Bag of Marbles":16,"Toxic Egg 2":5,"Ring of the Snake":0},{"Pear":90,"Calipers":135,"The Specimen":90,"StoneCalendar":0,"Thread and Needle":28,"Eternal Feather":37,"Mercury Hourglass":67,"Calling Bell":90,"SlaversCollar":49,"Bottled Flame":126,"Dream Catcher":126,"Shovel":72,"HornCleat":112,"Ornamental Fan":67,"Gambling Chip":142,"Prayer Wheel":30,"Red Mask":57,"Bag of Marbles":90,"Toxic Egg 2":28,"Ring of the Snake":0}],"Ring of the Snake":[54],"Mercury Hourglass":[348]},"card_choices":[{"not_picked":["Choke","Tactician"],"picked":"Poisoned Stab","floor":1.0},{"not_picked":["PiercingWail","Poisoned Stab"],"picked":"Blade Dance","floor":2.0},{"not_picked":["Poisoned Stab","Accuracy"],"picked":"Backstab","floor":5.0},{"not_picked":["Slice","Bane"],"picked":"Masterful Stab","floor":7.0},{"not_picked":["Expertise+1","Sucker Punch"],"picked":"Dodge and Roll+1","floor":8.0},{"not_picked":["Outmaneuver+1","Slice"],"picked":"Dodge and Roll+1","floor":10.0},{"not_picked":["Flying Knee","Storm of Steel+1"],"picked":"Cloak And Dagger+1","floor":14.0},{"not_picked":["Doppelganger+1","Storm of Steel+1"],"picked":"Burst+1","floor":16.0},{"not_picked":["Skewer","Slice","Riddle With Holes"],"picked":"SKIP","floor":18.0},{"not_picked":["Riddle With Holes","Dagger Spray","Quick Slash+1"],"picked":"SKIP","floor":18.0},{"not_picked":["Outmaneuver+1","Concentrate+1"],"picked":"PiercingWail+1","floor":19.0},{"not_picked":["Sucker Punch","Blade Dance+1"],"picked":"PiercingWail+1","floor":20.0},{"not_picked":["Dash","Deadly Poison+1"],"picked":"All Out Attack","floor":20.0},{"not_picked":["Grand Finale","Dagger Throw","Bane"],"picked":"SKIP","floor":23.0},{"not_picked":["Escape Plan+1","Poisoned Stab"],"picked":"Blade Dance+1","floor":28.0},{"not_picked":["Sucker Punch","Slice+1"],"picked":"Backflip+1","floor":30.0},{"not_picked":["Underhanded Strike+1","Setup+1"],"picked":"PiercingWail+1","floor":30.0},{"not_picked":["Escape Plan+1","Skewer"],"picked":"Blur+1","floor":31.0},{"not_picked":["Blade Dance+1","Infinite Blades"],"picked":"Accuracy","floor":31.0},{"not_picked":["Tools of the Trade","Adrenaline+1"],"picked":"Phantasmal Killer+1","floor":33.0},{"not_picked":["Quick Slash","Prepared+1"],"picked":"Leg Sweep+1","floor":35.0},{"not_picked":["Underhanded Strike","Deflect+1"],"picked":"Leg Sweep+1","floor":35.0},{"not_picked":["Deflect+1","PiercingWail+1"],"picked":"Blur+1","floor":36.0},{"not_picked":["Dagger Throw","Quick Slash","Choke+1"],"picked":"SKIP","floor":36.0},{"not_picked":["Mayhem","Blind+1"],"picked":"Dark Shackles+1","floor":37.0},{"not_picked":["Trip+1","Good Instincts+1"],"picked":"Impatience+1","floor":37.0},{"not_picked":["Apotheosis+1","Dramatic Entrance"],"picked":"Secret Technique+1","floor":37.0},{"not_picked":["Masterful Stab","Caltrops","Setup+1"],"picked":"SKIP","floor":39.0},{"not_picked":["Concentrate+1","Outmaneuver+1","Eviscerate"],"picked":"SKIP","floor":39.0},{"not_picked":["Dagger Spray+1","Slice+1"],"picked":"Acrobatics+1","floor":40.0},{"not_picked":["Flying Knee+1","Escape Plan+1"],"picked":"Cloak And Dagger+1","floor":41.0},{"not_picked":["Heel Hook","Endless Agony+1"],"picked":"Expertise+1","floor":41.0},{"not_picked":["Infinite Blades+1","Cloak And Dagger+1","Caltrops"],"picked":"SKIP","floor":42.0},{"not_picked":["Outmaneuver+1","PiercingWail+1"],"picked":"Acrobatics+1","floor":45.0},{"not_picked":["Blade Dance+1","Leg Sweep+1"],"picked":"Finisher","floor":45.0},{"not_picked":["Cloak And Dagger+1","Bullet Time+1"],"picked":"Tactician+1","floor":46.0},{"not_picked":["Outmaneuver+1","Reflex+1","Dagger Spray"],"picked":"SKIP","floor":46.0},{"not_picked":["Reflex+1","Poisoned Stab","Sucker Punch"],"picked":"SKIP","floor":47.0},{"not_picked":["Deadly Poison+1","A Thousand Cuts"],"picked":"PiercingWail+1","floor":48.0}],"player_experience":1791373,"relics_obtained":[{"floor":8.0,"key":"Toxic Egg 2"},{"floor":9.0,"key":"Thread and Needle"},{"floor":10.0,"key":"Prayer Wheel"},{"floor":14.0,"key":"Eternal Feather"},{"floor":19.0,"key":"Red Mask"},{"floor":23.0,"key":"Ornamental Fan"},{"floor":26.0,"key":"Mercury Hourglass"},{"floor":28.0,"key":"Shovel"},{"floor":34.0,"key":"Bag of Marbles"},{"floor":34.0,"key":"Pear"},{"floor":34.0,"key":"The Specimen"},{"floor":40.0,"key":"HornCleat"},{"floor":42.0,"key":"Bottled Flame"},{"floor":44.0,"key":"Dream Catcher"},{"floor":47.0,"key":"Calipers"},{"floor":48.0,"key":"Gambling Chip"}],"event_choices":[{"damage_healed":16.0,"max_hp_gain":0.0,"max_hp_loss":0.0,"gold_gain":0.0,"event_name":"The Cleric","player_choice":"Healed","floor":3.0,"gold_loss":35.0,"damage_taken":0.0},{"damage_healed":0.0,"max_hp_gain":5.0,"max_hp_loss":0.0,"gold_gain":0.0,"event_name":"Big Fish","player_choice":"Donut","floor":4.0,"gold_loss":0.0,"damage_taken":0.0},{"damage_healed":0.0,"max_hp_gain":0.0,"max_hp_loss":0.0,"gold_gain":0.0,"event_name":"Masked Bandits","player_choice":"Fought Bandits","floor":19.0,"gold_loss":0.0,"damage_taken":0.0},{"damage_healed":0.0,"max_hp_gain":0.0,"max_hp_loss":0.0,"gold_gain":0.0,"event_name":"The Mausoleum","player_choice":"Ignored","floor":22.0,"gold_loss":0.0,"damage_taken":0.0},{"damage_healed":0.0,"max_hp_gain":5.0,"max_hp_loss":0.0,"gold_gain":0.0,"event_name":"Forgotten Altar","player_choice":"Shed Blood","floor":24.0,"gold_loss":0.0,"damage_taken":25.0},{"damage_healed":15.0,"max_hp_gain":0.0,"max_hp_loss":0.0,"gold_gain":0.0,"event_name":"The Library","player_choice":"Heal","floor":27.0,"gold_loss":0.0,"damage_taken":0.0},{"damage_healed":0.0,"max_hp_gain":0.0,"max_hp_loss":0.0,"gold_gain":0.0,"event_name":"SensoryStone","player_choice":"Memory 3","floor":37.0,"gold_loss":0.0,"damage_taken":10.0},{"damage_healed":0.0,"max_hp_gain":0.0,"max_hp_loss":0.0,"gold_gain":222.0,"event_name":"Tomb of Lord Red Mask","player_choice":"Wore Mask","floor":38.0,"gold_loss":0.0,"damage_taken":0.0},{"damage_healed":0.0,"max_hp_gain":0.0,"max_hp_loss":0.0,"gold_gain":0.0,"event_name":"MindBloom","player_choice":"Fight","floor":48.0,"gold_loss":0.0,"damage_taken":0.0}],"is_beta":false,"boss_relics":[{"not_picked":["Snecko Eye","Sozu"],"picked":"SlaversCollar"},{"not_picked":["HoveringKite","SacredBark"],"picked":"Calling Bell"}],"items_purged_floors":[12,21],"is_endless":false,"potions_floor_spawned":[1,2,14,16,18,23,28,30,33,35,40,41,45,46],"killed_by":"Time Eater","ascension_level":20}}