{"host":"ypphcgdomtfqpc2w","time":1611139097,"event":{"mods":["BaseMod","DeckTracker","Minty Spire (QoL Compilation)","Relic Stats","StSLib"],"gold_per_floor":[15,26,43,59,72,72,99,99,126,8,8,20,20,55,55,126,126,140,0,0,0,19,19,50,50,50,50,62,62,75,104,104,176,176,196,209,209,65,85,112,112,147,197,249,249,280,305,318,318,318,318,318,318,1,36,36],"floor_reached":57,"language":"ENG","playtime":6148,"items_purged":["Strike_R+1"],"score":2776,"play_id":"e6cf00aa-93a0-4ebf-b389-46bcfc6e3fab","local_time":"20210120193817","is_ascension_mode":true,"campfire_choices":[{"data":"Combust","floor":6.0,"key":"SMITH"},{"data":"Rupture","floor":11.0,"key":"SMITH"},{"floor":13.0,"key":"REST"},{"floor":15.0,"key":"REST"},{"data":"True Grit","floor":23,"key":"SMITH"},{"floor":25,"key":"DIG"},{"floor":27,"key":"REST"},{"floor":32,"key":"REST"},{"floor":41,"key":"DIG"},{"floor":45,"key":"RECALL"},{"floor":49,"key":"DIG"},{"floor":53,"key":"DIG"}],"circlet_count":0,"master_deck":["AscendersBane","Defend_R+1","Defend_R+1","Defend_R+1","Combust+1","Twin Strike+1","Pommel Strike","Pommel Strike","Burning Pact","Flame Barrier","Rupture+1","True Grit+1","Whirlwind","Reaper","Seeing Red+1","Pain","Shockwave","Corruption+1","Dark Embrace+1","Feed+1","Demon Form+1","Rupture+1","Shrug It Off","Iron Wave+1","Flame Barrier","Disarm","Berserk+1","Thunderclap","Intimidate","Uppercut"],"relics":["Burning Blood","Shovel","Whetstone","Runic Pyramid","Red Skull","Frozen Egg 2","Juzu Bracelet","WarpedTongs","Mummified Hand","Astrolabe","Pocketwatch","Charon\u0027s Ashes","Oddly Smooth Stone","Akabeko","Ginger","Self Forming Clay","Lizard Tail","Vajra","Paper Frog","Orrery","Blood Vial"],"acts_visited":["Exordium","TheCity","TheBeyond","TheEnding"],"potions_floor_usage":[33,40,44,46,56,56],"damage_taken":[{"damage":7.0,"enemies":"Jaw Worm","floor":1.0,"turns":3.0},{"damage":11.0,"enemies":"2 Louse","floor":2.0,"turns":3.0},{"damage":11.0,"enemies":"Small Slimes","floor":3.0,"turns":3.0},{"damage":2.0,"enemies":"2 Fungi Beasts","floor":4.0,"turns":2.0},{"damage":14.0,"enemies":"Red Slaver","floor":5.0,"turns":3.0},{"damage":25.0,"enemies":"Gremlin Nob","floor":7.0,"turns":4.0},{"damage":8.0,"enemies":"Gremlin Gang","floor":12.0,"turns":3.0},{"damage":26.0,"enemies":"3 Sentries","floor":14.0,"turns":5.0},{"damage":30.0,"enemies":"Slime Boss","floor":16.0,"turns":5.0},{"damage":61.0,"enemies":"Shell Parasite","floor":18.0,"turns":8.0},{"damage":18,"enemies":"Chosen","floor":22,"turns":5},{"damage":30,"enemies":"Gremlin Leader","floor":24,"turns":6},{"damage":19,"enemies":"Centurion and Healer","floor":28,"turns":6},{"damage":47,"enemies":"Chosen and Byrds","floor":30,"turns":7},{"damage":58,"enemies":"Slavers","floor":31,"turns":5},{"damage":65,"enemies":"Collector","floor":33,"turns":6},{"damage":18,"enemies":"3 Shapes","floor":35,"turns":6},{"damage":30,"enemies":"Orb Walker","floor":36,"turns":3},{"damage":8,"enemies":"Jaw Worm Horde","floor":39,"turns":3},{"damage":60,"enemies":"Reptomancer","floor":40,"turns":5},{"damage":50,"enemies":"Nemesis","floor":42,"turns":5},{"damage":15,"enemies":"2 Orb Walkers","floor":44,"turns":2},{"damage":31,"enemies":"Reptomancer","floor":46,"turns":3},{"damage":12,"enemies":"Mind Bloom Boss Battle","floor":47,"turns":4},{"damage":10,"enemies":"Sphere and 2 Shapes","floor":48,"turns":5},{"damage":54,"enemies":"Donu and Deca","floor":50,"turns":4},{"damage":36,"enemies":"Time Eater","floor":51,"turns":4},{"damage":68,"enemies":"Shield and Spear","floor":55,"turns":5},{"damage":86,"enemies":"The Heart","floor":56,"turns":6}],"seed_played":"-6374345016465007225","potions_obtained":[{"floor":1.0,"key":"Ancient Potion"},{"floor":3.0,"key":"LiquidBronze"},{"floor":4.0,"key":"SkillPotion"},{"floor":18.0,"key":"FairyPotion"},{"floor":30,"key":"Strength Potion"},{"floor":33,"key":"AttackPotion"},{"floor":39,"key":"SkillPotion"},{"floor":40,"key":"SkillPotion"},{"floor":44,"key":"AttackPotion"},{"floor":46,"key":"BlessingOfTheForge"}],"is_trial":false,"path_per_floor":["M","M","M","M","M","R","E","?","T","$","R","M","R","E","R","B",null,"M","?","?","?","M","R","E","R","T","R","M","?","M","E","R","B",null,"M","M","?","$","M","E","R","E","T","?","R","E","?","M","R","B","B",null,"R","$","E","B",null],"character_chosen":"IRONCLAD","items_purchased":["Rupture","True Grit","Rupture+1","Shrug It Off","Orrery","ElixirPotion"],"campfire_rested":4,"item_purchase_floors":[10,10,38,38,54,54],"current_hp_per_floor":[67,62,57,61,53,53,34,34,34,34,34,32,54,34,56,32,64,27,27,42,42,34,34,10,10,10,32,45,45,52,26,48,63,72,79,83,83,83,87,91,91,83,83,95,95,99,103,103,103,111,115,115,115,115,115,119],"gold":36,"neow_bonus":"REMOVE_TWO","is_daily":false,"chose_seed":false,"campfire_upgraded":3,"win_rate":0.0,"timestamp":1611139097,"path_taken":["M","M","M","M","M","R","E","?","T","$","R","M","R","E","R","BOSS","M","?","?","?","M","R","E","R","T","R","M","?","M","E","R","BOSS","M","M","?","$","M","E","R","E","T","?","R","E","?","M","R","BOSS","BOSS","R","$","E","BOSS"],"items_purchased_type":["Card","Card","Card","Card","Relic","Potion"],"build_version":"2020-12-22","purchased_purges":1,"victory":true,"max_hp_per_floor":[75,75,75,75,75,75,75,75,75,75,75,75,75,75,75,75,75,75,75,75,75,75,75,75,75,75,75,75,75,75,75,75,75,75,79,83,83,83,87,91,91,95,95,95,95,99,103,107,107,111,115,115,115,115,115,119],"relic_stats":{"counters":[29,129],"Self Forming Clay":[330],"Astrolabe":["Dark Embrace","Feed","Demon Form"],"Charon\u0027s Ashes":[506],"Juzu Bracelet":1,"Whetstone":["Twin Strike","Strike_R"],"Ginger":[4],"Burning Blood":113,"WarpedTongs":[68],"Blood Vial":0,"Lizard Tail":0,"Shovel":4,"Mummified Hand":[90],"obtain_stats":[{"Self Forming Clay":46,"Astrolabe":34,"Oddly Smooth Stone":42,"Vajra":49,"Charon\u0027s Ashes":41,"Juzu Bracelet":26,"Whetstone":14,"Ginger":44,"Frozen Egg 2":25,"Burning Blood":0,"Akabeko":43,"WarpedTongs":29,"Blood Vial":55,"Lizard Tail":47,"Shovel":7,"Mummified Hand":31,"Orrery":54,"Red Skull":24,"Runic Pyramid":17,"Pocketwatch":40,"Paper Frog":53},{"Self Forming Clay":23,"Astrolabe":16,"Oddly Smooth Stone":21,"Vajra":25,"Charon\u0027s Ashes":20,"Juzu Bracelet":12,"Whetstone":8,"Ginger":22,"Frozen Egg 2":12,"Burning Blood":0,"Akabeko":21,"WarpedTongs":13,"Blood Vial":28,"Lizard Tail":24,"Shovel":6,"Mummified Hand":15,"Orrery":27,"Red Skull":12,"Runic Pyramid":9,"Pocketwatch":20,"Paper Frog":27},{"Self Forming Clay":101,"Astrolabe":74,"Oddly Smooth Stone":96,"Vajra":110,"Charon\u0027s Ashes":91,"Juzu Bracelet":50,"Whetstone":26,"Ginger":98,"Frozen Egg 2":50,"Burning Blood":0,"Akabeko":96,"WarpedTongs":56,"Blood Vial":123,"Lizard Tail":105,"Shovel":18,"Mummified Hand":68,"Orrery":118,"Red Skull":50,"Runic Pyramid":31,"Pocketwatch":91,"Paper Frog":118}],"Pocketwatch":[15]},"card_choices":[{"not_picked":["Intimidate","Seeing Red"],"picked":"Combust","floor":1.0},{"not_picked":["Clash","Clothesline"],"picked":"Twin Strike","floor":2.0},{"not_picked":["Entrench","Infernal Blade"],"picked":"Pommel Strike","floor":3.0},{"not_picked":["Pummel","Combust"],"picked":"Pommel Strike","floor":4.0},{"not_picked":["Body Slam","Twin Strike"],"picked":"Burning Pact","floor":5.0},{"not_picked":["Warcry","Clash"],"picked":"Flame Barrier","floor":7.0},{"not_picked":["True Grit","Sword Boomerang"],"picked":"Whirlwind","floor":12.0},{"not_picked":["Carnage","Burning Pact","Body Slam"],"picked":"SKIP","floor":14.0},{"not_picked":["Exhume","Brutality"],"picked":"Reaper","floor":16.0},{"not_picked":["Searing Blow","Perfected Strike","Havoc"],"picked":"SKIP","floor":18.0},{"not_picked":["Sword Boomerang","Iron Wave","Wild Strike+1"],"picked":"SKIP","floor":22},{"not_picked":["Dark Embrace","Sword Boomerang"],"picked":"Seeing Red+1","floor":24},{"not_picked":["Warcry","Pummel","Rampage"],"picked":"SKIP","floor":28},{"not_picked":["Wild Strike","Reckless Charge","Inflame+1"],"picked":"SKIP","floor":30},{"not_picked":["Wild Strike","Reckless Charge","Inflame+1"],"picked":"SKIP","floor":30},{"not_picked":["Fiend Fire","Sword Boomerang"],"picked":"Shockwave","floor":31},{"not_picked":["Berserk+1","Immolate"],"picked":"Corruption+1","floor":33},{"not_picked":["Inflame+1","Rage","Headbutt"],"picked":"SKIP","floor":35},{"not_picked":["Armaments","Combust+1","Seeing Red"],"picked":"SKIP","floor":36},{"not_picked":["Thunderclap+1","Iron Wave","Anger"],"picked":"SKIP","floor":39},{"not_picked":["Thunderclap+1","Iron Wave","Anger"],"picked":"SKIP","floor":39},{"not_picked":["Sever Soul","Clash"],"picked":"Iron Wave+1","floor":40},{"not_picked":["Dropkick","Rampage"],"picked":"Flame Barrier","floor":42},{"not_picked":["Blood for Blood","Wild Strike","Metallicize+1"],"picked":"SKIP","floor":46},{"not_picked":["Bludgeon","Havoc"],"picked":"Disarm","floor":47},{"not_picked":["Headbutt","Clothesline"],"picked":"Berserk+1","floor":48},{"not_picked":["Bludgeon","Armaments"],"picked":"Thunderclap","floor":54},{"not_picked":["Immolate","Dropkick"],"picked":"Intimidate","floor":54},{"not_picked":["Wild Strike","Body Slam+1"],"picked":"Uppercut","floor":55}],"player_experience":2068962,"relics_obtained":[{"floor":7.0,"key":"Shovel"},{"floor":14.0,"key":"Whetstone"},{"floor":24,"key":"Red Skull"},{"floor":25,"key":"Frozen Egg 2"},{"floor":26,"key":"Juzu Bracelet"},{"floor":31,"key":"Mummified Hand"},{"floor":40,"key":"Pocketwatch"},{"floor":41,"key":"Charon\u0027s Ashes"},{"floor":42,"key":"Oddly Smooth Stone"},{"floor":43,"key":"Akabeko"},{"floor":44,"key":"Ginger"},{"floor":46,"key":"Self Forming Clay"},{"floor":47,"key":"Lizard Tail"},{"floor":49,"key":"Vajra"},{"floor":53,"key":"Paper Frog"},{"floor":55,"key":"Blood Vial"}],"event_choices":[{"damage_healed":0.0,"max_hp_gain":0.0,"max_hp_loss":0.0,"gold_gain":0.0,"cards_transformed":["Strike_R"],"event_name":"Living Wall","player_choice":"Change","floor":8.0,"gold_loss":0.0,"damage_taken":0.0,"cards_obtained":["Perfected Strike"]},{"damage_healed":0,"gold_gain":0,"player_choice":"Paid Fearfully","damage_taken":0,"max_hp_gain":0,"max_hp_loss":0,"event_name":"Masked Bandits","floor":19,"gold_loss":140},{"damage_healed":15,"gold_gain":0,"player_choice":"Heal","damage_taken":0,"max_hp_gain":0,"max_hp_loss":0,"event_name":"The Library","floor":20,"gold_loss":0},{"damage_healed":0,"gold_gain":0,"player_choice":"Simplicity","damage_taken":0,"max_hp_gain":0,"max_hp_loss":0,"event_name":"Back to Basics","floor":21,"gold_loss":0,"cards_upgraded":["Strike_R","Strike_R","Defend_R","Defend_R","Defend_R"]},{"damage_healed":0,"gold_gain":0,"player_choice":"Rummage","damage_taken":0,"relics_obtained":["WarpedTongs"],"max_hp_gain":0,"max_hp_loss":0,"event_name":"Accursed Blacksmith","floor":29,"gold_loss":0,"cards_obtained":["Pain"]},{"cards_removed":["Perfected Strike"],"damage_healed":5,"gold_gain":0,"player_choice":"Offered Common","damage_taken":0,"max_hp_gain":0,"max_hp_loss":0,"event_name":"Bonfire Elementals","floor":37,"gold_loss":0},{"cards_removed":["Perfected Strike"],"damage_healed":5,"gold_gain":0,"player_choice":"Offered Special","damage_taken":0,"max_hp_gain":0,"max_hp_loss":0,"event_name":"Bonfire Elementals","floor":37,"gold_loss":0},{"damage_healed":0,"gold_gain":0,"player_choice":"Fight","damage_taken":0,"max_hp_gain":0,"max_hp_loss":0,"event_name":"Mysterious Sphere","floor":44,"gold_loss":0},{"damage_healed":0,"gold_gain":0,"player_choice":"Fight","damage_taken":0,"max_hp_gain":0,"max_hp_loss":0,"event_name":"MindBloom","floor":47,"gold_loss":0}],"is_beta":false,"boss_relics":[{"not_picked":["Runic Dome","Fusion Hammer"],"picked":"Runic Pyramid"},{"not_picked":["Velvet Choker","Black Blood"],"picked":"Astrolabe"}],"items_purged_floors":[54],"is_endless":false,"potions_floor_spawned":[1,3,4,18,30,33,39,40,44,46],"ascension_level":20}}