{"host":"usrgk25etjl0nf5i","time":1611117673,"event":{"mods":["2.2 Compatiblity","BaseMod","Downfall","Hubris","Minty Spire (QoL Compilation)","StSLib","SuperFastMode"],"gold_per_floor":[0,11,65,77,105,144,156,343,365,403,433,474,504,529,561,573,573,573],"floor_reached":16,"language":"ENG","playtime":795,"items_purged":[],"score":156,"play_id":"0f89d879-25eb-4fe8-8f18-5d4d222dfea8","local_time":"20210119204113","is_ascension_mode":true,"campfire_choices":[{"floor":1,"key":"RECALL"}],"circlet_count":0,"master_deck":["bronze:Strike","bronze:Strike","bronze:Strike","bronze:Strike","bronze:Defend","bronze:Defend","bronze:Defend","bronze:Defend","bronze:Replicate","bronze:Goto","Chrysalis","bronze:BitShift","Pain","bronze:CutThrough","bronze:RecursiveStrike","Doubt","bronze:Shell","bronze:Branch","bronze:Repulsor","bronze:Separator","bronze:Assembly","bronze:Format","bronze:MaxOutput"],"relics":["bronze:BronzeCore","MawBank","WarpedTongs","InkBottle","Meat on the Bone","Bottled Flame","Blue Candle"],"acts_visited":["Exordium"],"potions_floor_usage":[10],"damage_taken":[{"damage":1,"enemies":"Cultist","floor":2,"turns":4},{"damage":11,"enemies":"Jaw Worm","floor":5,"turns":6},{"damage":12,"enemies":"Lagavulin","floor":6,"turns":7},{"damage":4,"enemies":"Small Slimes","floor":9,"turns":4},{"damage":18,"enemies":"Gremlin Nob","floor":10,"turns":3},{"damage":10,"enemies":"Blue Slaver","floor":11,"turns":5},{"damage":18,"enemies":"3 Sentries","floor":12,"turns":7},{"damage":13,"enemies":"3 Louse","floor":13,"turns":3},{"damage":4,"enemies":"Blue Slaver","floor":14,"turns":4},{"damage":37,"enemies":"3 Louse","floor":15,"turns":6},{"damage":17,"enemies":"SI_SHIV_ARCHETYPE","floor":16,"turns":4}],"seed_played":"2660117776905982220","potions_obtained":[{"floor":2,"key":"Fire Potion"},{"floor":11,"key":"hexamod:SoulburnPotion"},{"floor":13,"key":"BlessingOfTheForge"},{"floor":14,"key":"bronze:BuildAFunctionPotion"}],"is_trial":false,"path_per_floor":["R","M","T","?","M","E","T","?","M","E","M","E","M","M","M","B"],"character_chosen":"THE_AUTOMATON","items_purchased":[],"campfire_rested":0,"item_purchase_floors":[],"current_hp_per_floor":[70,69,69,69,58,46,46,46,42,36,38,32,31,39,14,0,0,0],"gold":573,"neow_bonus":"RANDOM_COLORLESS_2","is_daily":false,"chose_seed":false,"campfire_upgraded":0,"win_rate":0.0,"timestamp":1611117673,"path_taken":["R","M","?","?","?","E","T","?","M","E","M","E","M","M","M","BOSS"],"items_purchased_type":[],"build_version":"2020-12-22","purchased_purges":0,"victory":false,"max_hp_per_floor":[70,70,70,70,70,70,70,70,70,70,70,70,70,70,70,70,70,70],"card_choices":[{"not_picked":["Sadistic Nature","Transmutation"],"picked":"Chrysalis","floor":0},{"not_picked":["bronze:Deprecate","bronze:Turbo"],"picked":"bronze:BitShift","floor":2},{"not_picked":["bronze:Invalidate","bronze:BugBarrage"],"picked":"bronze:CutThrough","floor":5},{"not_picked":["bronze:Shield","bronze:ClassDefault"],"picked":"bronze:RecursiveStrike","floor":6},{"not_picked":["bronze:BugBarrage","bronze:FineTuning"],"picked":"bronze:Shell","floor":9},{"not_picked":["bronze:BuggyMess","bronze:ForLoop"],"picked":"bronze:Branch","floor":10},{"not_picked":["bronze:FollowUp","bronze:Branch"],"picked":"bronze:Repulsor","floor":11},{"not_picked":["bronze:Overload","bronze:ChildClass"],"picked":"bronze:Separator","floor":12},{"not_picked":["bronze:Turbo","bronze:WildBeam"],"picked":"bronze:Assembly","floor":13},{"not_picked":["bronze:ForceShield","bronze:DelayedSlice"],"picked":"bronze:Format","floor":14},{"not_picked":["bronze:DelayedGuard","bronze:Deprecate"],"picked":"bronze:MaxOutput","floor":15}],"player_experience":648879,"relics_obtained":[{"floor":3,"key":"MawBank"},{"floor":6,"key":"InkBottle"},{"floor":7,"key":"Meat on the Bone"},{"floor":10,"key":"Bottled Flame"},{"floor":12,"key":"Blue Candle"}],"event_choices":[],"is_beta":false,"boss_relics":[],"items_purged_floors":[],"is_endless":false,"potions_floor_spawned":[2,11,13,14,15],"killed_by":"SI_SHIV_ARCHETYPE","ascension_level":1}}