{"host":"f0gpob8hq9vgebej","time":1611111278,"event":{"mods":["AchievementEnabler","BaseMod","Minty Spire (QoL Compilation)","Quick Restart","SuperFastMode"],"gold_per_floor":[110,125,137,153,170,170,170,188,188,188,26,54,72,20,20,119,119,137,149,159,159,159,159,159,174,229,229,229],"floor_reached":27,"language":"KOR","playtime":627,"items_purged":["Strike_R"],"score":326,"play_id":"9baeb167-7130-479f-88a6-e0bd821a3447","local_time":"20210120115438","is_ascension_mode":true,"campfire_choices":[{"data":"Armaments","floor":6.0,"key":"SMITH"},{"data":"Body Slam","floor":10.0,"key":"SMITH"},{"data":"Barricade","floor":15.0,"key":"SMITH"},{"floor":23,"key":"REST"}],"circlet_count":0,"master_deck":["AscendersBane","Strike_R","Strike_R","Strike_R","Defend_R","Defend_R","Defend_R","Bash","Whirlwind+1","Power Through","Bludgeon","Armaments+1","Body Slam+1","Flash of Steel","Barricade+1","Fire Breathing","Shrug It Off","Exhume","Ghostly Armor+1","Evolve+1","Twin Strike","Shockwave"],"relics":["Burning Blood","Unceasing Top","Incense Burner","Red Skull","Black Star","WingedGreaves","Girya","Tiny Chest"],"acts_visited":["Exordium","TheCity"],"potions_floor_usage":[16,26,27],"damage_taken":[{"damage":6.0,"enemies":"Cultist","floor":1.0,"turns":3.0},{"damage":14.0,"enemies":"Small Slimes","floor":2.0,"turns":4.0},{"damage":6.0,"enemies":"Jaw Worm","floor":3.0,"turns":5.0},{"damage":0.0,"enemies":"Exordium Wildlife","floor":4.0,"turns":5.0},{"damage":11.0,"enemies":"2 Fungi Beasts","floor":5.0,"turns":4.0},{"damage":10.0,"enemies":"Red Slaver","floor":8.0,"turns":3.0},{"damage":15.0,"enemies":"3 Sentries","floor":12.0,"turns":5.0},{"damage":0.0,"enemies":"3 Louse","floor":13.0,"turns":1.0},{"damage":11,"enemies":"Slime Boss","floor":16,"turns":8},{"damage":11,"enemies":"3 Byrds","floor":18,"turns":5},{"damage":30,"enemies":"Spheric Guardian","floor":19,"turns":7},{"damage":24,"enemies":"Snake Plant","floor":20,"turns":6},{"damage":38,"enemies":"Snecko","floor":25,"turns":7},{"damage":30,"enemies":"Slavers","floor":27,"turns":2}],"seed_played":"3234565464565811070","potions_obtained":[{"floor":1.0,"key":"Explosive Potion"},{"floor":2.0,"key":"Strength Potion"},{"floor":16,"key":"FearPotion"},{"floor":19,"key":"BlessingOfTheForge"},{"floor":25,"key":"BloodPotion"}],"is_trial":false,"path_per_floor":["M","M","M","M","M","R","?","M","T","R","$","E","M","$","R","B",null,"M","M","M","?","?","R","?","M","T","E"],"character_chosen":"IRONCLAD","items_purchased":["Flash of Steel","Shrug It Off"],"campfire_rested":1,"item_purchase_floors":[11,14],"current_hp_per_floor":[51,43,43,49,44,44,44,40,40,40,40,31,37,37,37,32,68,63,39,21,21,21,45,45,13,29,0,0],"gold":229,"neow_bonus":"ONE_RARE_RELIC","is_daily":false,"chose_seed":false,"campfire_upgraded":3,"win_rate":0.0,"timestamp":1611111278,"path_taken":["M","?","M","M","M","R","?","M","T","R","$","E","?","?","R","BOSS","M","M","M","?","?","R","?","M","T","E"],"items_purchased_type":["Card","Card"],"build_version":"2020-12-22","purchased_purges":1,"victory":false,"max_hp_per_floor":[80,80,80,80,80,80,80,80,80,80,80,80,80,80,80,80,80,80,80,80,80,80,80,80,80,80,80,80],"card_choices":[{"not_picked":["Blood for Blood","Perfected Strike"],"picked":"Whirlwind","floor":1.0},{"not_picked":["Iron Wave","Twin Strike"],"picked":"Power Through","floor":2.0},{"not_picked":["Clothesline","Headbutt","Perfected Strike"],"picked":"SKIP","floor":3.0},{"not_picked":["Warcry","Anger"],"picked":"Bludgeon","floor":4.0},{"not_picked":["Havoc","Heavy Blade"],"picked":"Armaments","floor":5.0},{"not_picked":["Entrench","Armaments"],"picked":"Body Slam","floor":8.0},{"not_picked":["Feel No Pain","Entrench"],"picked":"Barricade","floor":12.0},{"not_picked":["Clothesline","Twin Strike"],"picked":"Fire Breathing","floor":13.0},{"not_picked":["Berserk","Bludgeon"],"picked":"Exhume","floor":16},{"not_picked":["Feel No Pain","Hemokinesis"],"picked":"Ghostly Armor+1","floor":18},{"not_picked":["Flex","Uppercut","Anger+1"],"picked":"SKIP","floor":19},{"not_picked":["Clash","Combust"],"picked":"Evolve+1","floor":20},{"not_picked":["Sword Boomerang","Thunderclap","Blood for Blood"],"picked":"SKIP","floor":25}],"player_experience":178901,"relics_obtained":[{"floor":9.0,"key":"Incense Burner"},{"floor":12.0,"key":"Red Skull"},{"floor":26,"key":"Tiny Chest"}],"event_choices":[{"damage_healed":0.0,"max_hp_gain":0.0,"max_hp_loss":0.0,"gold_gain":0.0,"event_name":"Accursed Blacksmith","player_choice":"Forge","floor":7.0,"gold_loss":0.0,"damage_taken":0.0,"cards_upgraded":["Whirlwind"]},{"damage_healed":0,"gold_gain":0,"player_choice":"Opened","damage_taken":0,"relics_obtained":["WingedGreaves"],"max_hp_gain":0,"max_hp_loss":0,"event_name":"The Mausoleum","floor":21,"gold_loss":0},{"damage_healed":0,"gold_gain":0,"cards_transformed":["Strike_R","Defend_R"],"player_choice":"Became Test Subject","damage_taken":0,"max_hp_gain":0,"max_hp_loss":0,"event_name":"Drug Dealer","floor":22,"gold_loss":0,"cards_obtained":["Twin Strike","Shockwave"]},{"damage_healed":0,"gold_gain":0,"player_choice":"Gave Potion","damage_taken":0,"relics_obtained":["Girya"],"max_hp_gain":0,"max_hp_loss":0,"event_name":"WeMeetAgain","floor":24,"gold_loss":0}],"is_beta":false,"boss_relics":[{"not_picked":["SacredBark","Fusion Hammer"],"picked":"Black Star"}],"items_purged_floors":[11],"is_endless":false,"potions_floor_spawned":[1,2,16,19,25],"killed_by":"Slavers","ascension_level":10}}