{"host":"9ndbo4kgsfoemf7y","time":1611143812,"event":{"mods":["AchievementEnabler","BaseMod","Colored Map","DeckTracker","Keyboard Shortcuts","Minty Spire (QoL Compilation)","Permanent Neow","Quick Restart","Relic Stats","StSLib","SuperFastMode"],"gold_per_floor":[118,131,131,147,72,72,99,118,118,118,138,138,213,31,31,136,136,150,168,187,203,216,216,244,159,230,230,243,88,88,102,102,201,201,213,88,88,100,154,154,154],"floor_reached":40,"language":"KOR","playtime":1205,"items_purged":["Strike_R","Defend_R","Heavy Blade"],"score":483,"play_id":"ff012503-e95c-44de-9fd8-c8286541089b","local_time":"20210120205652","is_ascension_mode":false,"campfire_choices":[{"data":"Seeing Red","floor":6.0,"key":"SMITH"},{"data":"Bash","floor":10.0,"key":"SMITH"},{"data":"Carnage","floor":12.0,"key":"SMITH"},{"data":"Shrug It Off","floor":15.0,"key":"SMITH"},{"data":"Feed","floor":23.0,"key":"SMITH"},{"data":"Double Tap","floor":27.0,"key":"SMITH"},{"data":"Cleave","floor":32.0,"key":"SMITH"}],"circlet_count":0,"master_deck":["Bash+1","Intimidate","Seeing Red+1","Wild Strike","Shrug It Off+1","Twin Strike","Carnage+1","Evolve","Feed+1","Shrug It Off+1","Cleave+1","Double Tap+1","Offering","Power Through","Twin Strike","Fiend Fire","Combust","Madness","Madness"],"relics":["Burning Blood","Toy Ornithopter","Bag of Marbles","Busted Crown","Bottled Lightning","Ice Cream","Gremlin Horn","Oddly Smooth Stone","Pandora\u0027s Box","Bird Faced Urn"],"acts_visited":["Exordium","TheCity","TheBeyond"],"potions_floor_usage":[40],"damage_taken":[{"damage":8.0,"enemies":"Jaw Worm","floor":1.0,"turns":3.0},{"damage":0.0,"enemies":"2 Louse","floor":2.0,"turns":3.0},{"damage":4.0,"enemies":"Cultist","floor":4.0,"turns":3.0},{"damage":19.0,"enemies":"Lagavulin","floor":7.0,"turns":8.0},{"damage":16.0,"enemies":"Exordium Thugs","floor":8.0,"turns":5.0},{"damage":11.0,"enemies":"Large Slime","floor":11.0,"turns":6.0},{"damage":0.0,"enemies":"Slime Boss","floor":16.0,"turns":8.0},{"damage":15.0,"enemies":"2 Thieves","floor":18.0,"turns":4.0},{"damage":23.0,"enemies":"3 Byrds","floor":19.0,"turns":6.0},{"damage":19.0,"enemies":"Cultist and Chosen","floor":20.0,"turns":7.0},{"damage":8.0,"enemies":"Shelled Parasite and Fungi","floor":21.0,"turns":4.0},{"damage":3.0,"enemies":"Centurion and Healer","floor":22.0,"turns":5.0},{"damage":11.0,"enemies":"Slavers","floor":24.0,"turns":6.0},{"damage":4.0,"enemies":"Chosen and Byrds","floor":28.0,"turns":5.0},{"damage":0.0,"enemies":"Shelled Parasite and Fungi","floor":31.0,"turns":1.0},{"damage":64.0,"enemies":"Automaton","floor":33.0,"turns":9.0},{"damage":32.0,"enemies":"3 Darklings","floor":35.0,"turns":4.0},{"damage":0.0,"enemies":"Orb Walker","floor":38.0,"turns":2.0},{"damage":31.0,"enemies":"2 Orb Walkers","floor":39.0,"turns":3.0},{"damage":70,"enemies":"Giant Head","floor":40,"turns":6}],"seed_played":"-2704874255883280945","potions_obtained":[{"floor":7.0,"key":"SkillPotion"},{"floor":16.0,"key":"LiquidBronze"},{"floor":19.0,"key":"ElixirPotion"},{"floor":24.0,"key":"CultistPotion"},{"floor":33.0,"key":"BloodPotion"}],"is_trial":false,"path_per_floor":["M","M","?","M","$","R","E","M","T","R","M","R","?","$","R","B",null,"M","M","M","M","M","R","E","?","T","R","M","$","?","M","R","B",null,"M","$","?","M","?","E"],"character_chosen":"IRONCLAD","items_purchased":["Evolve","Oddly Smooth Stone"],"campfire_rested":0,"item_purchase_floors":[14,29],"current_hp_per_floor":[70,72,58,60,60,60,47,37,37,37,32,32,21,21,21,27,72,66,52,42,43,49,49,48,48,48,48,54,54,54,60,60,7,95,69,69,57,63,42,0,0],"gold":154,"neow_bonus":"TRANSFORM_TWO_CARDS","is_daily":false,"chose_seed":false,"campfire_upgraded":7,"win_rate":0.0,"timestamp":1611143812,"path_taken":["M","M","?","M","$","R","E","M","T","R","M","R","?","?","R","BOSS","M","M","?","M","M","R","E","?","T","R","M","$","?","?","R","BOSS","M","$","?","M","?","E"],"items_purchased_type":["Card","Relic"],"build_version":"2020-12-22","purchased_purges":3,"victory":false,"max_hp_per_floor":[72,72,72,72,72,72,72,72,72,72,72,72,72,72,72,72,72,75,78,81,84,87,87,91,91,91,91,95,95,95,95,95,95,95,95,95,95,95,99,99,99],"relic_stats":{"Busted Crown":24,"Gremlin Horn":[7,7],"counters":[20,98],"Bird Faced Urn":[4],"Pandora\u0027s Box":["Power Through","Twin Strike","Fiend Fire","Heavy Blade","Combust"],"obtain_stats":[{"Ice Cream":25,"Busted Crown":17,"Gremlin Horn":26,"Bird Faced Urn":39,"Oddly Smooth Stone":29,"Pandora\u0027s Box":34,"Bag of Marbles":9,"Bottled Lightning":24,"Burning Blood":0,"Toy Ornithopter":7},{"Ice Cream":13,"Busted Crown":7,"Gremlin Horn":13,"Bird Faced Urn":19,"Oddly Smooth Stone":14,"Pandora\u0027s Box":16,"Bag of Marbles":5,"Bottled Lightning":13,"Burning Blood":0,"Toy Ornithopter":4},{"Ice Cream":68,"Busted Crown":36,"Gremlin Horn":68,"Bird Faced Urn":92,"Oddly Smooth Stone":73,"Pandora\u0027s Box":83,"Bag of Marbles":22,"Bottled Lightning":68,"Burning Blood":0,"Toy Ornithopter":17}],"Burning Blood":110,"Toy Ornithopter":10},"card_choices":[{"not_picked":["Headbutt","Metallicize"],"picked":"Wild Strike","floor":1.0},{"not_picked":["Heavy Blade","Thunderclap"],"picked":"Shrug It Off","floor":2.0},{"not_picked":["Shrug It Off","Body Slam"],"picked":"Twin Strike","floor":4.0},{"not_picked":["Clash","Heavy Blade","Sentinel"],"picked":"SKIP","floor":7.0},{"not_picked":["Twin Strike","Iron Wave","Body Slam"],"picked":"SKIP","floor":8.0},{"not_picked":["Burning Pact","Shrug It Off"],"picked":"Carnage","floor":11.0},{"not_picked":["Barricade","Exhume"],"picked":"Feed","floor":16.0},{"not_picked":[],"picked":"Shrug It Off+1","floor":18.0},{"not_picked":[],"picked":"Cleave","floor":19.0},{"not_picked":["Thunderclap"],"picked":"SKIP","floor":20.0},{"not_picked":["Ghostly Armor"],"picked":"SKIP","floor":21.0},{"not_picked":["Pommel Strike"],"picked":"SKIP","floor":22.0},{"not_picked":[],"picked":"Double Tap","floor":24.0},{"not_picked":["Sentinel"],"picked":"SKIP","floor":28.0},{"not_picked":["Body Slam"],"picked":"SKIP","floor":31.0},{"not_picked":[],"picked":"Offering","floor":33.0},{"not_picked":["Clash"],"picked":"SKIP","floor":35.0},{"not_picked":["Cleave+1"],"picked":"SKIP","floor":38.0}],"player_experience":834221,"relics_obtained":[{"floor":7.0,"key":"Toy Ornithopter"},{"floor":9.0,"key":"Bag of Marbles"},{"floor":24.0,"key":"Bottled Lightning"},{"floor":26.0,"key":"Gremlin Horn"},{"floor":39.0,"key":"Bird Faced Urn"}],"event_choices":[{"damage_healed":0.0,"max_hp_gain":0.0,"max_hp_loss":0.0,"gold_gain":0.0,"event_name":"Shining Light","player_choice":"Entered Light","floor":3.0,"gold_loss":0.0,"damage_taken":14.0,"cards_upgraded":["Defend_R","Strike_R"]},{"damage_healed":0.0,"max_hp_gain":0.0,"max_hp_loss":0.0,"gold_gain":75.0,"event_name":"World of Goop","player_choice":"Gather Gold","floor":13.0,"gold_loss":0.0,"damage_taken":11.0},{"damage_healed":0.0,"max_hp_gain":0.0,"max_hp_loss":0.0,"gold_gain":0.0,"event_name":"Addict","player_choice":"Obtained Relic","floor":25.0,"gold_loss":85.0,"damage_taken":0.0,"relics_obtained":["Ice Cream"]},{"damage_healed":0.0,"max_hp_gain":0.0,"max_hp_loss":0.0,"gold_gain":0.0,"event_name":"Vampires","player_choice":"Ignored","floor":30.0,"gold_loss":0.0,"damage_taken":0.0},{"damage_healed":0.0,"max_hp_gain":0.0,"max_hp_loss":0.0,"gold_gain":0.0,"event_name":"Winding Halls","player_choice":"Embrace Madness","floor":37.0,"gold_loss":0.0,"damage_taken":12.0,"cards_obtained":["Madness","Madness"]},{"damage_healed":0.0,"max_hp_gain":0.0,"max_hp_loss":0.0,"gold_gain":0.0,"event_name":"Mysterious Sphere","player_choice":"Fight","floor":39.0,"gold_loss":0.0,"damage_taken":0.0}],"is_beta":false,"boss_relics":[{"not_picked":["Ectoplasm","Calling Bell"],"picked":"Busted Crown"},{"not_picked":["Philosopher\u0027s Stone","SacredBark"],"picked":"Pandora\u0027s Box"}],"items_purged_floors":[5,14,36],"is_endless":false,"potions_floor_spawned":[7,16,19,20,24,33,39],"killed_by":"Giant Head","ascension_level":0}}