{"host":"5ty8fyb0ngp9gspj","time":1611138780,"event":{"mods":["2.2 Compatiblity","AchievementEnabler","Act Like it!","BaseMod","Colored Map","Downfall","Minty Spire (QoL Compilation)","Rare Cards Sparkle","Relic Stats","StSLib","The Jungle","slay the spire mod where everything is the same but ironclad has a cowboy hat"],"gold_per_floor":[119,135,135,147,147,222,147,147,147,147,47,122,153,165,165,165,165],"floor_reached":16,"language":"ENG","playtime":164,"items_purged":["Defend_R","Defend_R"],"score":98,"play_id":"1c7ba2f0-a77a-44c2-a841-7d21388fc9d2","local_time":"20210120213300","is_ascension_mode":false,"campfire_choices":[{"data":"Whirlwind","floor":10,"key":"SMITH"},{"floor":15,"key":"REST"}],"circlet_count":0,"master_deck":["Strike_R","Strike_R","Strike_R","Strike_R","Strike_R","Bash","Whirlwind+1","Flex"],"relics":["Burning Blood","NeowsBlessing","Mummified Hand","Champion Belt"],"acts_visited":["Exordium"],"potions_floor_usage":[16,16],"damage_taken":[{"damage":0,"enemies":"Small Slimes","floor":1,"turns":1},{"damage":0,"enemies":"Jaw Worm","floor":2,"turns":1},{"damage":0,"enemies":"2 Louse","floor":4,"turns":1},{"damage":36,"enemies":"Lagavulin","floor":13,"turns":6},{"damage":0,"enemies":"Large Slime","floor":14,"turns":3},{"damage":56,"enemies":"The Guardian","floor":16,"turns":6}],"seed_played":"-7828785640428321427","potions_obtained":[{"floor":13,"key":"Explosive Potion"},{"floor":14,"key":"PowerPotion"}],"is_trial":false,"path_per_floor":["M","M","?","M","?","?","$","?","T","R","$","?","E","M","R","B"],"character_chosen":"IRONCLAD","items_purchased":[],"campfire_rested":1,"item_purchase_floors":[],"current_hp_per_floor":[80,80,80,80,73,62,62,62,62,62,62,54,24,30,54,0,0],"gold":165,"neow_bonus":"THREE_ENEMY_KILL","is_daily":false,"chose_seed":false,"campfire_upgraded":1,"win_rate":0.0,"timestamp":1611138780,"path_taken":["M","M","?","M","?","?","$","?","T","R","$","?","E","?","R","BOSS"],"items_purchased_type":[],"build_version":"2020-12-22","purchased_purges":2,"victory":false,"max_hp_per_floor":[80,80,80,80,80,80,80,80,80,80,80,80,80,80,80,80,80],"relic_stats":{"counters":[6,18],"Mummified Hand":[1],"Champion Belt":[4],"obtain_stats":[{"NeowsBlessing":0,"Mummified Hand":9,"Champion Belt":13,"Burning Blood":0},{"NeowsBlessing":0,"Mummified Hand":3,"Champion Belt":4,"Burning Blood":0},{"NeowsBlessing":0,"Mummified Hand":3,"Champion Belt":9,"Burning Blood":0}],"Burning Blood":12},"card_choices":[{"not_picked":["Havoc","Heavy Blade","Armaments"],"picked":"SKIP","floor":1},{"not_picked":["Dark Embrace","Seeing Red"],"picked":"Whirlwind","floor":2},{"not_picked":["Headbutt","Perfected Strike","Blood for Blood"],"picked":"SKIP","floor":4},{"not_picked":["Reaper","Pommel Strike"],"picked":"Flex","floor":13},{"not_picked":["Perfected Strike","Flame Barrier","Entrench"],"picked":"SKIP","floor":14}],"player_experience":412416,"relics_obtained":[{"floor":9,"key":"Mummified Hand"},{"floor":13,"key":"Champion Belt"}],"event_choices":[{"damage_healed":0,"gold_gain":0,"player_choice":"Ignored","damage_taken":0,"max_hp_gain":0,"max_hp_loss":0,"event_name":"Liars Game","floor":3,"gold_loss":0},{"cards_removed":["Defend_R"],"damage_healed":0,"gold_gain":0,"player_choice":"Card Removal","damage_taken":7,"max_hp_gain":0,"max_hp_loss":0,"event_name":"Golden Wing","floor":5,"gold_loss":0},{"damage_healed":0,"gold_gain":75,"player_choice":"Gather Gold","damage_taken":11,"max_hp_gain":0,"max_hp_loss":0,"event_name":"World of Goop","floor":6,"gold_loss":0},{"cards_removed":["Defend_R"],"damage_healed":0,"gold_gain":0,"player_choice":"Forget","damage_taken":0,"max_hp_gain":0,"max_hp_loss":0,"event_name":"Living Wall","floor":8,"gold_loss":0},{"damage_healed":0,"gold_gain":75,"player_choice":"Touch","damage_taken":8,"max_hp_gain":0,"max_hp_loss":0,"event_name":"FaceTrader","floor":12,"gold_loss":0}],"is_beta":false,"boss_relics":[],"items_purged_floors":[7,11],"is_endless":false,"potions_floor_spawned":[13,14],"killed_by":"The Guardian","ascension_level":0}}