{"host":"jt62yzdgnrkmwwqv","time":1611114905,"event":{"mods":["AchievementEnabler","Arknights The Spire","BaseMod","CapriCore","Colored Map","Colored Powertips","GungeonMod","Lobotomy","LobotomyExtend","Minty Spire (QoL Compilation)","Replay The Spire","StSLib","SuperFastMode","The Dragon Tamer"],"gold_per_floor":[113,126,146,0,13,47,64,76,101,111,136,156,256,272,272,272,272],"floor_reached":16,"language":"KOR","playtime":531,"items_purged":["ats:Strike C"],"score":124,"play_id":"cb590ab8-4510-4ee0-9fe8-2f15fa3a3e83","local_time":"20210120125505","is_ascension_mode":true,"campfire_choices":[{"data":"ats:Strike S","floor":15,"key":"PURGE"}],"circlet_count":0,"master_deck":["ats:Strike G","ats:Armor Crushing Shot","ats:Defend","ats:Defend","ats:Defend","ats:Defend","ats:Emotion Absorption","ats:Shadow Raid","ats:Magnetic Hammer","ats:Hammer On","ats:Leaping Hammer","ats:Apocalypse","ats:Soul Rend","ats:Apocalypse","ats:Demon Strength","ats:Durian","ats:Cat Scratch"],"relics":["ats:Sanity","LetterFromLob","ats:Originium","ats:Berate","DemoMod:WhiteGuonStone","DemoMod:PoisonVial"],"acts_visited":["Exordium"],"potions_floor_usage":[11,16,16,16],"damage_taken":[{"damage":1,"enemies":"Cultist","floor":1,"turns":4},{"damage":1,"enemies":"Jaw Worm","floor":2,"turns":5},{"damage":0,"enemies":"Small Slimes","floor":3,"turns":5},{"damage":2,"enemies":"Red Slaver","floor":5,"turns":4},{"damage":23,"enemies":"Replay:BlueRogue","floor":6,"turns":11},{"damage":1,"enemies":"2 Fungi Beasts","floor":7,"turns":4},{"damage":8,"enemies":"3 Louse","floor":8,"turns":3},{"damage":0,"enemies":"Exordium Wildlife","floor":10,"turns":4},{"damage":20,"enemies":"Gremlin Nob","floor":11,"turns":5},{"damage":35,"enemies":"Exordium Thugs","floor":12,"turns":5},{"damage":13,"enemies":"Looter","floor":14,"turns":3},{"damage":30,"enemies":"Slime Boss","floor":16,"turns":4}],"seed_played":"-5155341128994392032","potions_obtained":[{"floor":1,"key":"Adrenaline Potion"},{"floor":3,"key":"BlessingOfTheForge"},{"floor":7,"key":"Fire Potion"},{"floor":11,"key":"FearPotion"}],"is_trial":false,"path_per_floor":["M","M","M","$","M","E","M","M","T","M","E","M","?","M","R_BF","B"],"character_chosen":"DOCTOR_CLASS","items_purchased":["ats:Leaping Hammer","ats:Apocalypse"],"campfire_rested":0,"item_purchase_floors":[4,4],"current_hp_per_floor":[71,70,70,70,70,51,55,52,52,61,46,23,23,11,11,0,0],"gold":272,"neow_bonus":"TRANSFORM_CARD","is_daily":false,"chose_seed":false,"campfire_upgraded":0,"win_rate":0.0,"timestamp":1611114905,"path_taken":["M","M","M","$","M","E","?","M","T","M","E","M","?","?","R_BF","BOSS"],"items_purchased_type":["Card","Card"],"build_version":"2020-12-22","purchased_purges":1,"victory":false,"max_hp_per_floor":[72,72,72,72,72,72,72,72,72,72,72,72,72,72,72,72,72],"card_choices":[{"not_picked":["ats:Flexible Camouflage","ats:Flame Of Heaven"],"picked":"ats:Magnetic Hammer","floor":1},{"not_picked":["ats:Neurotoxin","ats:Explosion Area Strengthen","ats:Part Time Job"],"picked":"SKIP","floor":2},{"not_picked":["ats:Powerful Strike","ats:Consecutive Shot Auto"],"picked":"ats:Hammer On","floor":3},{"not_picked":["ats:Curse Doll","ats:Explosion Area Strengthen","ats:Flexible Camouflage"],"picked":"SKIP","floor":5},{"not_picked":["ats:Flexible Camouflage","ats:Powerful Strike"],"picked":"ats:Soul Rend","floor":6},{"not_picked":["ats:Poison Spread","ats:Ignite","ats:Neurotoxin"],"picked":"SKIP","floor":7},{"not_picked":["ats:Consecutive Shot Auto","ats:Childhood Dance"],"picked":"ats:Apocalypse","floor":8},{"not_picked":["ats:Flexible Camouflage","ats:Curse Doll"],"picked":"ats:Demon Strength","floor":10},{"not_picked":["ats:Ignite","ats:Defend Order"],"picked":"ats:Durian","floor":11},{"not_picked":["ats:Powerful Strike","ats:Consecutive Shot Auto","ats:Defend Order"],"picked":"SKIP","floor":12},{"not_picked":["ats:Powerful Strike","ats:Overload"],"picked":"ats:Cat Scratch","floor":14}],"player_experience":178840,"relics_obtained":[{"floor":1,"key":"LetterFromLob"},{"floor":6,"key":"ats:Originium"},{"floor":6,"key":"ats:Berate"},{"floor":9,"key":"DemoMod:WhiteGuonStone"},{"floor":11,"key":"ats:Originium"},{"floor":11,"key":"DemoMod:PoisonVial"}],"event_choices":[{"damage_healed":0,"gold_gain":100,"player_choice":"Pray","damage_taken":0,"max_hp_gain":0,"max_hp_loss":0,"event_name":"Golden Shrine","floor":13,"gold_loss":0}],"is_beta":false,"boss_relics":[],"items_purged_floors":[4],"is_endless":false,"potions_floor_spawned":[1,3,7,8,10,11],"killed_by":"Slime Boss","ascension_level":1}}