{"host":"lp8gi2x5rrw4z3b7","time":1611101421,"event":{"mods":["AchievementEnabler","BaseMod","Colored Map","Downfall","Minty Spire (QoL Compilation)","Quick Restart","Rare Cards Sparkle","StSLib"],"gold_per_floor":[99,118,136,136,151,183,183,195,195,195,206,106,122,122,132,132,132,132],"floor_reached":16,"language":"ENG","playtime":1687,"items_purged":[],"score":104,"play_id":"9da395ad-8f1d-4f96-981b-135209694ff2","local_time":"20210119191021","is_ascension_mode":false,"campfire_choices":[{"floor":1,"key":"RECALL"},{"floor":12,"key":"REST"}],"circlet_count":0,"master_deck":["champ:Strike","champ:Strike","champ:Strike","champ:Strike","champ:Defend","champ:Defend","champ:Defend","champ:Defend","champ:Execute","champ:Taunt+1","champ:Haymaker","champ:FocusedBerserking","champ:RecklessLeap+1","champ:FocusedBerserking","champ:RecklessLeap+1","downfall:Malfunctioning","champ:SkillfulDodge","champ:CalledShot+1","champ:AdrenalArmor+1","downfall:Malfunctioning","Parasite","champ:Backstep","champ:BringItOn","champ:BerserkersShout"],"relics":["champ:ChampionCrown","champ:FightingForDummies","downfall:HeartBlessingRed","downfall:BrokenWingStatue"],"acts_visited":["Exordium"],"potions_floor_usage":[6,16],"damage_taken":[{"damage":13,"enemies":"Small Slimes","floor":2,"turns":3},{"damage":6,"enemies":"Cultist","floor":3,"turns":3},{"damage":21,"enemies":"Jaw Worm","floor":5,"turns":2},{"damage":50,"enemies":"Gremlin Nob","floor":6,"turns":4},{"damage":20,"enemies":"3 Louse","floor":8,"turns":3},{"damage":45,"enemies":"Lots of Slimes","floor":11,"turns":4},{"damage":20,"enemies":"2 Fungi Beasts","floor":13,"turns":3},{"damage":46,"enemies":"Exordium Thugs","floor":15,"turns":5},{"damage":112,"enemies":"DF_ARCHETYPE_STREAMLINE","floor":16,"turns":11}],"seed_played":"-2260572279481580713","potions_obtained":[{"floor":3,"key":"SkillPotion"},{"floor":6,"key":"LiquidBronze"},{"floor":15,"key":"sneckomod:MuddlingPotion"}],"is_trial":false,"path_per_floor":["R","M","M","?","M","E","T","M","?","?","M","R","M","?","M","B"],"character_chosen":"THE_CHAMP","items_purchased":[],"campfire_rested":1,"item_purchase_floors":[],"current_hp_per_floor":[90,87,86,86,80,60,60,55,55,55,45,72,72,72,66,0,0,0],"gold":132,"neow_bonus":"THREE_CARDS","is_daily":false,"chose_seed":false,"campfire_upgraded":0,"win_rate":0.0,"timestamp":1611101421,"path_taken":["R","M","M","?","?","E","T","M","?","?","?","R","M","?","M","BOSS"],"items_purchased_type":[],"build_version":"2020-12-22","purchased_purges":0,"victory":false,"max_hp_per_floor":[90,90,90,90,90,90,90,90,90,90,90,90,90,90,90,90,90,90],"card_choices":[{"not_picked":["champ:PreciseThrust","champ:DefensiveShout"],"picked":"champ:Haymaker","floor":0},{"not_picked":["champ:FanOfKnives","champ:Haymaker"],"picked":"champ:FocusedBerserking","floor":2},{"not_picked":["champ:Circumvent","champ:Backstep"],"picked":"champ:RecklessLeap","floor":3},{"not_picked":["champ:Circumvent","champ:TornadoPunch"],"picked":"champ:SkillfulDodge","floor":5},{"not_picked":["champ:BladeFlurry","champ:GladiatorStyle"],"picked":"champ:CalledShot","floor":6},{"not_picked":["champ:ShieldThrow","champ:SkillfulDodge"],"picked":"champ:AdrenalArmor","floor":8},{"not_picked":["champ:BladeFlurry","champ:PreemptiveStrike"],"picked":"champ:Backstep","floor":11},{"not_picked":["champ:FlashCut","champ:AdrenalArmor"],"picked":"champ:BringItOn","floor":13},{"not_picked":["champ:GutPunch","champ:BringItOn"],"picked":"champ:BerserkersShout","floor":15}],"player_experience":920160,"relics_obtained":[{"floor":6,"key":"champ:FightingForDummies"}],"event_choices":[],"is_beta":false,"boss_relics":[],"items_purged_floors":[],"is_endless":false,"potions_floor_spawned":[3,6,15],"killed_by":"DF_ARCHETYPE_STREAMLINE","ascension_level":0}}