{"host":"9op7xyky91xc1g6p","time":1611130633,"event":{"mods":["Act Like it!","Astrologer","Bartender","BaseMod","Beaked The Cultist","Better Altar","Better Note","Better Sensory Stone","Better Skull","Better Third Choice","Better Vampires","BshForSts","CapriCore","Energized Spire","Gensokyo","Hallownest","Hermit","Infinite Spire","Koishi","Magitek Elite","Marisa????????","Minty Spire (QoL Compilation)","Random Character Button","Remilia??????","Retaliation","Robot Space Explorer","Shade Mod","SpireExporter+","StSLib","The Animator","The Disciple","The Elementalist","The Hierophant","The Immortal","The Marked","The Mystic","The Poker Player","The Runesmith","The Spell Scribe","TheBandit","Trackpad","Yuyuko","??????REMEMod"],"gold_per_floor":[196,211,96,96,90,106,104,104,104,104,149,149,104,160,160,160,160],"floor_reached":16,"language":"ENG","playtime":2234,"items_purged":[],"score":135,"play_id":"57ac4c63-cb85-4e93-983e-7af4676fba6d","local_time":"20210120001713","is_ascension_mode":false,"campfire_choices":[{"floor":12,"key":"REST"},{"data":"hierophant:ChurchCoffers","floor":15,"key":"SMITH"}],"circlet_count":0,"master_deck":["hierophant:Strike_Hierophant","hierophant:Strike_Hierophant","hierophant:Strike_Hierophant","hierophant:Strike_Hierophant","hierophant:Punish","hierophant:Defend_Hierophant","hierophant:Defend_Hierophant","hierophant:Defend_Hierophant","hierophant:Defend_Hierophant","hierophant:ChurchCoffers+1","hierophant:Doomsaying","hierophant:ThreeLashes","hierophant:Doubloon","hierophant:Smite","hierophant:Endure","hierophant:RustyCrate","hierophant:Doubloon","hierophant:Doubloon","hierophant:Zeal","hierophant:RustyCrate","hierophant:Doubloon","hierophant:Doubloon","hierophant:Doubloon","hierophant:Charity"],"relics":["hierophant:PropheticMaskRelic","REME_ComplimentaryCards","Odd Mushroom","Hallownest:DreamNailRelic","Nunchaku","trackpad:ByrdBGone","beaked:ShinyBauble","Runesmith:AutoHammer"],"acts_visited":["Hallownest:Greenpath"],"potions_floor_usage":[5,6,7,8],"damage_taken":[{"damage":6,"enemies":"Hallownest:2_Baldur","floor":1,"turns":3},{"damage":0,"enemies":"Hallownest:2_Tiktiks_and_1_Crawlid","floor":2,"turns":2},{"damage":15,"enemies":"Hallownest:monsterHuskGuard","floor":5,"turns":4},{"damage":22,"enemies":"Hallownest:eliteVengeflyKing","floor":6,"turns":13},{"damage":11,"enemies":"Hallownest:Guard_and_Warrior","floor":7,"turns":7},{"damage":3,"enemies":"Hallownest:eliteMossKnight","floor":8,"turns":7},{"damage":3,"enemies":"Hallownest:monsterMossCharger","floor":11,"turns":4},{"damage":0,"enemies":"Hallownest:monsterAspidMother","floor":14,"turns":3},{"damage":62,"enemies":"Hallownest:BossBrokenVessel","floor":16,"turns":11}],"seed_played":"-2589836848424447143","potions_obtained":[{"floor":1,"key":"Regen Potion"},{"floor":2,"key":"Regen Potion"},{"floor":6,"key":"SkillPotion"},{"floor":8,"key":"REME_GoldPotion"}],"is_trial":false,"path_per_floor":["M","M","?","?","M","E","M","E","T","?","M","R","$","M","R","B"],"character_chosen":"HIEROPHANT","items_purchased":["hierophant:RustyCrate"],"campfire_rested":1,"item_purchase_floors":[13],"current_hp_per_floor":[69,69,69,69,62,55,44,41,41,41,38,60,60,60,60,0,0],"gold":160,"neow_bonus":"HUNDRED_GOLD","is_daily":false,"chose_seed":false,"campfire_upgraded":1,"win_rate":0.0,"timestamp":1611130633,"path_taken":["M","M","?","?","M","E","?","E","T","?","M","R","?","M","R","BOSS"],"items_purchased_type":["Card"],"build_version":"2020-12-22","purchased_purges":0,"victory":false,"max_hp_per_floor":[75,75,75,75,75,75,75,75,75,75,75,75,75,75,75,75,75],"card_choices":[{"not_picked":["hierophant:Purify","hierophant:SecretStash"],"picked":"hierophant:Doomsaying","floor":1},{"not_picked":["hierophant:PassingBell","hierophant:Upheaval"],"picked":"hierophant:ThreeLashes","floor":2},{"not_picked":["hierophant:FieryStrike","hierophant:ThreeLashes"],"picked":"hierophant:Doubloon","floor":5},{"not_picked":["hierophant:FlamingChariot","hierophant:Mercenaries"],"picked":"hierophant:Smite","floor":6},{"not_picked":["hierophant:Zeal","hierophant:FieryStrike"],"picked":"hierophant:Endure","floor":7},{"not_picked":["hierophant:WrathOfGod","hierophant:SecretStash"],"picked":"hierophant:RustyCrate","floor":8},{"not_picked":["hierophant:Repentance","hierophant:ArchangelShield"],"picked":"hierophant:Zeal","floor":11},{"not_picked":["hierophant:Smite","hierophant:SolarFlare"],"picked":"hierophant:Charity","floor":14}],"player_experience":380973,"relics_obtained":[{"floor":6,"key":"Nunchaku"},{"floor":8,"key":"trackpad:ByrdBGone"},{"floor":9,"key":"beaked:ShinyBauble"}],"event_choices":[],"is_beta":false,"boss_relics":[],"items_purged_floors":[],"is_endless":false,"potions_floor_spawned":[1,2,6,8],"killed_by":"Hallownest:BossBrokenVessel","ascension_level":0}}