{"host":"SpaceMun","time":1611102313,"event":{"mods":["Act Like it!","Astrologer","Bard","BaseMod","Better Third Choice","Gremlin Mod","Hallownest","Hermit","Jorbs\u0027s Wanderer Trilogy","Minty Spire (QoL Compilation)","Relic Stats","Robot Space Explorer","Shop Mod","StSLib","The Animator","The Bug Knight","The Construct","The Forsaken","The Hierophant","The Runesmith","TheBandit","everything is the same but u backflip on backflip","slay the spire mod where everything is the same but ironclad has a cowboy hat"],"gold_per_floor":[114,114,114,129,129,161,177,252,252,252,269,288,313,313,313,439,439,458,458,477,627,354,398,90,125,125,35,59,124,149,165,165,296,296,314,339,339,402,402,402,417,417,417,417,432,450,40,63,63,63],"floor_reached":51,"language":"ENG","playtime":2315,"items_purged":["Hallownest:curseDreamersLament","Hallownest:curseDreamersLament"],"score":774,"play_id":"4410da9c-a2b3-4123-9b6c-7267642fd5d9","local_time":"20210120002513","is_ascension_mode":false,"campfire_choices":[{"floor":10,"key":"REST"},{"floor":15,"key":"REST"},{"floor":32,"key":"REST"},{"floor":40,"key":"REST"},{"floor":42,"key":"REST"},{"data":"RobotSpaceExplorer:Comet","floor":44,"key":"SMITH"},{"floor":49,"key":"REST"}],"circlet_count":0,"master_deck":["RobotSpaceExplorer:Strike+1","RobotSpaceExplorer:Strike+1","RobotSpaceExplorer:Strike","RobotSpaceExplorer:Defend","RobotSpaceExplorer:Defend","RobotSpaceExplorer:Defend+1","RobotSpaceExplorer:Defend","RobotSpaceExplorer:Scan","RobotSpaceExplorer:MiniLasers","RobotSpaceExplorer:Pulsar","RobotSpaceExplorer:MetalStrike+1","RobotSpaceExplorer:Comet+1","RobotSpaceExplorer:StunGrenade+1","RobotSpaceExplorer:ShovelStrike+1","RobotSpaceExplorer:ShockMissile+1","RobotSpaceExplorer:ChargingLaser+1","RobotSpaceExplorer:PlasmaMissile+1","RobotSpaceExplorer:Ammunition+1","RobotSpaceExplorer:Accelerator+1","RobotSpaceExplorer:StarLightning+1","RobotSpaceExplorer:Ammunition+1","RobotSpaceExplorer:Explosion+1","RobotSpaceExplorer:StarDust+1","RobotSpaceExplorer:PowerCollector+1"],"relics":["RobotSpaceExplorer:RoboCore","NeowsBlessing","RobotSpaceExplorer:BottledGravity","Kunai","Molten Egg 2","Frozen Egg 2","Golden Idol","Cursed Key","Hallownest:WatcherSealRelic","Whetstone","Blood Vial","RobotSpaceExplorer:SlideRule","MealTicket","StoneCalendar","Singing Bowl","Hallownest:StagBellRelic1","construct:WeddingRing","Darkstone Periapt","Pocketwatch","Mummified Hand"],"acts_visited":["Exordium","Hallownest:CityofTears","TheBeyond"],"potions_floor_usage":[28,31,33,33,45,50,50],"damage_taken":[{"damage":0,"enemies":"Small Slimes","floor":1,"turns":1},{"damage":0,"enemies":"2 Louse","floor":4,"turns":1},{"damage":0,"enemies":"HollowMod:MossKnight","floor":6,"turns":1},{"damage":0,"enemies":"Cultist","floor":7,"turns":3},{"damage":0,"enemies":"Blue Slaver","floor":11,"turns":3},{"damage":2,"enemies":"Gremlin Gang","floor":12,"turns":4},{"damage":21,"enemies":"3 Sentries","floor":13,"turns":6},{"damage":2,"enemies":"The Guardian","floor":16,"turns":11},{"damage":0,"enemies":"Hallownest:Flukemon_and_Top","floor":18,"turns":5},{"damage":8,"enemies":"Hallownest:2_Mistakes","floor":20,"turns":5},{"damage":4,"enemies":"Hallownest:Nosk","floor":23,"turns":6},{"damage":8,"enemies":"Hallownest:eliteWatcherKnight","floor":25,"turns":8},{"damage":8,"enemies":"Hallownest:3_Mistakes","floor":28,"turns":7},{"damage":9,"enemies":"Hallownest:Glutton_and_Coward","floor":29,"turns":4},{"damage":2,"enemies":"Hallownest:2_Husk_Sentries","floor":30,"turns":4},{"damage":14,"enemies":"Hallownest:3_Mistakes","floor":31,"turns":5},{"damage":48,"enemies":"Hallownest:BossMantisLord","floor":33,"turns":7},{"damage":36,"enemies":"3 Darklings","floor":35,"turns":7},{"damage":2,"enemies":"3 Shapes","floor":36,"turns":3},{"damage":17,"enemies":"Mind Bloom Boss Battle","floor":38,"turns":7},{"damage":32,"enemies":"Spire Growth","floor":41,"turns":6},{"damage":20,"enemies":"Sphere and 2 Shapes","floor":45,"turns":5},{"damage":3,"enemies":"Maw","floor":46,"turns":6},{"damage":17,"enemies":"Spire Growth","floor":48,"turns":3},{"damage":13,"enemies":"Awakened One","floor":50,"turns":8}],"seed_played":"-260041592716414489","potions_obtained":[{"floor":1,"key":"LiquidBronze"},{"floor":11,"key":"Ancient Potion"},{"floor":13,"key":"Explosive Potion"},{"floor":23,"key":"Strength Potion"},{"floor":29,"key":"Regen Potion"},{"floor":31,"key":"Fire Potion"},{"floor":33,"key":"FearPotion"},{"floor":35,"key":"BlessingOfTheForge"},{"floor":48,"key":"Fire Potion"}],"is_trial":false,"path_per_floor":["M","?","?","M","?","E","M","?","T","R","M","M","E","?","R","B",null,"M","?","M","?","$","E","$","E","T","?","M","M","M","M","R","B",null,"M","M","?","?","?","R","M","R","T","R","M","M","$","M","R","B",null],"character_chosen":"RobotSpaceExplorer","items_purchased":["RobotSpaceExplorer:Ammunition","Whetstone","RobotSpaceExplorer:SlideRule","MealTicket","Mummified Hand","RobotSpaceExplorer:PowerCollector+1"],"campfire_rested":6,"item_purchase_floors":[22,22,24,24,47,47],"current_hp_per_floor":[75,60,53,53,53,53,53,46,46,68,68,66,45,27,49,47,75,75,75,67,67,67,63,63,57,57,57,53,48,50,38,62,30,81,45,47,47,34,34,59,31,57,57,57,39,38,53,40,66,55],"gold":63,"neow_bonus":"THREE_ENEMY_KILL","is_daily":false,"chose_seed":false,"campfire_upgraded":1,"win_rate":0.0,"timestamp":1611102313,"path_taken":["M","?","?","M","?","E","?","?","T","R","?","M","E","?","R","BOSS","M","?","?","?","$","E","$","E","T","?","M","M","M","M","R","BOSS","M","M","?","?","?","R","M","R","T","R","?","M","$","M","R","BOSS"],"items_purchased_type":["Card","Relic","Relic","Relic","Relic","Card"],"build_version":"2020-12-18","purchased_purges":2,"victory":true,"max_hp_per_floor":[75,75,75,75,75,75,75,75,75,75,75,75,75,75,75,75,75,75,75,75,75,75,75,75,75,75,75,77,79,81,81,81,81,81,81,83,83,85,85,85,87,87,87,87,87,87,87,89,89,89],"relic_stats":{"Darkstone Periapt":0,"Singing Bowl":14,"counters":[25,126],"Golden Idol":156,"StoneCalendar":[151],"Whetstone":["RobotSpaceExplorer:Strike","RobotSpaceExplorer:MetalStrike"],"Cursed Key":1,"Blood Vial":26,"Mummified Hand":[8],"MealTicket":15,"Kunai":[65],"obtain_stats":[{"Darkstone Periapt":35,"Hallownest:StagBellRelic1":27,"RobotSpaceExplorer:SlideRule":24,"construct:WeddingRing":34,"NeowsBlessing":0,"Singing Bowl":26,"Golden Idol":14,"RobotSpaceExplorer:RoboCore":0,"StoneCalendar":25,"Whetstone":22,"Frozen Egg 2":13,"Cursed Key":17,"Blood Vial":23,"Hallownest:WatcherSealRelic":19,"RobotSpaceExplorer:BottledGravity":5,"Mummified Hand":47,"Molten Egg 2":9,"MealTicket":24,"Kunai":6,"Pocketwatch":38},{"Darkstone Periapt":18,"Hallownest:StagBellRelic1":12,"RobotSpaceExplorer:SlideRule":11,"construct:WeddingRing":17,"NeowsBlessing":0,"Singing Bowl":12,"Golden Idol":7,"RobotSpaceExplorer:RoboCore":0,"StoneCalendar":12,"Whetstone":10,"Frozen Egg 2":7,"Cursed Key":8,"Blood Vial":11,"Hallownest:WatcherSealRelic":9,"RobotSpaceExplorer:BottledGravity":2,"Mummified Hand":23,"Molten Egg 2":4,"MealTicket":11,"Kunai":3,"Pocketwatch":20},{"Darkstone Periapt":88,"Hallownest:StagBellRelic1":54,"RobotSpaceExplorer:SlideRule":46,"construct:WeddingRing":81,"NeowsBlessing":0,"Singing Bowl":54,"Golden Idol":19,"RobotSpaceExplorer:RoboCore":0,"StoneCalendar":54,"Whetstone":40,"Frozen Egg 2":19,"Cursed Key":30,"Blood Vial":46,"Hallownest:WatcherSealRelic":35,"RobotSpaceExplorer:BottledGravity":2,"Mummified Hand":115,"Molten Egg 2":6,"MealTicket":46,"Kunai":3,"Pocketwatch":98}],"Pocketwatch":[3]},"card_choices":[{"not_picked":["RobotSpaceExplorer:DualCore","RobotSpaceExplorer:Counterblock"],"picked":"RobotSpaceExplorer:Pulsar","floor":1},{"not_picked":["RobotSpaceExplorer:FranticSearch","RobotSpaceExplorer:Counterblock","RobotSpaceExplorer:SwiftStep"],"picked":"SKIP","floor":4},{"not_picked":["RobotSpaceExplorer:IronShell","RobotSpaceExplorer:Smokescreen"],"picked":"RobotSpaceExplorer:MetalStrike","floor":6},{"not_picked":["RobotSpaceExplorer:MiniDrones","RobotSpaceExplorer:FrostMissile"],"picked":"RobotSpaceExplorer:Comet","floor":7},{"not_picked":["RobotSpaceExplorer:IronShell","RobotSpaceExplorer:ImprovisedAttack+1"],"picked":"RobotSpaceExplorer:StunGrenade+1","floor":11},{"not_picked":["RobotSpaceExplorer:ToxicBomb","RobotSpaceExplorer:Counterblock"],"picked":"RobotSpaceExplorer:ShovelStrike+1","floor":12},{"not_picked":["RobotSpaceExplorer:PowerCollector+1","RobotSpaceExplorer:FrostMissile+1"],"picked":"RobotSpaceExplorer:ShockMissile+1","floor":13},{"not_picked":["RobotSpaceExplorer:BlastShield","RobotSpaceExplorer:Exploration"],"picked":"RobotSpaceExplorer:ChargingLaser+1","floor":16},{"not_picked":["RobotSpaceExplorer:ShovelStrike+1","RobotSpaceExplorer:SurgingShield"],"picked":"RobotSpaceExplorer:PlasmaMissile+1","floor":18},{"not_picked":["RobotSpaceExplorer:MiniDrones+1","RobotSpaceExplorer:GlueShot+1","RobotSpaceExplorer:RigExplosive+1"],"picked":"SKIP","floor":20},{"not_picked":["RobotSpaceExplorer:MiniDrones+1","RobotSpaceExplorer:Pulsar+1"],"picked":"RobotSpaceExplorer:Accelerator+1","floor":23},{"not_picked":["RobotSpaceExplorer:BigMissile+1","RobotSpaceExplorer:FranticSearch","RobotSpaceExplorer:ScrapMissile+1"],"picked":"SKIP","floor":25},{"not_picked":["RobotSpaceExplorer:SurgingShield","RobotSpaceExplorer:Counterblock+1","RobotSpaceExplorer:DoubleFind"],"picked":"Singing Bowl","floor":28},{"not_picked":["RobotSpaceExplorer:FrostMissile+1","RobotSpaceExplorer:DualCore+1","RobotSpaceExplorer:Counterblock"],"picked":"Singing Bowl","floor":29},{"not_picked":["RobotSpaceExplorer:ImprovisedAttack+1","RobotSpaceExplorer:ShockKick+1","RobotSpaceExplorer:FrostMissile+1"],"picked":"Singing Bowl","floor":30},{"not_picked":["RobotSpaceExplorer:ShovelStrike+1","RobotSpaceExplorer:ShockKick+1"],"picked":"RobotSpaceExplorer:StarLightning+1","floor":31},{"not_picked":["RobotSpaceExplorer:BlastShield","RobotSpaceExplorer:Blaster+1"],"picked":"RobotSpaceExplorer:Exploration","floor":33},{"not_picked":["RobotSpaceExplorer:Discharger+1","RobotSpaceExplorer:Electroshield"],"picked":"RobotSpaceExplorer:Ammunition+1","floor":35},{"not_picked":["RobotSpaceExplorer:IronShell","RobotSpaceExplorer:ExhaustFan+1","RobotSpaceExplorer:Electroshield+1"],"picked":"Singing Bowl","floor":36},{"not_picked":["RobotSpaceExplorer:MetalStrike+1","RobotSpaceExplorer:SurgingShield+1","RobotSpaceExplorer:Electroshield"],"picked":"Singing Bowl","floor":38},{"not_picked":["RobotSpaceExplorer:Ammunition","RobotSpaceExplorer:ShovelStrike+1","RobotSpaceExplorer:Counterblock+1"],"picked":"Singing Bowl","floor":41},{"not_picked":["RobotSpaceExplorer:Jetpack+1","RobotSpaceExplorer:PowerGlove+1"],"picked":"RobotSpaceExplorer:Explosion+1","floor":45},{"not_picked":["RobotSpaceExplorer:StunGrenade+1","RobotSpaceExplorer:MakeshiftVolley+1"],"picked":"RobotSpaceExplorer:StarDust+1","floor":46},{"not_picked":["RobotSpaceExplorer:PowerGlove+1","RobotSpaceExplorer:Probe+1","RobotSpaceExplorer:RigExplosive"],"picked":"Singing Bowl","floor":48}],"player_experience":211414,"relics_obtained":[{"floor":6,"key":"Kunai"},{"floor":9,"key":"Molten Egg 2"},{"floor":13,"key":"Frozen Egg 2"},{"floor":23,"key":"Blood Vial"},{"floor":25,"key":"StoneCalendar"},{"floor":26,"key":"Singing Bowl"},{"floor":35,"key":"Darkstone Periapt"},{"floor":38,"key":"Pocketwatch"}],"event_choices":[{"damage_healed":75,"gold_gain":0,"player_choice":"Upgrade","damage_taken":15,"max_hp_gain":0,"max_hp_loss":75,"event_name":"betterThird:BetterShining","floor":2,"gold_loss":0,"cards_upgraded":["RobotSpaceExplorer:Strike","RobotSpaceExplorer:Defend"]},{"cards_removed":["RobotSpaceExplorer:Strike"],"damage_healed":0,"gold_gain":0,"player_choice":"Card Removal","damage_taken":7,"max_hp_gain":0,"max_hp_loss":0,"event_name":"Golden Wing","floor":3,"gold_loss":0},{"damage_healed":0,"gold_gain":0,"player_choice":"Gave Potion","damage_taken":0,"relics_obtained":["RobotSpaceExplorer:BottledGravity"],"max_hp_gain":0,"max_hp_loss":0,"event_name":"WeMeetAgain","floor":5,"gold_loss":0},{"damage_healed":0,"gold_gain":75,"player_choice":"Touch","damage_taken":7,"max_hp_gain":0,"max_hp_loss":0,"event_name":"FaceTrader","floor":8,"gold_loss":0},{"damage_healed":0,"gold_gain":0,"player_choice":"Take Damage","damage_taken":18,"relics_obtained":["Golden Idol"],"max_hp_gain":0,"max_hp_loss":0,"event_name":"Golden Idol","floor":14,"gold_loss":0},{"damage_healed":0,"gold_gain":0,"player_choice":"Ignored","damage_taken":0,"max_hp_gain":0,"max_hp_loss":0,"event_name":"Tomb of Lord Red Mask","floor":37,"gold_loss":0},{"damage_healed":0,"gold_gain":0,"player_choice":"Fight","damage_taken":0,"max_hp_gain":0,"max_hp_loss":0,"event_name":"MindBloom","floor":38,"gold_loss":0},{"damage_healed":0,"gold_gain":0,"player_choice":"Upgraded","damage_taken":0,"max_hp_gain":0,"max_hp_loss":0,"event_name":"Upgrade Shrine","floor":39,"gold_loss":0,"cards_upgraded":["RobotSpaceExplorer:Ammunition"]}],"is_beta":true,"boss_relics":[{"not_picked":["RobotSpaceExplorer:SearchSpecs","Black Star"],"picked":"Cursed Key"},{"not_picked":["Philosopher\u0027s Stone","Busted Crown"],"picked":"construct:WeddingRing"}],"items_purged_floors":[22,47],"is_endless":false,"potions_floor_spawned":[1,11,13,23,29,31,33,35,41,48],"ascension_level":0}}