{"host":"xp5rvh2jwe2ejyfm","time":1611105203,"event":{"mods":["BaseMod","Gremlin Mod","Hermit","Minty Spire (QoL Compilation)","Replay The Spire","StSLib","The Blackbeard","The Construct","The Cursed","The Disciple","The Forsaken","The Hierophant","The Necromancer","The Runesmith"],"gold_per_floor":[116,128,141,141,153,181,181,197,197,213,225,238,255,265,265,265,265],"floor_reached":16,"language":"ENG","playtime":805,"items_purged":[],"score":110,"play_id":"c80157b8-7599-4b1c-b571-f8d1d04da738","local_time":"20210119201323","is_ascension_mode":false,"campfire_choices":[{"floor":7,"key":"REST"}],"circlet_count":0,"master_deck":["Gremlin:Strike","Gremlin:Strike","Gremlin:Strike","Gremlin:Strike","Gremlin:Defend","Gremlin:Defend","Gremlin:Defend","Gremlin:Defend","Gremlin:TagTeam","Gremlin:GremlinDance","Gremlin:Whiz","Gremlin:Pretaliation","Gremlin:Wizardry+1","Gremlin:Kablamo","Gremlin:Enthusiasm","Gremlin:Glimmer","Gremlin:ArmsTheft","Gremlin:Tadah","Gremlin:DaggerDance","Gremlin:CatScratch","Gremlin:DaggerDance"],"relics":["Gremlin:GremlinKnob","NeowsBlessing","Replay:Baseball"],"acts_visited":["Exordium"],"potions_floor_usage":[5,6,10,13,14,16],"damage_taken":[{"damage":0,"enemies":"2 Louse","floor":1,"turns":1},{"damage":0,"enemies":"Cultist","floor":2,"turns":1},{"damage":0,"enemies":"Small Slimes","floor":3,"turns":1},{"damage":24,"enemies":"Exordium Wildlife","floor":5,"turns":8},{"damage":14,"enemies":"3 Sentries","floor":6,"turns":5},{"damage":0,"enemies":"Large Slime","floor":8,"turns":5},{"damage":19,"enemies":"Lots of Slimes","floor":10,"turns":3},{"damage":17,"enemies":"Blue Slaver","floor":11,"turns":5},{"damage":18,"enemies":"Exordium Wildlife","floor":12,"turns":6},{"damage":2,"enemies":"2 Fungi Beasts","floor":13,"turns":2},{"damage":20,"enemies":"Large Slime","floor":14,"turns":5},{"damage":41,"enemies":"The Guardian","floor":16,"turns":8}],"seed_played":"5677260254791495038","potions_obtained":[{"floor":2,"key":"ColorlessPotion"},{"floor":3,"key":"LifebloodPotion"},{"floor":8,"key":"Reflective Coating"},{"floor":10,"key":"Venom Potion"},{"floor":11,"key":"SkillPotion"},{"floor":14,"key":"SkillPotion"}],"is_trial":false,"path_per_floor":["M","M","M","?","M","E","R","M","T","M","M","M","M","M","R","B"],"character_chosen":"GREMLIN","items_purchased":[],"campfire_rested":1,"item_purchase_floors":[],"current_hp_per_floor":[20,20,20,20,20,16,20,17,17,10,15,3,11,11,11,0,0],"gold":265,"neow_bonus":"THREE_ENEMY_KILL","is_daily":false,"chose_seed":false,"campfire_upgraded":0,"win_rate":0.0,"timestamp":1611105203,"path_taken":["M","M","M","?","?","E","R","M","T","M","M","M","M","M","R","BOSS"],"items_purchased_type":[],"build_version":"2020-12-22","purchased_purges":0,"victory":false,"max_hp_per_floor":[20,20,20,20,20,20,20,20,20,20,20,20,20,20,19,19,19],"card_choices":[{"not_picked":["Gremlin:Pretaliation","Gremlin:BulkUp"],"picked":"Gremlin:Whiz","floor":1},{"not_picked":["Gremlin:Pinprick","Gremlin:DaggerDance"],"picked":"Gremlin:Pretaliation","floor":2},{"not_picked":["Gremlin:TwistTheKnife","Gremlin:Scatter"],"picked":"Gremlin:Wizardry","floor":3},{"not_picked":["Gremlin:CatScratch","Gremlin:Glimmer"],"picked":"Gremlin:Kablamo","floor":5},{"not_picked":["Gremlin:Irritability","Gremlin:Erupt"],"picked":"Gremlin:Enthusiasm","floor":6},{"not_picked":["Gremlin:Jeer","Gremlin:GlitterGuard"],"picked":"Gremlin:Glimmer","floor":8},{"not_picked":["Gremlin:Pretaliation","Gremlin:GremlinArms"],"picked":"Gremlin:ArmsTheft","floor":10},{"not_picked":["Gremlin:GremlinToss","Gremlin:ShankStone"],"picked":"Gremlin:Tadah","floor":11},{"not_picked":["Gremlin:GremlinArms","Gremlin:Pickpocket"],"picked":"Gremlin:DaggerDance","floor":12},{"not_picked":["Gremlin:PartyStick","Gremlin:GremlinArms"],"picked":"Gremlin:CatScratch","floor":13},{"not_picked":["Gremlin:InfiniteBlocks","Gremlin:Pretaliation"],"picked":"Gremlin:DaggerDance","floor":14}],"player_experience":262071,"relics_obtained":[{"floor":6,"key":"Replay:Baseball"}],"event_choices":[{"damage_healed":0,"gold_gain":0,"player_choice":"Upgraded","damage_taken":0,"max_hp_gain":0,"max_hp_loss":0,"event_name":"Upgrade Shrine","floor":4,"gold_loss":0,"cards_upgraded":["Gremlin:Wizardry"]}],"is_beta":false,"boss_relics":[],"items_purged_floors":[],"is_endless":false,"potions_floor_spawned":[2,3,8,10,11,14],"killed_by":"The Guardian","ascension_level":0}}