{"host":"bq4pt811tk9yrmjl","time":1611158994,"event":{"mods":["AchievementEnabler","BaseMod","Colored Map","Colored Powertips","Defuse TimeMaze Blight","Hermit","Minty Spire (QoL Compilation)","StSLib","SuperFastMode"],"gold_per_floor":[117,117,1,1,18,18,43,55,94,134,157,189,201,239,251,361,373,398,410,382,411,423,423],"floor_reached":22,"language":"ENG","playtime":495,"items_purged":[],"score":238,"play_id":"2f600de5-99a9-4f58-b505-00dd62fb0947","local_time":"20210120140954","is_ascension_mode":true,"campfire_choices":[{"data":"Infinite Blades","floor":6,"key":"SMITH"},{"data":"Bouncing Flask","floor":8,"key":"SMITH"},{"floor":13,"key":"REST"},{"data":"Bouncing Flask","floor":15,"key":"SMITH"}],"circlet_count":0,"master_deck":["Strike_G","Strike_G","Strike_G","Strike_G","Strike_G","Defend_G","Defend_G","Defend_G","Defend_G","Defend_G","Survivor","Neutralize","Dodge and Roll","Infinite Blades+1","Bouncing Flask+1","Bane","Bouncing Flask+1","After Image+1"],"relics":["Ring of the Snake","NeowsBlessing","MawBank","Regal Pillow","Torii","Black Star"],"acts_visited":["Exordium","TheCity"],"potions_floor_usage":[10,14,16,18],"damage_taken":[{"damage":0.0,"enemies":"Small Slimes","floor":1.0,"turns":1.0},{"damage":0,"enemies":"Jaw Worm","floor":5,"turns":1},{"damage":0,"enemies":"Lagavulin","floor":7,"turns":1},{"damage":22,"enemies":"3 Sentries","floor":10,"turns":14},{"damage":3,"enemies":"2 Louse","floor":11,"turns":3},{"damage":14,"enemies":"Exordium Thugs","floor":12,"turns":4},{"damage":19,"enemies":"Lagavulin","floor":14,"turns":4},{"damage":1,"enemies":"Hexaghost","floor":16,"turns":7},{"damage":1,"enemies":"Shell Parasite","floor":18,"turns":4},{"damage":3,"enemies":"3 Byrds","floor":21,"turns":11},{"damage":8,"enemies":"Snake Plant","floor":22,"turns":3}],"seed_played":"7635223270897049425","potions_obtained":[{"floor":1.0,"key":"GhostInAJar"},{"floor":5,"key":"ColorlessPotion"},{"floor":12,"key":"DistilledChaos"},{"floor":16,"key":"DistilledChaos"}],"is_trial":false,"path_per_floor":["M","?","$","?","M","R","E","R","T","E","M","M","R","E","R","B",null,"M","?","?","M","M"],"character_chosen":"THE_SILENT","items_purchased":["Infinite Blades","Bouncing Flask"],"campfire_rested":1,"item_purchase_floors":[3,3],"current_hp_per_floor":[70,70,70,70,70,70,70,70,70,48,45,31,67,48,48,47,70,69,69,69,66,58,58],"gold":423,"neow_bonus":"THREE_ENEMY_KILL","is_daily":false,"chose_seed":false,"campfire_upgraded":3,"win_rate":0.0,"timestamp":1611158994,"path_taken":["M","?","$","?","M","R","E","R","T","E","M","M","R","E","R","BOSS","M","?","?","?","M"],"items_purchased_type":["Card","Card"],"build_version":"2020-12-22","purchased_purges":0,"victory":false,"max_hp_per_floor":[70,70,70,70,70,70,70,70,70,70,70,70,70,70,70,70,70,70,70,70,70,70,70],"card_choices":[{"not_picked":["Expertise","Blur"],"picked":"Dodge and Roll","floor":1.0},{"not_picked":["Dagger Throw","Dodge and Roll","Underhanded Strike"],"picked":"SKIP","floor":5},{"not_picked":["Underhanded Strike","Caltrops","Well Laid Plans"],"picked":"SKIP","floor":7},{"not_picked":["Prepared","Slice","Blur"],"picked":"SKIP","floor":10},{"not_picked":["Crippling Poison","PiercingWail"],"picked":"Bane","floor":11},{"not_picked":["Backflip","Dagger Throw"],"picked":"Bouncing Flask","floor":12},{"not_picked":["Flying Knee","Infinite Blades","Poisoned Stab"],"picked":"SKIP","floor":14},{"not_picked":["Die Die Die","Burst"],"picked":"After Image","floor":16},{"not_picked":["Dagger Spray","Endless Agony","Masterful Stab"],"picked":"SKIP","floor":18},{"not_picked":["Quick Slash","Bane","Eviscerate+1"],"picked":"SKIP","floor":21}],"player_experience":192537,"relics_obtained":[{"floor":7,"key":"MawBank"},{"floor":10,"key":"Regal Pillow"},{"floor":14,"key":"Torii"}],"event_choices":[{"damage_healed":0,"gold_gain":0,"player_choice":"Ignored","damage_taken":0,"max_hp_gain":0,"max_hp_loss":0,"event_name":"Shining Light","floor":2,"gold_loss":0},{"damage_healed":0,"gold_gain":0,"player_choice":"Ignored","damage_taken":0,"max_hp_gain":0,"max_hp_loss":0,"event_name":"Golden Wing","floor":4,"gold_loss":0},{"damage_healed":0,"gold_gain":0,"player_choice":"Ignored","damage_taken":0,"max_hp_gain":0,"max_hp_loss":0,"event_name":"Ghosts","floor":19,"gold_loss":0},{"damage_healed":0,"gold_gain":0,"player_choice":"Upgrade","damage_taken":0,"max_hp_gain":0,"max_hp_loss":0,"event_name":"Designer","floor":20,"gold_loss":40,"cards_upgraded":["After Image"]}],"is_beta":false,"boss_relics":[{"not_picked":["Snecko Eye","Fusion Hammer"],"picked":"Black Star"}],"items_purged_floors":[],"is_endless":false,"potions_floor_spawned":[1,5,12,16],"killed_by":"Snake Plant","ascension_level":1}}