{"host":"j4g6ia6asvpyu2b0","time":1611145105,"event":{"mods":["BaseMod","Colored Map","Minty Spire (QoL Compilation)","Permanent Neow","Quick Restart","Relic Stats","StSLib","Unceasing Turn Reminder"],"gold_per_floor":[129,164,164,92,109,109,159,159,159,194,208,253,264,61,61,184,184,219,219,260,37,53,107,107,165,165,165,179,179,195,238,238,238,238],"floor_reached":33,"language":"ENG","playtime":829,"items_purged":["Strike_B","Strike_B"],"score":518,"play_id":"4ab7f79c-67c4-4dd4-b9f3-bc6a2a718473","local_time":"20210120051825","is_ascension_mode":true,"campfire_choices":[{"data":"Beam Cell","floor":6,"key":"SMITH"},{"floor":8,"key":"REST"},{"data":"HandOfGreed","floor":15,"key":"SMITH"},{"floor":24,"key":"REST"},{"floor":27,"key":"REST"},{"floor":32,"key":"RECALL"}],"circlet_count":0,"master_deck":["AscendersBane","Strike_B","Strike_B","Defend_B","Defend_B","Defend_B","Defend_B","Zap","Dualcast","HandOfGreed+1","Gash","Gash","Beam Cell+1","Hyperbeam","Ball Lightning","Defragment","White Noise","Static Discharge","Self Repair","Flash of Steel","Seek","Sweeping Beam+1","Loop","Cold Snap","Conserve Battery","White Noise","Coolheaded+1","Ball Lightning","Consume","Hello World+1"],"relics":["Cracked Core","Boot","Gremlin Horn","MealTicket","Fusion Hammer","Darkstone Periapt","Mercury Hourglass","Sundial"],"acts_visited":["Exordium","TheCity"],"potions_floor_usage":[12,16,22,25,33],"damage_taken":[{"damage":3,"enemies":"Jaw Worm","floor":1,"turns":5},{"damage":1,"enemies":"Cultist","floor":2,"turns":3},{"damage":0,"enemies":"2 Louse","floor":5,"turns":2},{"damage":41,"enemies":"Lagavulin","floor":7,"turns":6},{"damage":0,"enemies":"Lots of Slimes","floor":10,"turns":2},{"damage":4,"enemies":"3 Louse","floor":11,"turns":2},{"damage":0,"enemies":"Gremlin Nob","floor":12,"turns":2},{"damage":0,"enemies":"Exordium Wildlife","floor":13,"turns":1},{"damage":25,"enemies":"Slime Boss","floor":16,"turns":6},{"damage":20,"enemies":"Shell Parasite","floor":18,"turns":3},{"damage":20,"enemies":"Spheric Guardian","floor":20,"turns":4},{"damage":25,"enemies":"3 Cultists","floor":22,"turns":4},{"damage":25,"enemies":"Gremlin Leader","floor":23,"turns":4},{"damage":32,"enemies":"Slavers","floor":25,"turns":4},{"damage":37,"enemies":"Snake Plant","floor":28,"turns":4},{"damage":12,"enemies":"Chosen and Byrds","floor":30,"turns":4},{"damage":15,"enemies":"Centurion and Healer","floor":31,"turns":5},{"damage":46,"enemies":"Collector","floor":33,"turns":6}],"seed_played":"-3540776496951285508","potions_obtained":[{"floor":7,"key":"LiquidMemories"},{"floor":13,"key":"SteroidPotion"},{"floor":16,"key":"FairyPotion"},{"floor":20,"key":"Regen Potion"},{"floor":22,"key":"SpeedPotion"},{"floor":23,"key":"SteroidPotion"},{"floor":29,"key":"CultistPotion"}],"is_trial":false,"path_per_floor":["M","M","$","?","M","R","E","R","T","M","M","E","M","$","R","B",null,"M","?","M","$","M","E","R","E","T","R","M","?","M","M","R","B"],"character_chosen":"DEFECT","items_purchased":["Self Repair","Flash of Steel","Loop","Cold Snap"],"campfire_rested":3,"item_purchase_floors":[14,14,21,21],"current_hp_per_floor":[47,46,46,46,46,46,5,27,27,27,23,23,23,38,38,20,61,41,41,28,43,37,19,41,16,16,38,8,8,29,21,21,0,0],"gold":238,"neow_bonus":"RANDOM_COLORLESS_2","is_daily":false,"chose_seed":false,"campfire_upgraded":2,"win_rate":0.0,"timestamp":1611145105,"path_taken":["M","M","$","?","M","R","E","R","T","?","M","E","M","$","R","BOSS","M","?","M","$","M","E","R","E","T","R","?","?","M","M","R","BOSS"],"items_purchased_type":["Card","Card","Card","Card"],"build_version":"2020-12-22","purchased_purges":2,"victory":false,"max_hp_per_floor":[75,75,75,75,75,75,75,75,75,75,75,75,75,75,75,75,75,75,75,75,75,75,75,75,75,75,75,75,75,75,75,75,75,75],"relic_stats":{"Darkstone Periapt":0,"Gremlin Horn":[19,19],"counters":[18,66],"Sundial":[0],"MealTicket":30,"Boot":[85],"obtain_stats":[{"Darkstone Periapt":23,"Gremlin Horn":7,"Sundial":26,"MealTicket":12,"Fusion Hammer":17,"Cracked Core":0,"Boot":4,"Mercury Hourglass":25},{"Darkstone Periapt":13,"Gremlin Horn":4,"Sundial":14,"MealTicket":7,"Fusion Hammer":9,"Cracked Core":0,"Boot":2,"Mercury Hourglass":14},{"Darkstone Periapt":44,"Gremlin Horn":16,"Sundial":48,"MealTicket":22,"Fusion Hammer":29,"Cracked Core":0,"Boot":8,"Mercury Hourglass":48}],"Mercury Hourglass":[73]},"card_choices":[{"not_picked":["Secret Technique","Metamorphosis"],"picked":"HandOfGreed","floor":0},{"not_picked":["Barrage","Lockon"],"picked":"Gash","floor":1},{"not_picked":["Steam Power","Stack"],"picked":"Gash","floor":2},{"not_picked":["Streamline","Turbo"],"picked":"Beam Cell","floor":5},{"not_picked":["Darkness","Beam Cell"],"picked":"Hyperbeam","floor":7},{"not_picked":["Steam Power","Chill"],"picked":"Ball Lightning","floor":10},{"not_picked":["Steam","Hologram"],"picked":"Defragment","floor":11},{"not_picked":["Redo","Barrage"],"picked":"White Noise","floor":12},{"not_picked":["Reprogram","Aggregate"],"picked":"Static Discharge","floor":13},{"not_picked":["Reboot","Multi-Cast"],"picked":"Seek","floor":16},{"not_picked":["Steam Power","Reprogram","Turbo"],"picked":"SKIP","floor":18},{"not_picked":["Beam Cell","FTL"],"picked":"Sweeping Beam+1","floor":20},{"not_picked":["Sweeping Beam","Redo"],"picked":"Conserve Battery","floor":22},{"not_picked":["Heatsinks","Conserve Battery"],"picked":"White Noise","floor":23},{"not_picked":["Undo","Sunder"],"picked":"Coolheaded+1","floor":25},{"not_picked":["Genetic Algorithm+1","Conserve Battery"],"picked":"Ball Lightning","floor":28},{"not_picked":["Leap","Fusion+1"],"picked":"Consume","floor":30},{"not_picked":["Leap","Turbo"],"picked":"Hello World+1","floor":31}],"player_experience":877820,"relics_obtained":[{"floor":7,"key":"Gremlin Horn"},{"floor":12,"key":"MealTicket"},{"floor":23,"key":"Darkstone Periapt"},{"floor":25,"key":"Mercury Hourglass"},{"floor":26,"key":"Sundial"}],"event_choices":[{"damage_healed":0,"gold_gain":0,"player_choice":"Paid Gold","damage_taken":0,"relics_obtained":["Boot"],"max_hp_gain":0,"max_hp_loss":0,"event_name":"WeMeetAgain","floor":4,"gold_loss":72},{"damage_healed":0,"gold_gain":0,"player_choice":"Ignored","damage_taken":0,"max_hp_gain":0,"max_hp_loss":0,"event_name":"N\u0027loth","floor":19,"gold_loss":0},{"damage_healed":0,"gold_gain":0,"player_choice":"Got Potions","damage_taken":0,"max_hp_gain":0,"max_hp_loss":0,"event_name":"Lab","floor":29,"gold_loss":0}],"is_beta":false,"boss_relics":[{"not_picked":["FrozenCore","Astrolabe"],"picked":"Fusion Hammer"}],"items_purged_floors":[14,21],"is_endless":false,"potions_floor_spawned":[7,13,16,20,22,23],"killed_by":"Collector","ascension_level":12}}