{"host":"sc0o2qwpf9j16a4i","time":1611162227,"event":{"mods":["AchievementEnabler","BaseMod","BetterRewards","Block Reminder","Colored Map","Colored Powertips","Custom Start","Highlight Path","Minty Spire (QoL Compilation)","Relic Stats"],"gold_per_floor":[112,131,143,143,143,143,169,169,192,212,242,255,265,296,296,369,369,384,398,313,328,56,56,88,103,153,153,153,41,41,69,69,69,69],"floor_reached":33,"language":"ENG","playtime":878,"items_purged":[],"score":610,"play_id":"7daaedb7-3abf-4904-9ba7-7b816ddbb72f","local_time":"20210120190347","is_ascension_mode":true,"campfire_choices":[{"data":"Bash","floor":6.0,"key":"SMITH"},{"floor":8.0,"key":"REST"},{"floor":15.0,"key":"REST"},{"floor":23,"key":"REST"},{"floor":32,"key":"REST"}],"circlet_count":0,"master_deck":["AscendersBane","Strike_R+1","Strike_R+1","Strike_R+1","Strike_R+1","Strike_R+1","Defend_R+1","Defend_R+1","Defend_R+1","Defend_R+1","Bash+1","Spot Weakness","Perfected Strike","Armaments","Dual Wield","Demon Form","Battle Trance","Burning Pact","Uppercut"],"relics":["Busted Crown","Bag of Marbles","Red Skull","Lizard Tail","Pen Nib","Black Star","Orichalcum","Bag of Preparation","Gremlin Horn","Juzu Bracelet","MealTicket","Potion Belt","Omamori"],"acts_visited":["Exordium","TheCity"],"potions_floor_usage":[25,31],"damage_taken":[{"damage":3.0,"enemies":"Small Slimes","floor":1.0,"turns":3.0},{"damage":2.0,"enemies":"Jaw Worm","floor":2.0,"turns":3.0},{"damage":0.0,"enemies":"2 Louse","floor":3.0,"turns":3.0},{"damage":31.0,"enemies":"Gremlin Nob","floor":7.0,"turns":4.0},{"damage":16.0,"enemies":"2 Fungi Beasts","floor":10.0,"turns":3.0},{"damage":8.0,"enemies":"Lagavulin","floor":11.0,"turns":4.0},{"damage":8.0,"enemies":"Blue Slaver","floor":12.0,"turns":2.0},{"damage":5.0,"enemies":"Gremlin Gang","floor":13.0,"turns":4.0},{"damage":6.0,"enemies":"Gremlin Nob","floor":14.0,"turns":3.0},{"damage":32.0,"enemies":"Slime Boss","floor":16.0,"turns":10.0},{"damage":32.0,"enemies":"Spheric Guardian","floor":18.0,"turns":6.0},{"damage":7.0,"enemies":"Chosen","floor":19.0,"turns":3.0},{"damage":18,"enemies":"Snake Plant","floor":21,"turns":3},{"damage":32,"enemies":"Gremlin Leader","floor":24,"turns":6},{"damage":24,"enemies":"3 Cultists","floor":25,"turns":5},{"damage":6,"enemies":"Slavers","floor":31,"turns":4},{"damage":60,"enemies":"Collector","floor":33,"turns":5}],"seed_played":"2913004335492856257","potions_obtained":[{"floor":7.0,"key":"SkillPotion"},{"floor":11.0,"key":"Block Potion"},{"floor":12.0,"key":"Energy Potion"},{"floor":14.0,"key":"Energy Potion"},{"floor":18.0,"key":"DistilledChaos"},{"floor":24,"key":"Fire Potion"}],"is_trial":false,"path_per_floor":["M","M","M","?","?","R","E","R","T","M","E","M","M","E","R","B",null,"M","M","?","M","$","R","E","M","T","?","?","$","?","E","R","B"],"character_chosen":"IRONCLAD","items_purchased":["FairyPotion","Bag of Preparation","HeartOfIron"],"campfire_rested":4,"item_purchase_floors":[22,22,29],"current_hp_per_floor":[65,63,63,63,63,63,32,54,54,38,30,22,17,11,33,1,57,25,18,18,37,37,59,27,3,3,3,3,18,18,12,34,7,7],"gold":69,"neow_bonus":"BOSS_RELIC","is_daily":false,"chose_seed":false,"campfire_upgraded":1,"win_rate":0.0,"timestamp":1611162227,"path_taken":["M","M","M","?","?","R","E","R","T","M","E","M","M","E","R","BOSS","M","M","?","M","$","R","E","M","T","?","?","?","?","E","R","BOSS"],"items_purchased_type":["Potion","Relic","Potion"],"build_version":"2020-12-22","purchased_purges":0,"victory":false,"max_hp_per_floor":[75,75,75,75,75,75,75,75,75,75,75,75,75,75,75,75,75,75,75,75,75,75,75,75,75,75,75,75,75,75,75,75,75,75],"relic_stats":{"Lizard Tail":37,"Busted Crown":32,"Gremlin Horn":[4,5],"counters":[17,71],"MealTicket":15,"Pen Nib":[6],"Black Star":2,"Bag of Preparation":[8],"Juzu Bracelet":1,"Orichalcum":[60],"obtain_stats":[{"Potion Belt":31,"Gremlin Horn":24,"Pen Nib":14,"Bag of Preparation":22,"Juzu Bracelet":24,"Omamori":31,"Orichalcum":20,"Burning Blood":0,"Lizard Tail":11,"Busted Crown":0,"MealTicket":26,"Bag of Marbles":7,"Black Star":17,"Red Skull":9},{"Potion Belt":16,"Gremlin Horn":14,"Pen Nib":9,"Bag of Preparation":13,"Juzu Bracelet":14,"Omamori":16,"Orichalcum":12,"Burning Blood":0,"Lizard Tail":6,"Busted Crown":0,"MealTicket":15,"Bag of Marbles":4,"Black Star":10,"Red Skull":4},{"Potion Belt":66,"Gremlin Horn":57,"Pen Nib":29,"Bag of Preparation":51,"Juzu Bracelet":57,"Omamori":66,"Orichalcum":48,"Burning Blood":0,"Lizard Tail":20,"Busted Crown":0,"MealTicket":62,"Bag of Marbles":13,"Black Star":39,"Red Skull":13}]},"card_choices":[{"not_picked":["Flex"],"picked":"SKIP","floor":1.0},{"not_picked":[],"picked":"Spot Weakness","floor":2.0},{"not_picked":[],"picked":"Perfected Strike","floor":3.0},{"not_picked":["True Grit"],"picked":"SKIP","floor":7.0},{"not_picked":[],"picked":"Armaments","floor":10.0},{"not_picked":["Double Tap"],"picked":"SKIP","floor":11.0},{"not_picked":["Warcry"],"picked":"SKIP","floor":12.0},{"not_picked":[],"picked":"Dual Wield","floor":13.0},{"not_picked":["Havoc"],"picked":"SKIP","floor":14.0},{"not_picked":[],"picked":"Demon Form","floor":16.0},{"not_picked":["Clash"],"picked":"SKIP","floor":18.0},{"not_picked":[],"picked":"Battle Trance","floor":19.0},{"not_picked":["Heavy Blade"],"picked":"SKIP","floor":21},{"not_picked":[],"picked":"Burning Pact","floor":24},{"not_picked":[],"picked":"Uppercut","floor":25},{"not_picked":["Sever Soul"],"picked":"SKIP","floor":31}],"player_experience":797913,"relics_obtained":[{"floor":7.0,"key":"Bag of Marbles"},{"floor":9.0,"key":"Red Skull"},{"floor":11.0,"key":"Lizard Tail"},{"floor":14.0,"key":"Pen Nib"},{"floor":24,"key":"Gremlin Horn"},{"floor":24,"key":"Juzu Bracelet"},{"floor":26,"key":"MealTicket"},{"floor":31,"key":"Potion Belt"},{"floor":31,"key":"Omamori"}],"event_choices":[{"damage_healed":0.0,"max_hp_gain":0.0,"max_hp_loss":0.0,"gold_gain":0.0,"event_name":"The Cleric","player_choice":"Leave","floor":4.0,"gold_loss":0.0,"damage_taken":0.0},{"damage_healed":0.0,"max_hp_gain":0.0,"max_hp_loss":0.0,"gold_gain":0.0,"event_name":"Golden Wing","player_choice":"Ignored","floor":5.0,"gold_loss":0.0,"damage_taken":0.0},{"damage_healed":0.0,"max_hp_gain":0.0,"max_hp_loss":0.0,"gold_gain":0.0,"event_name":"Addict","player_choice":"Obtained Relic","floor":20.0,"gold_loss":85.0,"damage_taken":0.0,"relics_obtained":["Orichalcum"]},{"damage_healed":0,"gold_gain":0,"player_choice":"Ignored","damage_taken":0,"max_hp_gain":0,"max_hp_loss":0,"event_name":"The Mausoleum","floor":27,"gold_loss":0},{"damage_healed":0,"gold_gain":0,"player_choice":"Simplicity","damage_taken":0,"max_hp_gain":0,"max_hp_loss":0,"event_name":"Back to Basics","floor":28,"gold_loss":0,"cards_upgraded":["Strike_R","Strike_R","Strike_R","Strike_R","Strike_R","Defend_R","Defend_R","Defend_R","Defend_R"]},{"damage_healed":0,"gold_gain":0,"player_choice":"Ignored","damage_taken":0,"max_hp_gain":0,"max_hp_loss":0,"event_name":"N\u0027loth","floor":30,"gold_loss":0}],"is_beta":false,"boss_relics":[{"not_picked":["Ectoplasm","Runic Cube"],"picked":"Black Star"}],"items_purged_floors":[],"is_endless":false,"potions_floor_spawned":[7,11,12,14,18,24],"killed_by":"Collector","ascension_level":20}}