{"host":"tyeg9214rgutn7tb","time":1611141105,"event":{"mods":["BaseMod","Colored Map","Custom Start","Downfall","Minty Spire (QoL Compilation)","StSLib"],"gold_per_floor":[99,99,274,274,274,305,305,305,305,320,346,0,29,47,57,57,57,57],"floor_reached":16,"language":"ENG","playtime":602,"items_purged":["Doubt"],"score":176,"play_id":"918d5eb8-f3f8-4e30-8f79-30f2fe248bc1","local_time":"20210120121145","is_ascension_mode":true,"campfire_choices":[{"data":"bronze:Goto","floor":1,"key":"SMITH"}],"circlet_count":0,"master_deck":["bronze:Strike","bronze:Strike","bronze:Strike","bronze:Strike","bronze:Defend","bronze:Defend","bronze:Defend","bronze:Defend","bronze:Replicate","bronze:Goto+1","bronze:Invalidate","bronze:ItsAFeature","bronze:DarkDash","bronze:Branch","bronze:Frontload","bronze:ForceShield","bronze:ChosenStrike","bronze:ForceShield","bronze:Hardcode","bronze:Iterate","bronze:Repair"],"relics":["bronze:BronzeCore","downfall:HeartsMalice","InkBottle","downfall:BrokenWingStatue","Eternal Feather","CaptainsWheel","PreservedInsect","Anchor","Unceasing Top"],"acts_visited":["Exordium"],"potions_floor_usage":[11],"damage_taken":[{"damage":0,"enemies":"Jaw Worm","floor":2,"turns":1},{"damage":0,"enemies":"Lagavulin","floor":6,"turns":1},{"damage":0,"enemies":"Small Slimes","floor":9,"turns":1},{"damage":2,"enemies":"2 Louse","floor":10,"turns":2},{"damage":12,"enemies":"Gremlin Nob","floor":11,"turns":5},{"damage":0,"enemies":"downfall:FleeingMerchant","floor":12,"turns":4},{"damage":7,"enemies":"Lagavulin","floor":13,"turns":5},{"damage":3,"enemies":"Exordium Thugs","floor":14,"turns":6},{"damage":0,"enemies":"3 Louse","floor":15,"turns":4},{"damage":104,"enemies":"DF_ARCHETYPE_STREAMLINE","floor":16,"turns":14}],"seed_played":"2699040007764330766","potions_obtained":[{"floor":10,"key":"Weak Potion"},{"floor":15,"key":"champ:CounterPotion"}],"is_trial":false,"path_per_floor":["R","M","?","?","?","E","T","T","M","M","E","$","E","M","M","B"],"character_chosen":"THE_AUTOMATON","items_purchased":["bronze:ChosenStrike","bronze:ForceShield","bronze:Hardcode"],"campfire_rested":0,"item_purchase_floors":[12,12,12],"current_hp_per_floor":[70,70,70,63,63,63,63,63,63,61,49,49,42,39,46,0,0,0],"gold":57,"neow_bonus":"THREE_ENEMY_KILL","is_daily":false,"chose_seed":false,"campfire_upgraded":1,"win_rate":0.0,"timestamp":1611141105,"path_taken":["R","M","?","?","?","E","T","?","M","M","E","$","E","?","M","BOSS"],"items_purchased_type":["Card","Card","Card"],"build_version":"2020-12-22","purchased_purges":1,"victory":false,"max_hp_per_floor":[70,70,70,70,70,70,70,70,70,70,70,70,70,70,70,70,70,70],"card_choices":[{"not_picked":["bronze:Allocate","bronze:Turbo"],"picked":"bronze:Invalidate","floor":2},{"not_picked":["bronze:HyperBeam","bronze:Shield"],"picked":"bronze:ItsAFeature","floor":6},{"not_picked":["bronze:BuggyMess","bronze:Backtrace"],"picked":"bronze:DarkDash","floor":9},{"not_picked":["bronze:OilSpill","bronze:CutThrough"],"picked":"bronze:Branch","floor":10},{"not_picked":["bronze:Overheat","bronze:Boost"],"picked":"bronze:Frontload","floor":11},{"not_picked":["bronze:ForLoop","bronze:Backtrace"],"picked":"bronze:ForceShield","floor":12},{"not_picked":["bronze:WildBeam","bronze:BronzeOrb"],"picked":"bronze:Iterate","floor":13},{"not_picked":["bronze:ChosenStrike","bronze:Shield"],"picked":"bronze:Repair","floor":14},{"not_picked":["bronze:Overheat","bronze:Invalidate","bronze:OilSpill"],"picked":"SKIP","floor":15}],"player_experience":703042,"relics_obtained":[{"floor":6,"key":"Eternal Feather"},{"floor":7,"key":"CaptainsWheel"},{"floor":8,"key":"PreservedInsect"},{"floor":11,"key":"Anchor"},{"floor":13,"key":"Unceasing Top"}],"event_choices":[{"damage_healed":0,"gold_gain":0,"player_choice":"Success","damage_taken":7,"relics_obtained":["InkBottle"],"max_hp_gain":0,"max_hp_loss":0,"event_name":"Scrap Ooze","floor":4,"gold_loss":0}],"is_beta":false,"boss_relics":[],"items_purged_floors":[12],"is_endless":false,"potions_floor_spawned":[10,15],"killed_by":"DF_ARCHETYPE_STREAMLINE","ascension_level":5}}