{"host":"s41rn2jhghpwfrvz","time":1611120164,"event":{"mods":["BaseMod","Minty Spire (QoL Compilation)","Quick Restart","Relic Stats","SuperFastMode"],"gold_per_floor":[17,17,36,36,36,36,50,50,73,98,112,131,5,46,46,139,139,155,168,168,10,10,10,45,45,121,2,2,2,2],"floor_reached":29,"language":"ENG","playtime":711,"items_purged":["Consecrate"],"score":482,"play_id":"d934b230-617c-4d6e-9af0-624fd4962d16","local_time":"20210120072244","is_ascension_mode":true,"campfire_choices":[{"data":"Eruption","floor":6,"key":"SMITH"},{"data":"MentalFortress","floor":15,"key":"SMITH"},{"data":"Meditate","floor":23,"key":"SMITH"},{"data":"Vault","floor":25,"key":"SMITH"}],"circlet_count":0,"master_deck":["AscendersBane","Eruption+1","Vigilance+1","Tantrum","MentalFortress+1","Meditate+1","Vault+1","Indignation","Establishment","FlurryOfBlows","LikeWater","SpiritShield"],"relics":["PureWater","TungstenRod","Bloody Idol","Pen Nib","Dream Catcher","Pandora\u0027s Box","Membership Card","Bird Faced Urn","Singing Bowl","Medical Kit"],"acts_visited":["Exordium","TheCity"],"potions_floor_usage":[10,16,16,16,29,29],"damage_taken":[{"damage":6,"enemies":"Jaw Worm","floor":1,"turns":4},{"damage":6,"enemies":"2 Louse","floor":3,"turns":3},{"damage":0,"enemies":"Small Slimes","floor":7,"turns":2},{"damage":0,"enemies":"2 Fungi Beasts","floor":10,"turns":2},{"damage":0,"enemies":"Red Slaver","floor":11,"turns":4},{"damage":0,"enemies":"Lots of Slimes","floor":12,"turns":3},{"damage":6,"enemies":"Lagavulin","floor":14,"turns":6},{"damage":12,"enemies":"Slime Boss","floor":16,"turns":6},{"damage":8,"enemies":"Shell Parasite","floor":18,"turns":5},{"damage":12,"enemies":"Chosen","floor":19,"turns":5},{"damage":22,"enemies":"Gremlin Leader","floor":24,"turns":7},{"damage":35,"enemies":"Slavers","floor":29,"turns":5}],"seed_played":"2742991309295370465","potions_obtained":[{"floor":3,"key":"EntropicBrew"},{"floor":8,"key":"Regen Potion"},{"floor":14,"key":"Swift Potion"},{"floor":16,"key":"Ambrosia"},{"floor":24,"key":"Swift Potion"}],"is_trial":false,"path_per_floor":["M","?","M","?","?","R","M","?","T","M","M","M","$","E","R","B",null,"M","M","?","$","?","R","E","R","T","$","?","E"],"character_chosen":"WATCHER","items_purchased":["MentalFortress","Meditate","Membership Card","Medical Kit"],"campfire_rested":0,"item_purchase_floors":[13,13,21,27],"current_hp_per_floor":[55,55,49,49,31,31,31,31,31,36,36,36,36,30,30,18,51,43,31,31,31,31,31,9,9,9,9,9,0,0],"gold":2,"neow_bonus":"ONE_RARE_RELIC","is_daily":false,"chose_seed":false,"campfire_upgraded":4,"win_rate":0.0,"timestamp":1611120164,"path_taken":["M","?","M","?","?","R","M","?","T","M","M","?","?","E","R","BOSS","M","M","?","$","?","R","E","R","T","$","?","E"],"items_purchased_type":["Card","Card","Relic","Relic"],"build_version":"2020-12-22","purchased_purges":1,"victory":false,"max_hp_per_floor":[68,68,68,62,62,62,62,62,62,62,62,62,62,62,62,62,62,62,62,62,62,62,62,62,62,62,62,62,62,62],"relic_stats":{"Dream Catcher":0,"Singing Bowl":0,"counters":[12,52],"Bloody Idol":0,"Bird Faced Urn":[6],"Pandora\u0027s Box":["Indignation","Establishment","FlurryOfBlows","LikeWater","Consecrate","Brilliance","SpiritShield"],"Pen Nib":[8],"Medical Kit":[5],"obtain_stats":[{"Dream Catcher":14,"Singing Bowl":26,"Golden Idol":4,"Bird Faced Urn":24,"Bloody Idol":28,"Pandora\u0027s Box":17,"Pen Nib":9,"Membership Card":21,"PureWater":0,"Medical Kit":27,"TungstenRod":0},{"Dream Catcher":7,"Singing Bowl":11,"Golden Idol":2,"Bird Faced Urn":11,"Bloody Idol":11,"Pandora\u0027s Box":8,"Pen Nib":3,"Membership Card":10,"PureWater":0,"Medical Kit":11,"TungstenRod":0},{"Dream Catcher":24,"Singing Bowl":47,"Golden Idol":7,"Bird Faced Urn":47,"Bloody Idol":47,"Pandora\u0027s Box":30,"Pen Nib":9,"Membership Card":40,"PureWater":0,"Medical Kit":47,"TungstenRod":0}],"TungstenRod":12},"card_choices":[{"not_picked":["PathToVictory","Protect","Study"],"picked":"SKIP","floor":1},{"not_picked":["Collect","SashWhip","CrushJoints"],"picked":"SKIP","floor":3},{"not_picked":["ThirdEye","Crescendo"],"picked":"Tantrum","floor":7},{"not_picked":["SignatureMove","Crescendo","Halt"],"picked":"SKIP","floor":10},{"not_picked":["ThirdEye","CutThroughFate","Evaluate"],"picked":"SKIP","floor":11},{"not_picked":["CutThroughFate","FlurryOfBlows","Collect"],"picked":"SKIP","floor":12},{"not_picked":["EmptyBody","Brilliance","Tantrum"],"picked":"SKIP","floor":14},{"not_picked":["SpiritShield","Establishment"],"picked":"Vault","floor":16},{"not_picked":["Consecrate","Halt+1","EmptyFist"],"picked":"SKIP","floor":18},{"not_picked":["ClearTheMind","EmptyBody","DeceiveReality"],"picked":"SKIP","floor":19},{"not_picked":["Worship","Consecrate","ClearTheMind"],"picked":"SKIP","floor":24}],"player_experience":1812227,"relics_obtained":[{"floor":9,"key":"Pen Nib"},{"floor":14,"key":"Dream Catcher"},{"floor":24,"key":"Bird Faced Urn"},{"floor":26,"key":"Singing Bowl"}],"event_choices":[{"cards_removed":["Defend_P"],"damage_healed":0,"gold_gain":0,"player_choice":"Forget","damage_taken":0,"max_hp_gain":0,"max_hp_loss":0,"event_name":"Living Wall","floor":2,"gold_loss":0},{"damage_healed":0,"gold_gain":0,"player_choice":"Lose Max HP","damage_taken":0,"relics_obtained":["Golden Idol"],"max_hp_gain":0,"max_hp_loss":6,"event_name":"Golden Idol","floor":4,"gold_loss":0},{"damage_healed":0,"gold_gain":0,"player_choice":"Entered Light","damage_taken":19,"max_hp_gain":0,"max_hp_loss":0,"event_name":"Shining Light","floor":5,"gold_loss":0,"cards_upgraded":["Vigilance","Strike_P"]},{"damage_healed":0,"gold_gain":0,"player_choice":"Got Potions","damage_taken":0,"max_hp_gain":0,"max_hp_loss":0,"event_name":"Lab","floor":8,"gold_loss":0},{"cards_removed":["Brilliance"],"damage_healed":0,"gold_gain":0,"player_choice":"Elegance","damage_taken":0,"max_hp_gain":0,"max_hp_loss":0,"event_name":"Back to Basics","floor":20,"gold_loss":0},{"damage_healed":0,"gold_gain":0,"player_choice":"Ignored","damage_taken":0,"max_hp_gain":0,"max_hp_loss":0,"event_name":"The Mausoleum","floor":22,"gold_loss":0},{"damage_healed":0,"gold_gain":0,"player_choice":"Gave Idol","damage_taken":0,"relics_obtained":["Bloody Idol"],"max_hp_gain":0,"max_hp_loss":0,"event_name":"Forgotten Altar","floor":28,"relics_lost":["Golden Idol"],"gold_loss":0}],"is_beta":false,"boss_relics":[{"not_picked":["Empty Cage","Black Star"],"picked":"Pandora\u0027s Box"}],"items_purged_floors":[27],"is_endless":false,"potions_floor_spawned":[3,14,16,24],"killed_by":"Slavers","ascension_level":20}}