{"host":"cjhtzh7tp54jdfyv","time":1611131784,"event":{"mods":["AchievementEnabler","BaseMod","Colored Map","Colored Powertips","Curses Come First","DeckTracker","Filter the Spire","Minty Spire (QoL Compilation)","RNG Fix","Relic Sorter","Relic Stats","StSLib","UnlockEverythingMod","ojb\u0027s Better Paths Mod","ojb\u0027s Info Mod"],"gold_per_floor":[115,115,133,144,69,100,119,148,448,448,498,528,58,75,75,151,151,164,214,139,157,168,168,43,62,62,82,99,99,99,110,110,181,181,197,213,213,225,242,242,259,259,259,86,101,121,172,199,199,199,199,199],"floor_reached":51,"language":"ENG","playtime":3901,"items_purged":["Defend_P","Defend_P","Strike_P"],"score":1681,"play_id":"d10a5300-9438-4e15-ae8d-cce0d6f3dc4e","local_time":"20210120033624","is_ascension_mode":true,"campfire_choices":[{"data":"Eruption","floor":10.0,"key":"SMITH"},{"floor":15.0,"key":"REST"},{"data":"Defend_P","floor":23.0,"key":"PURGE"},{"data":"Strike_P","floor":29.0,"key":"PURGE"},{"data":"Strike_P","floor":32.0,"key":"PURGE"},{"data":"Strike_P","floor":40.0,"key":"PURGE"},{"data":"BowlingBash","floor":42.0,"key":"PURGE"},{"floor":49,"key":"RECALL"}],"circlet_count":0,"master_deck":["AscendersBane","Eruption+1","Vigilance","Consecrate","BattleHymn","InnerPeace","Tantrum","Adaptation+1"],"relics":["Philosopher\u0027s Stone","Blood Vial","Art of War","Old Coin","Orichalcum","Peace Pipe","Coffee Dripper","Busted Crown","Du-Vu Doll","Medical Kit","Prayer Wheel","Dream Catcher"],"acts_visited":["Exordium","TheCity","TheBeyond"],"potions_floor_usage":[],"damage_taken":[{"damage":3.0,"enemies":"2 Louse","floor":1.0,"turns":3.0},{"damage":6.0,"enemies":"Small Slimes","floor":3.0,"turns":4.0},{"damage":0.0,"enemies":"Cultist","floor":4.0,"turns":2.0},{"damage":15.0,"enemies":"3 Sentries","floor":6.0,"turns":3.0},{"damage":14.0,"enemies":"Blue Slaver","floor":7.0,"turns":3.0},{"damage":3.0,"enemies":"Lagavulin","floor":8.0,"turns":5.0},{"damage":0.0,"enemies":"3 Sentries","floor":12.0,"turns":2.0},{"damage":20.0,"enemies":"Lots of Slimes","floor":14.0,"turns":3.0},{"damage":15.0,"enemies":"The Guardian","floor":16.0,"turns":8.0},{"damage":6.0,"enemies":"3 Byrds","floor":18.0,"turns":3.0},{"damage":14.0,"enemies":"Shell Parasite","floor":21.0,"turns":2.0},{"damage":5.0,"enemies":"Cultist and Chosen","floor":22.0,"turns":3.0},{"damage":11.0,"enemies":"Snecko","floor":25.0,"turns":3.0},{"damage":0.0,"enemies":"3 Cultists","floor":27.0,"turns":3.0},{"damage":19.0,"enemies":"Snake Plant","floor":28.0,"turns":2.0},{"damage":0.0,"enemies":"Shelled Parasite and Fungi","floor":31.0,"turns":1.0},{"damage":0.0,"enemies":"Automaton","floor":33.0,"turns":2.0},{"damage":35.0,"enemies":"3 Shapes","floor":35.0,"turns":7.0},{"damage":0.0,"enemies":"3 Darklings","floor":36.0,"turns":2.0},{"damage":5.0,"enemies":"Writhing Mass","floor":38.0,"turns":5.0},{"damage":2.0,"enemies":"Sphere and 2 Shapes","floor":39.0,"turns":3.0},{"damage":2.0,"enemies":"Transient","floor":41.0,"turns":6.0},{"damage":0.0,"enemies":"Writhing Mass","floor":45.0,"turns":4.0},{"damage":0.0,"enemies":"Jaw Worm Horde","floor":46.0,"turns":1.0},{"damage":0.0,"enemies":"2 Orb Walkers","floor":47.0,"turns":2.0},{"damage":0,"enemies":"Giant Head","floor":48,"turns":1},{"damage":0,"enemies":"Awakened One","floor":50,"turns":2},{"damage":41,"enemies":"Time Eater","floor":51,"turns":4}],"seed_played":"6146621417413285948","potions_obtained":[{"floor":1.0,"key":"Fire Potion"},{"floor":6.0,"key":"SneckoOil"},{"floor":8.0,"key":"PowerPotion"},{"floor":12.0,"key":"DuplicationPotion"},{"floor":16.0,"key":"BlessingOfTheForge"},{"floor":18.0,"key":"DuplicationPotion"},{"floor":21.0,"key":"Swift Potion"},{"floor":31.0,"key":"DistilledChaos"},{"floor":33.0,"key":"BottledMiracle"},{"floor":35.0,"key":"LiquidMemories"},{"floor":46.0,"key":"SteroidPotion"},{"floor":48,"key":"DistilledChaos"}],"is_trial":false,"path_per_floor":["M","?","M","M","$","E","M","E","T","R","?","E","$","M","R","B",null,"M","?","?","M","M","R","$","M","T","M","M","R","?","M","R","B",null,"M","M","?","M","M","R","M","R","T","$","M","M","?","E","R","B","B"],"character_chosen":"WATCHER","items_purchased":["Adaptation","Peace Pipe","Medical Kit"],"campfire_rested":1,"item_purchase_floors":[13,13,44],"current_hp_per_floor":[58,58,52,52,52,37,25,24,24,24,24,26,26,8,28,15,55,51,51,51,39,36,36,36,27,27,29,12,12,12,14,14,16,55,22,24,24,21,21,21,21,21,21,21,23,25,27,29,29,31,0,0],"gold":199,"neow_bonus":"BOSS_RELIC","is_daily":false,"chose_seed":false,"campfire_upgraded":1,"win_rate":0.0,"timestamp":1611131784,"path_taken":["M","?","?","M","?","E","M","E","T","R","?","E","$","M","R","BOSS","M","?","?","M","M","R","$","M","T","?","?","R","?","M","R","BOSS","M","M","?","M","M","R","M","R","T","$","M","M","?","E","R","BOSS","BOSS"],"items_purchased_type":["Card","Relic","Relic"],"build_version":"2020-12-22","purchased_purges":3,"victory":false,"max_hp_per_floor":[68,68,68,68,68,68,68,68,68,68,68,68,68,68,68,68,68,68,68,68,68,68,68,68,68,68,68,68,68,68,68,68,68,68,68,68,65,65,65,65,65,65,65,65,65,65,65,65,65,65,65,65],"relic_stats":{"Blood Vial":48,"Peace Pipe":5,"Dream Catcher":0,"Busted Crown":18,"counters":[28,89],"Prayer Wheel":0,"Art of War":[7],"Orichalcum":[78],"Medical Kit":[2],"obtain_stats":[{"Orichalcum":12,"Medical Kit":44,"Old Coin":9,"Blood Vial":6,"Peace Pipe":13,"Du-Vu Doll":43,"Dream Catcher":48,"Busted Crown":34,"Philosopher\u0027s Stone":0,"Prayer Wheel":47,"Art of War":8,"Coffee Dripper":17,"PureWater":0},{"Orichalcum":7,"Medical Kit":22,"Old Coin":6,"Blood Vial":4,"Peace Pipe":7,"Du-Vu Doll":22,"Dream Catcher":26,"Busted Crown":17,"Philosopher\u0027s Stone":0,"Prayer Wheel":25,"Art of War":6,"Coffee Dripper":9,"PureWater":0},{"Orichalcum":22,"Medical Kit":75,"Old Coin":20,"Blood Vial":12,"Peace Pipe":22,"Du-Vu Doll":75,"Dream Catcher":83,"Busted Crown":52,"Philosopher\u0027s Stone":0,"Prayer Wheel":82,"Art of War":20,"Coffee Dripper":33,"PureWater":0}]},"card_choices":[{"not_picked":["FlyingSleeves","Halt"],"picked":"Consecrate","floor":1.0},{"not_picked":["EmptyBody","Consecrate"],"picked":"BowlingBash","floor":3.0},{"not_picked":["WreathOfFlame","Pray","BowlingBash"],"picked":"SKIP","floor":4.0},{"not_picked":["SashWhip","Nirvana"],"picked":"BattleHymn","floor":6.0},{"not_picked":["Crescendo","ForeignInfluence"],"picked":"InnerPeace","floor":7.0},{"not_picked":["SandsOfTime","Devotion"],"picked":"Tantrum","floor":8.0},{"not_picked":["PathToVictory","SashWhip","Halt"],"picked":"SKIP","floor":12.0},{"not_picked":["FearNoEvil","FollowUp","ReachHeaven"],"picked":"SKIP","floor":14.0},{"not_picked":["Evaluate","ReachHeaven","Weave"],"picked":"SKIP","floor":18.0},{"not_picked":["BowlingBash+1","SashWhip+1","Crescendo+1"],"picked":"SKIP","floor":21.0},{"not_picked":["Prostrate","BattleHymn","SashWhip"],"picked":"SKIP","floor":22.0},{"not_picked":["PathToVictory","JustLucky","Prostrate"],"picked":"SKIP","floor":25.0},{"not_picked":["JustLucky","EmptyFist","BattleHymn"],"picked":"SKIP","floor":27.0},{"not_picked":["Consecrate","InnerPeace","Pray"],"picked":"SKIP","floor":28.0},{"not_picked":["Evaluate","LikeWater","FlyingSleeves"],"picked":"SKIP","floor":31.0},{"not_picked":["SashWhip"],"picked":"SKIP","floor":35.0},{"not_picked":["Halt"],"picked":"SKIP","floor":36.0},{"not_picked":["Evaluate"],"picked":"SKIP","floor":38.0},{"not_picked":["PathToVictory+1"],"picked":"SKIP","floor":39.0},{"not_picked":["SashWhip"],"picked":"SKIP","floor":41.0},{"not_picked":["FollowUp"],"picked":"SKIP","floor":45.0},{"not_picked":["FlurryOfBlows"],"picked":"SKIP","floor":46.0},{"not_picked":["Collect"],"picked":"SKIP","floor":48}],"player_experience":4614192,"relics_obtained":[{"floor":6.0,"key":"Blood Vial"},{"floor":8.0,"key":"Art of War"},{"floor":9.0,"key":"Old Coin"},{"floor":12.0,"key":"Orichalcum"},{"floor":43.0,"key":"Du-Vu Doll"},{"floor":47.0,"key":"Prayer Wheel"},{"floor":48,"key":"Dream Catcher"}],"event_choices":[{"damage_healed":0.0,"max_hp_gain":0.0,"max_hp_loss":0.0,"gold_gain":0.0,"event_name":"Liars Game","player_choice":"Ignored","floor":2.0,"gold_loss":0.0,"damage_taken":0.0},{"damage_healed":0.0,"max_hp_gain":0.0,"max_hp_loss":0.0,"gold_gain":50.0,"event_name":"Golden Shrine","player_choice":"Pray","floor":11.0,"gold_loss":0.0,"damage_taken":0.0},{"damage_healed":0.0,"max_hp_gain":0.0,"max_hp_loss":0.0,"gold_gain":50.0,"event_name":"Nest","player_choice":"Stole From Cult","floor":19.0,"gold_loss":0.0,"damage_taken":0.0},{"cards_removed":["Defend_P"],"damage_healed":0.0,"max_hp_gain":0.0,"max_hp_loss":0.0,"gold_gain":0.0,"event_name":"Beggar","player_choice":"Gave Gold","floor":20.0,"gold_loss":75.0,"damage_taken":0.0},{"damage_healed":0.0,"max_hp_gain":0.0,"max_hp_loss":0.0,"gold_gain":0.0,"event_name":"Accursed Blacksmith","player_choice":"Forge","floor":30.0,"gold_loss":0.0,"damage_taken":0.0,"cards_upgraded":["Adaptation"]},{"damage_healed":0.0,"max_hp_gain":0.0,"max_hp_loss":3.0,"gold_gain":0.0,"event_name":"Winding Halls","player_choice":"Max HP","floor":37.0,"gold_loss":0.0,"damage_taken":0.0},{"damage_healed":0.0,"max_hp_gain":0.0,"max_hp_loss":0.0,"gold_gain":0.0,"event_name":"Mysterious Sphere","player_choice":"Fight","floor":47.0,"gold_loss":0.0,"damage_taken":0.0}],"is_beta":false,"boss_relics":[{"not_picked":["SacredBark","Astrolabe"],"picked":"Coffee Dripper"},{"not_picked":["Fusion Hammer","Runic Dome"],"picked":"Busted Crown"}],"items_purged_floors":[5,13,24],"is_endless":false,"potions_floor_spawned":[1,6,8,12,16,18,21,31,33,35,39,46,47,48],"killed_by":"Time Eater","ascension_level":20}}