{"host":"qekv59dthhdg54sz","time":1611112341,"event":{"mods":["AchievementEnabler","BaseMod","Colored Map","DeckTracker","KOR Keyword Fix","Minty Spire (QoL Compilation)","Rare Cards Sparkle","StSLib","SuperFastMode"],"gold_per_floor":[114,114,133,58,72,100,0,29,29,58,58,69,34,49,49,123,123,142,154,172,172,49,49,75,75,75,75,75,93,127,137,137,137,137],"floor_reached":33,"language":"KOR","playtime":1046,"items_purged":["Pain","Strike_P"],"score":610,"play_id":"47fd2456-aa85-494b-9804-7f93abc104b4","local_time":"20210120121221","is_ascension_mode":true,"campfire_choices":[{"floor":11,"key":"DIG"},{"data":"Eruption","floor":15,"key":"SMITH"},{"data":"Adaptation","floor":23,"key":"SMITH"},{"data":"Study","floor":27,"key":"SMITH"},{"floor":32,"key":"REST"}],"circlet_count":0,"master_deck":["AscendersBane","Strike_P","Defend_P","Defend_P","Defend_P","Defend_P","Eruption+1","Vigilance","Protect","ReachHeaven","BattleHymn","CrushJoints","DeusExMachina","EmptyFist+1","Adaptation+1","Decay","TalkToTheHand+1","Tantrum+1","BowlingBash+1","Study+1"],"relics":["PureWater","NeowsBlessing","WarpedTongs","Eternal Feather","Gambling Chip","Shovel","Turnip","Molten Egg 2","Runic Pyramid","Bronze Scales","InkBottle","Meat on the Bone"],"acts_visited":["Exordium","TheCity"],"potions_floor_usage":[16,24,24,33],"damage_taken":[{"damage":0,"enemies":"Small Slimes","floor":1,"turns":2},{"damage":0,"enemies":"Cultist","floor":3,"turns":1},{"damage":0,"enemies":"Jaw Worm","floor":5,"turns":1},{"damage":16,"enemies":"Gremlin Nob","floor":6,"turns":3},{"damage":4,"enemies":"Lagavulin","floor":8,"turns":3},{"damage":6,"enemies":"3 Sentries","floor":10,"turns":5},{"damage":8,"enemies":"3 Louse","floor":12,"turns":3},{"damage":4,"enemies":"2 Fungi Beasts","floor":14,"turns":4},{"damage":31,"enemies":"Hexaghost","floor":16,"turns":6},{"damage":0,"enemies":"Spheric Guardian","floor":18,"turns":3},{"damage":7,"enemies":"Shell Parasite","floor":19,"turns":3},{"damage":12,"enemies":"Chosen and Byrds","floor":20,"turns":5},{"damage":29,"enemies":"Gremlin Leader","floor":24,"turns":3},{"damage":1,"enemies":"3 Cultists","floor":29,"turns":4},{"damage":14,"enemies":"Book of Stabbing","floor":30,"turns":3},{"damage":15,"enemies":"Centurion and Healer","floor":31,"turns":3},{"damage":53,"enemies":"Automaton","floor":33,"turns":6}],"seed_played":"2019926717962151383","potions_obtained":[{"floor":5,"key":"Ancient Potion"},{"floor":8,"key":"DistilledChaos"},{"floor":16,"key":"DistilledChaos"},{"floor":19,"key":"DistilledChaos"},{"floor":29,"key":"FearPotion"},{"floor":31,"key":"BottledMiracle"}],"is_trial":false,"path_per_floor":["M","?","M","$","M","E","$","E","T","E","R","M","?","M","R","B",null,"M","M","M","?","$","R","E","?","T","R","$","M","E","M","R","B"],"character_chosen":"WATCHER","items_purchased":["TalkToTheHand+1","Tantrum+1"],"campfire_rested":1,"item_purchase_floors":[22,22],"current_hp_per_floor":[61,61,61,61,61,45,45,41,41,35,44,36,53,49,58,27,58,58,51,39,39,39,51,22,22,22,34,34,33,19,16,48,0,0],"gold":137,"neow_bonus":"THREE_ENEMY_KILL","is_daily":false,"chose_seed":false,"campfire_upgraded":3,"win_rate":0.0,"timestamp":1611112341,"path_taken":["M","?","?","$","M","E","?","E","T","E","R","M","?","M","R","BOSS","M","M","M","?","$","R","E","?","T","R","?","M","E","M","R","BOSS"],"items_purchased_type":["Card","Card"],"build_version":"2020-12-22","purchased_purges":2,"victory":false,"max_hp_per_floor":[68,68,68,68,68,68,68,68,68,68,68,68,68,68,68,68,68,68,68,68,68,68,68,68,68,68,68,68,68,68,68,68,68,68],"card_choices":[{"not_picked":["Crescendo","ThirdEye"],"picked":"Protect","floor":1},{"not_picked":["BowlingBash","Perseverance"],"picked":"ReachHeaven","floor":3},{"not_picked":["CrushJoints","Consecrate"],"picked":"BattleHymn","floor":5},{"not_picked":["Consecrate","PathToVictory"],"picked":"CrushJoints","floor":6},{"not_picked":["Study","Meditate"],"picked":"DeusExMachina","floor":8},{"not_picked":["SashWhip","ClearTheMind","FollowUp"],"picked":"SKIP","floor":10},{"not_picked":["FlyingSleeves+1","BowlingBash+1"],"picked":"EmptyFist+1","floor":12},{"not_picked":["Sanctity","BattleHymn","FollowUp+1"],"picked":"SKIP","floor":14},{"not_picked":["ThirdEye","JustLucky+1","FollowUp+1"],"picked":"SKIP","floor":18},{"not_picked":["ClearTheMind","Fasting2"],"picked":"Adaptation","floor":19},{"not_picked":["JustLucky+1","BowlingBash+1","Crescendo"],"picked":"SKIP","floor":20},{"not_picked":["ClearTheMind","Adaptation","Sanctity"],"picked":"SKIP","floor":24},{"not_picked":["ClearTheMind","EmptyFist+1","PathToVictory"],"picked":"SKIP","floor":29},{"not_picked":["PathToVictory+1","Evaluate","DeusExMachina"],"picked":"SKIP","floor":30},{"not_picked":["Crescendo","ReachHeaven+1","EmptyFist+1"],"picked":"SKIP","floor":31}],"player_experience":779707,"relics_obtained":[{"floor":6,"key":"Eternal Feather"},{"floor":8,"key":"Gambling Chip"},{"floor":9,"key":"Shovel"},{"floor":10,"key":"Turnip"},{"floor":11,"key":"Molten Egg 2"},{"floor":24,"key":"Bronze Scales"},{"floor":26,"key":"InkBottle"},{"floor":30,"key":"Meat on the Bone"}],"event_choices":[{"damage_healed":0,"gold_gain":0,"player_choice":"Rummage","damage_taken":0,"relics_obtained":["WarpedTongs"],"max_hp_gain":0,"max_hp_loss":0,"event_name":"Accursed Blacksmith","floor":2,"gold_loss":0,"cards_obtained":["Pain"]},{"damage_healed":17,"gold_gain":0,"player_choice":"Healed","damage_taken":0,"max_hp_gain":0,"max_hp_loss":0,"event_name":"The Cleric","floor":13,"gold_loss":35},{"damage_healed":0,"gold_gain":0,"player_choice":"Smashed Altar","damage_taken":0,"max_hp_gain":0,"max_hp_loss":0,"event_name":"Forgotten Altar","floor":21,"gold_loss":0,"cards_obtained":["Decay"]},{"damage_healed":0,"gold_gain":0,"cards_transformed":["Strike_P","Strike_P"],"player_choice":"Became Test Subject","damage_taken":0,"max_hp_gain":0,"max_hp_loss":0,"event_name":"Drug Dealer","floor":25,"gold_loss":0,"cards_obtained":["BowlingBash","Study"]}],"is_beta":false,"boss_relics":[{"not_picked":["Sozu","Runic Dome"],"picked":"Runic Pyramid"}],"items_purged_floors":[4,7],"is_endless":false,"potions_floor_spawned":[5,8,14,16,19,29,31],"killed_by":"Automaton","ascension_level":20}}