{"host":"8rwquwrlbfkmmuup","time":1611183068,"event":{"mods":["BaseMod","Halation","Infinite Spire","Minty Spire (QoL Compilation)","Replay The Spire","Shop Mod","StSLib"],"gold_per_floor":[116,76,95,105,122,122,122,122],"floor_reached":7,"language":"ENG","playtime":361,"items_purged":[],"score":45,"play_id":"6807455a-bd09-475c-a260-c8c14530eeb5","local_time":"20210120145108","is_ascension_mode":true,"campfire_choices":[{"floor":6,"key":"RECALL"}],"circlet_count":0,"master_deck":["Strike_G","Strike_G","Strike_G","Strike_G","Strike_G","Defend_G","Defend_G","Defend_G","Defend_G","Defend_G","Survivor","Neutralize","ReplayTheSpireMod:Uncanny Aura","Toxin Wave","Hidden Blade","Backflip"],"relics":["Ring of the Snake"],"acts_visited":["Exordium"],"potions_floor_usage":[7,7,7],"damage_taken":[{"damage":5,"enemies":"Small Slimes","floor":1,"turns":4},{"damage":2,"enemies":"Cultist","floor":3,"turns":4},{"damage":7,"enemies":"2 Louse","floor":4,"turns":2},{"damage":12,"enemies":"Exordium Thugs","floor":5,"turns":6},{"damage":52,"enemies":"Gremlin Nob","floor":7,"turns":4}],"seed_played":"-2973949960716082632","potions_obtained":[{"floor":1,"key":"Adrenaline Potion"},{"floor":2,"key":"Toxic Potion"},{"floor":2,"key":"LiquidMemories"}],"is_trial":false,"path_per_floor":["M","?","M","M","M","R","E"],"character_chosen":"THE_SILENT","items_purchased":[],"campfire_rested":0,"item_purchase_floors":[],"current_hp_per_floor":[65,65,63,56,44,44,0,0],"gold":122,"neow_bonus":"RANDOM_COLORLESS","is_daily":false,"chose_seed":false,"campfire_upgraded":0,"win_rate":0.0,"timestamp":1611183068,"path_taken":["M","?","M","?","M","R","E"],"items_purchased_type":[],"build_version":"2020-12-22","purchased_purges":0,"victory":false,"max_hp_per_floor":[70,70,70,70,70,70,70,70],"card_choices":[{"not_picked":["Impatience","ReplayTheSpireMod:Trickstab"],"picked":"ReplayTheSpireMod:Uncanny Aura","floor":0},{"not_picked":["Hidden Blade","Calculated Gamble"],"picked":"Toxin Wave","floor":1},{"not_picked":["Sneak Up","ReplayTheSpireMod:Tripwire"],"picked":"Hidden Blade","floor":3},{"not_picked":["Bane","Endless Agony"],"picked":"Backflip","floor":4},{"not_picked":["Bane","Riddle With Holes","Slice"],"picked":"SKIP","floor":5}],"player_experience":67894,"relics_obtained":[],"event_choices":[{"damage_healed":0,"gold_gain":0,"player_choice":"Bought 3 Potions","damage_taken":0,"max_hp_gain":0,"max_hp_loss":0,"event_name":"The Woman in Blue","floor":2,"gold_loss":0}],"is_beta":false,"boss_relics":[],"items_purged_floors":[],"is_endless":false,"potions_floor_spawned":[1,3,4],"killed_by":"Gremlin Nob","ascension_level":1}}