{"host":"ei424ha2zqt1xblg","time":1611124530,"event":{"mods":["BaseMod","Minty Spire (QoL Compilation)","MostiFishMod","Remilia（蕾米莉亚）","StSLib","TestMod","Waifu the Spire","Yakumo Yukari mod"],"gold_per_floor":[114,126,126,146,156,181,197,197,197,147,68,101,101,131,131,237,237,257,182,182,199,220,253,264,292,292,304,332,359,390,435,447,584,596,625,637,660,697,727,765,791,839,860,872,906,918,957,1028,1040,1101,1113,1125,377,421,448],"floor_reached":56,"language":"ZHS","playtime":1657,"items_purged":["Regret"],"score":1745,"play_id":"6bb81a01-2c5b-4ccf-bb30-c98ee10233e8","local_time":"20210120143530","is_ascension_mode":false,"campfire_choices":[{"data":"UnstableMagic","floor":8,"key":"SMITH"},{"data":"TricksterDevil","floor":15,"key":"SMITH"},{"data":"RedMoon","floor":32,"key":"SMITH"},{"floor":44,"key":"RECALL"},{"data":"MostiFishMod:SephirahHod","floor":46,"key":"SMITH"},{"data":"ChainGang","floor":49,"key":"SMITH"},{"data":"Ultimatum","floor":52,"key":"SMITH"}],"circlet_count":0,"master_deck":["Strike_RM","Strike_RM","Strike_RM","Defend_RM","Defend_RM","Defend_RM","RedMoon+1","ScarletShoot","ScarletDevil","UnstableMagic+1","Ultimatum+1","TricksterDevil+1","FavorOfDestiny","ChainGang+1","BloodySeventeenLaser+1","BlasphemousPunishment+1","HeartBreak+1","Clumsy","ScarletCoffin+1","MostiFishMod:SephirahHod+1","FavorOfDestiny+1","Clumsy","Decay","ForecastOfChange+1","BloodySeventeenLaser+1","HeartBreak+1"],"relics":["ScarletHat","testmod-TestBox","DaveBox","NeowsBlessing","OneHitWonderSystem","testmod-OneHitWonder","SynthV:TestCard","Boot","AntiCross","Molten Egg 2","testmod-Acrobat","Cursed Key","Matryoshka","ImprovedEquipment","Art of War","MawBank","MostiFishMod:Hod","CeramicFish","Smiling Mask","Regal Pillow","Prayer Wheel","Bottled Flame","Happy Flower","ClockworkSouvenir","Kunai","Lantern","Bag of Preparation"],"acts_visited":["Exordium","TheCity","TheBeyond","TheEnding"],"potions_floor_usage":[14,14,21,40,55,55,55,55,55,55,55,55],"damage_taken":[{"damage":0,"enemies":"Small Slimes","floor":1,"turns":1},{"damage":0,"enemies":"2 Louse","floor":2,"turns":1},{"damage":0,"enemies":"Jaw Worm","floor":4,"turns":1},{"damage":0,"enemies":"Large Slime","floor":5,"turns":2},{"damage":0,"enemies":"Lagavulin","floor":6,"turns":1},{"damage":0,"enemies":"Red Slaver","floor":7,"turns":2},{"damage":0,"enemies":"3 Sentries","floor":12,"turns":2},{"damage":0,"enemies":"Exordium Thugs","floor":14,"turns":1},{"damage":0,"enemies":"Hexaghost","floor":16,"turns":4},{"damage":0,"enemies":"3 Byrds","floor":18,"turns":2},{"damage":0,"enemies":"Spheric Guardian","floor":21,"turns":1},{"damage":0,"enemies":"Centurion and Healer","floor":22,"turns":1},{"damage":0,"enemies":"Slavers","floor":23,"turns":2},{"damage":0,"enemies":"Snake Plant","floor":24,"turns":1},{"damage":0,"enemies":"Gremlin Leader","floor":25,"turns":1},{"damage":0,"enemies":"Snecko","floor":28,"turns":1},{"damage":0,"enemies":"Centurion and Healer","floor":29,"turns":1},{"damage":0,"enemies":"Snake Plant","floor":30,"turns":2},{"damage":0,"enemies":"Shelled Parasite and Fungi","floor":31,"turns":2},{"damage":0,"enemies":"Collector","floor":33,"turns":3},{"damage":0,"enemies":"3 Shapes","floor":35,"turns":2},{"damage":0,"enemies":"Orb Walker","floor":37,"turns":1},{"damage":0,"enemies":"4 Shapes","floor":39,"turns":4},{"damage":0,"enemies":"Giant Head","floor":40,"turns":1},{"damage":0,"enemies":"Spire Growth","floor":41,"turns":2},{"damage":0,"enemies":"Nemesis","floor":42,"turns":1},{"damage":0,"enemies":"Jaw Worm Horde","floor":45,"turns":2},{"damage":0,"enemies":"Reptomancer","floor":47,"turns":1},{"damage":0,"enemies":"Sphere and 2 Shapes","floor":48,"turns":3},{"damage":0,"enemies":"Awakened One","floor":50,"turns":5},{"damage":0,"enemies":"Shield and Spear","floor":54,"turns":2},{"damage":0,"enemies":"The Heart","floor":55,"turns":2}],"seed_played":"-1398132681847230582","potions_obtained":[{"floor":1,"key":"Dexterity Potion"},{"floor":2,"key":"Strength Potion"},{"floor":4,"key":"Energy Potion"},{"floor":12,"key":"FearPotion"},{"floor":14,"key":"testmod-SpacePotion"},{"floor":18,"key":"Fruit Juice"},{"floor":18,"key":"BlessingOfTheForge"},{"floor":21,"key":"EssenceOfSteel"},{"floor":28,"key":"LiquidBronze"},{"floor":30,"key":"Strength Potion"},{"floor":35,"key":"EntropicBrew"},{"floor":40,"key":"Weak Potion"},{"floor":47,"key":"testmod-TestPotion"}],"is_trial":false,"path_per_floor":["M","M","?","M","M","E","M","R","T","?","$","E","?","M","R","B",null,"M","?","?","M","M","E","M","E","T","$","M","M","M","M","R","B",null,"M","?","M","T","M","E","M","E","T","R","M","R","E","M","R","B",null,"R","$","E","B",null],"character_chosen":"REMILIA","items_purchased":["ChainGang","ClockworkSouvenir","Kunai","Lantern","BloodySeventeenLaser+1"],"campfire_rested":0,"item_purchase_floors":[11,53,53,53,53],"current_hp_per_floor":[1,1,2,1,1,1,1,1,1,1,1,1,1,1,1,1,1,1,1,1,6,1,1,1,1,1,1,1,1,1,1,1,1,1,1,1,1,1,1,1,1,1,1,1,1,1,1,1,1,1,1,1,1,1,1],"gold":448,"neow_bonus":"THREE_ENEMY_KILL","is_daily":false,"chose_seed":false,"campfire_upgraded":6,"win_rate":0.0,"timestamp":1611124530,"path_taken":["M","M","?","M","M","E","M","R","T","?","$","E","?","M","R","BOSS","M","?","?","M","M","E","M","E","T","?","M","M","M","M","R","BOSS","M","?","?","?","M","E","M","E","T","R","M","R","E","M","R","BOSS","R","$","E","BOSS"],"items_purchased_type":["Card","Relic","Relic","Relic","Card"],"build_version":"2020-12-22","purchased_purges":1,"victory":true,"max_hp_per_floor":[1,1,2,1,1,1,1,1,1,1,1,1,1,1,1,1,1,1,1,1,6,1,1,1,1,1,1,1,1,1,1,1,1,1,1,1,1,1,1,1,1,1,1,1,1,1,1,1,1,1,1,1,1,1,1],"card_choices":[{"not_picked":["ForbiddenFruit","ScarletGensokyo"],"picked":"ScarletDevil","floor":1},{"not_picked":["LeisurelyOfLord","EternalNight","ScarletDevil","MastersStateliness","RedRainbow"],"picked":"SKIP","floor":2},{"not_picked":["UnderTheZenith","NightDance","Stigmanizer","ChainGang"],"picked":"UnstableMagic","floor":4},{"not_picked":["RedRainbow","BloodyCatastrophe","NightLord","BloodHunter"],"picked":"Ultimatum","floor":5},{"not_picked":["VampireKiss","Stigmanizer","MillenniumVampire","VampirishNight"],"picked":"TricksterDevil","floor":6},{"not_picked":["EndlessAdversity","EquivalentExchange","BlasphemousPunishment","VampireKiss"],"picked":"FavorOfDestiny","floor":7},{"not_picked":["NightDance+1","MastersStateliness","RedNightlessCastle+1","DevilSight","BloodyTrap"],"picked":"SKIP","floor":12},{"not_picked":["MastersStateliness","BloodyMagicSquare","EmergencyRegeneration","UltimateOffering+1","NightLord+1"],"picked":"SKIP","floor":14},{"not_picked":["QueenOfMidnight","EquivalentExchange","ScarletCoffin+1","BatForm"],"picked":"BloodySeventeenLaser+1","floor":16},{"not_picked":["VampireKiss+1","RedRainbow+1","ChainGang+1","StarOfDavid+1","Stigmanizer+1"],"picked":"SKIP","floor":18},{"not_picked":["DiffusionOfMisfortune+1","UnstableMagic","ChainGang+1","NightDance+1","FavorOfDestiny"],"picked":"SKIP","floor":21},{"not_picked":["ScarletImprint+1","BloodHunter","BombardNight+1","DiffusionOfMisfortune+1","BadLadyScramble"],"picked":"SKIP","floor":22},{"not_picked":["KillingBlow+1","VampireClaw+1","NightDance+1","EternalNight+1"],"picked":"BlasphemousPunishment+1","floor":23},{"not_picked":["Septette","UltimateOffering+1","Ultimatum+1","StarOfDavid+1"],"picked":"HeartBreak+1","floor":23},{"not_picked":["TwelveNightmare","FavorOfDestiny","Septette","SuperhumanBloodyKnife+1","ScarletDevil+1"],"picked":"SKIP","floor":24},{"not_picked":["BloodHunter","UnstableMagic","NightDance+1","ScarletDream","MillenniumVampire"],"picked":"SKIP","floor":25},{"not_picked":["DiffusionOfMisfortune+1","HunterOfTheNight+1","ScarletNetherworld","FitfulNightmare","UnderTheZenith+1"],"picked":"SKIP","floor":28},{"not_picked":["RedRainbow+1","SuperhumanBloodyKnife+1","FavorOfDestiny+1","DemonKingCradle","VampireKiss+1"],"picked":"SKIP","floor":29},{"not_picked":["BloodHunter","BlasphemousPunishment","CharismaGuard","BombardNight+1","NightLord+1"],"picked":"SKIP","floor":30},{"not_picked":["Septette+1","RedRainbow+1","FavorOfDestiny","KillingBlow+1","StarOfDavid+1"],"picked":"SKIP","floor":31},{"not_picked":["TransientEternity","BloodyCatastrophe","DemonKingCradle","HellCatastrophe+1"],"picked":"ScarletCoffin+1","floor":33},{"not_picked":["BloodHunter","Stigmanizer+1","ChainGang+1","Maim"],"picked":"FavorOfDestiny+1","floor":35},{"not_picked":["ScarletDevil+1","EndlessAdversity+1","StarOfDavid+1","TwelveNightmare+1","CharismaGuard"],"picked":"SKIP","floor":37},{"not_picked":["MastersStateliness","UltimateOffering+1","MiserableFate+1","MillenniumVampire","AfternoonTea"],"picked":"SKIP","floor":39},{"not_picked":["BloodAndWine+1","Stigmanizer+1","HellCatastrophe+1","LeisurelyOfLord+1","DiffusionOfMisfortune+1"],"picked":"SKIP","floor":40},{"not_picked":["UnderTheZenith","ScarletImprint+1","VampireClaw+1","ScarletGensokyo+1","BlasphemousPunishment+1"],"picked":"SKIP","floor":41},{"not_picked":["VampireKiss+1","VampireClaw+1","FavorOfDestiny+1","ScarletImprint+1","UnstableMagic+1"],"picked":"SKIP","floor":42},{"not_picked":["BloodAndWine","EndlessAdversity+1","BloodHunter","VampirishNight"],"picked":"ForecastOfChange+1","floor":45},{"not_picked":["EndlessAdversity+1","VampireClaw+1","BloodAndWine","DevilSight+1","BloodHunter"],"picked":"SKIP","floor":45},{"not_picked":["RedNightlessCastle+1","CharismaGuard","AfternoonTea+1","MastersStateliness","NightDance+1"],"picked":"SKIP","floor":47},{"not_picked":["RedRainbow+1","MastersStateliness","Stigmanizer+1","EndlessAdversity+1","NightDance+1"],"picked":"SKIP","floor":48},{"not_picked":["VampireKiss+1","EmergencyRegeneration","SuperhumanBloodyKnife+1","StarOfDavid+1","DiffusionOfMisfortune+1"],"picked":"SKIP","floor":48},{"not_picked":["BombardNight+1","FavorOfDestiny+1","EndlessAdversity+1","RedRainbow+1"],"picked":"HeartBreak+1","floor":54}],"player_experience":431925,"relics_obtained":[{"floor":1,"key":"SynthV:TestCard"},{"floor":6,"key":"Boot"},{"floor":9,"key":"AntiCross"},{"floor":12,"key":"Molten Egg 2"},{"floor":23,"key":"ImprovedEquipment"},{"floor":25,"key":"Art of War"},{"floor":26,"key":"MawBank"},{"floor":38,"key":"CeramicFish"},{"floor":38,"key":"Smiling Mask"},{"floor":40,"key":"Regal Pillow"},{"floor":42,"key":"Prayer Wheel"},{"floor":43,"key":"Bottled Flame"},{"floor":47,"key":"Happy Flower"},{"floor":54,"key":"Bag of Preparation"}],"event_choices":[{"damage_healed":0,"gold_gain":0,"player_choice":"Swap Relic","damage_taken":0,"relics_obtained":["testmod-HarvestTotem"],"max_hp_gain":0,"max_hp_loss":0,"event_name":"给自己的盒子","floor":3,"relics_lost":["testmod-HarvestTotem"],"gold_loss":0},{"cards_removed":["Strike_RM"],"damage_healed":0,"gold_gain":0,"player_choice":"Card Removal","damage_taken":0,"max_hp_gain":0,"max_hp_loss":0,"event_name":"The Cleric","floor":10,"gold_loss":50},{"damage_healed":0,"gold_gain":0,"player_choice":"Box","damage_taken":0,"relics_obtained":["testmod-Acrobat"],"max_hp_gain":0,"max_hp_loss":0,"event_name":"Big Fish","floor":13,"gold_loss":0,"cards_obtained":["Regret"]},{"cards_removed":["Defend_RM"],"damage_healed":0,"gold_gain":0,"player_choice":"Gave Gold","damage_taken":0,"max_hp_gain":0,"max_hp_loss":0,"event_name":"Beggar","floor":19,"gold_loss":75},{"damage_healed":0,"gold_gain":0,"player_choice":"Opened","damage_taken":0,"relics_obtained":["Matryoshka"],"max_hp_gain":0,"max_hp_loss":0,"event_name":"The Mausoleum","floor":20,"gold_loss":0},{"damage_healed":0,"gold_gain":0,"player_choice":"Ignored","damage_taken":0,"max_hp_gain":0,"max_hp_loss":0,"event_name":"SecretPortal","floor":36,"gold_loss":0}],"is_beta":false,"boss_relics":[{"not_picked":["Runic Dome","TakeMeEscape"],"picked":"Cursed Key"},{"not_picked":["RhineFirstAidKit","SlaversCollar"],"picked":"MostiFishMod:Hod"}],"items_purged_floors":[53],"is_endless":false,"potions_floor_spawned":[1,2,4,12,14,18,21,28,30,33,35,40,47],"ascension_level":0}}