{"host":"aqfw1ojr5s8c7c6h","time":1611133802,"event":{"mods":["100% Spire Juice","A Magickal Journey","Arknights The Spire","Ascension Reborn","BaseMod","Conspire","Energized Spire","GungeonMod","Hermit","Infinite Spire","Minty Spire (QoL Compilation)","Prisma Mod","Relic Sorter","StSLib","The Bug Knight","The Hierophant","The Poker Player","The Wild Card","Useless Jewels Mod","WarShipGirlsR/??á´Ò³R mod"],"gold_per_floor":[112,127,127,127,147,147,147],"floor_reached":6,"language":"KOR","playtime":316,"items_purged":[],"score":36,"play_id":"1410416d-bcd1-481d-94aa-766419b36ea1","local_time":"20210120181002","is_ascension_mode":true,"campfire_choices":[],"circlet_count":0,"master_deck":["ats:Strike C","ats:Strike G","ats:Strike S","ats:Strike V+1","ats:Armor Crushing Shot","ats:Defend","ats:Defend","ats:Defend+1","ats:Defend","ats:Emotion Absorption","ats:Revitalization","ats:Poison Spread","ats:Hook Shot"],"relics":["ats:Sanity","SsserpentHead"],"acts_visited":["Exordium"],"potions_floor_usage":[],"damage_taken":[{"damage":0,"enemies":"conspire:RoseBush","floor":1,"turns":5},{"damage":7,"enemies":"Cultist","floor":2,"turns":5},{"damage":4,"enemies":"2 Louse","floor":5,"turns":3},{"damage":70,"enemies":"Lagavulin","floor":6,"turns":9}],"seed_played":"6992841500622919771","potions_obtained":[],"is_trial":false,"path_per_floor":["M","M","?","?","M","E"],"character_chosen":"DOCTOR_CLASS","items_purchased":[],"campfire_rested":0,"item_purchase_floors":[],"current_hp_per_floor":[79,73,57,57,55,0,0],"gold":147,"neow_bonus":"TEN_PERCENT_HP_BONUS","is_daily":false,"chose_seed":false,"campfire_upgraded":0,"win_rate":0.0,"timestamp":1611133802,"path_taken":["M","M","?","?","M","E"],"items_purchased_type":[],"build_version":"2020-12-22","purchased_purges":0,"victory":false,"max_hp_per_floor":[79,79,79,79,79,79,79],"card_choices":[{"not_picked":["ats:Curse Doll","ats:Collapsing Strike"],"picked":"ats:Revitalization","floor":1},{"not_picked":["ats:Automatic Cover","ats:Revitalization"],"picked":"ats:Poison Spread","floor":2},{"not_picked":["ats:Flame Of Heaven","ats:Healing Strengthening"],"picked":"ats:Hook Shot","floor":5}],"player_experience":116611,"relics_obtained":[],"event_choices":[{"damage_healed":0,"gold_gain":0,"player_choice":"Entered Light","damage_taken":16,"max_hp_gain":0,"max_hp_loss":0,"event_name":"Shining Light","floor":3,"gold_loss":0,"cards_upgraded":["ats:Defend","ats:Strike V"]},{"damage_healed":0,"gold_gain":0,"player_choice":"Trade","damage_taken":0,"relics_obtained":["SsserpentHead"],"max_hp_gain":0,"max_hp_loss":0,"event_name":"FaceTrader","floor":4,"gold_loss":0}],"is_beta":false,"boss_relics":[],"items_purged_floors":[],"is_endless":false,"potions_floor_spawned":[],"killed_by":"Lagavulin","ascension_level":0}}