{"host":"j4g6ia6asvpyu2b0","time":1611143141,"event":{"mods":["BaseMod","Colored Map","Minty Spire (QoL Compilation)","Permanent Neow","Quick Restart","Relic Stats","StSLib","Unceasing Turn Reminder"],"gold_per_floor":[14,14,27,44,54,82,82,82,82],"floor_reached":8,"language":"ENG","playtime":523,"items_purged":[],"score":93,"play_id":"2a62eb90-ea1d-4c69-93a2-c55b2c795c97","local_time":"20210120044541","is_ascension_mode":true,"campfire_choices":[{"data":"Zap","floor":7,"key":"SMITH"}],"circlet_count":0,"master_deck":["AscendersBane","Strike_B","Strike_B","Strike_B","Strike_B","Defend_B","Defend_B","Defend_B","Defend_B","Zap+1","Dualcast","All For One","Sweeping Beam","Coolheaded","Rebound","Streamline","Ball Lightning"],"relics":["Cracked Core","Prayer Wheel"],"acts_visited":["Exordium"],"potions_floor_usage":[6,8,8,8],"damage_taken":[{"damage":0,"enemies":"Cultist","floor":1,"turns":3},{"damage":0,"enemies":"Small Slimes","floor":3,"turns":4},{"damage":9,"enemies":"Jaw Worm","floor":4,"turns":4},{"damage":7,"enemies":"Looter","floor":5,"turns":4},{"damage":32,"enemies":"Gremlin Nob","floor":6,"turns":4},{"damage":33,"enemies":"Lagavulin","floor":8,"turns":4}],"seed_played":"8061846127560058547","potions_obtained":[{"floor":3,"key":"Strength Potion"},{"floor":4,"key":"Strength Potion"},{"floor":6,"key":"EntropicBrew"}],"is_trial":false,"path_per_floor":["M","$","M","M","M","E","R","E"],"character_chosen":"DEFECT","items_purchased":[],"campfire_rested":0,"item_purchase_floors":[],"current_hp_per_floor":[68,68,68,59,52,20,20,0,0],"gold":82,"neow_bonus":"THREE_RARE_CARDS","is_daily":false,"chose_seed":false,"campfire_upgraded":1,"win_rate":0.0,"timestamp":1611143141,"path_taken":["M","?","?","M","M","E","R","E"],"items_purchased_type":[],"build_version":"2020-12-22","purchased_purges":0,"victory":false,"max_hp_per_floor":[75,75,75,75,75,75,75,75,75],"relic_stats":{"counters":[6,23],"Prayer Wheel":0,"obtain_stats":[{"Prayer Wheel":6,"Cracked Core":0},{"Prayer Wheel":5,"Cracked Core":0},{"Prayer Wheel":19,"Cracked Core":0}]},"card_choices":[{"not_picked":["Core Surge","Fission"],"picked":"All For One","floor":0},{"not_picked":["Blizzard","Barrage"],"picked":"Sweeping Beam","floor":1},{"not_picked":["Tempest","Force Field"],"picked":"Coolheaded","floor":3},{"not_picked":["Chaos","Redo"],"picked":"Rebound","floor":4},{"not_picked":["Reprogram","Undo"],"picked":"Streamline","floor":5},{"not_picked":["Fusion","Redo"],"picked":"Ball Lightning","floor":6}],"player_experience":873236,"relics_obtained":[{"floor":6,"key":"Prayer Wheel"}],"event_choices":[],"is_beta":false,"boss_relics":[],"items_purged_floors":[],"is_endless":false,"potions_floor_spawned":[3,4,5,6],"killed_by":"Lagavulin","ascension_level":12}}