{"host":"wha9hktbkslqvblg","time":1611129345,"event":{"mods":["BaseMod","Colored Map","Minty Spire (QoL Compilation)","Relic Stats","SuperFastMode","everything is the same but u backflip on backflip"],"gold_per_floor":[119,119,138,63,116,116,150,150,150,150,163,194,209,239,239,310,310,329,329,329,149,167,167,42,75,75,95,95,95,95],"floor_reached":29,"language":"KOR","playtime":548,"items_purged":["Strike_R","Strike_R","Strike_R"],"score":548,"play_id":"c12832b5-7bcf-4c69-b4d9-6076e4c39df2","local_time":"20210120165545","is_ascension_mode":true,"campfire_choices":[{"data":"Evolve","floor":6.0,"key":"SMITH"},{"data":"Double Tap","floor":10.0,"key":"SMITH"},{"data":"Wild Strike","floor":15.0,"key":"SMITH"},{"data":"Dark Embrace","floor":23.0,"key":"SMITH"}],"circlet_count":0,"master_deck":["AscendersBane","Strike_R","Strike_R","Defend_R","Defend_R","Defend_R","Defend_R","Bash","Pommel Strike+1","Evolve+1","Double Tap+1","Second Wind","Wild Strike+1","Warcry+1","Body Slam","Dark Embrace+1","Ghostly","Ghostly","Ghostly"],"relics":["Burning Blood","NeowsBlessing","Red Skull","CaptainsWheel","Ornamental Fan","Self Forming Clay","Nunchaku","Gremlin Horn","Mark of Pain","FossilizedHelix","Frozen Egg 2"],"acts_visited":["Exordium","TheCity"],"potions_floor_usage":[25,25],"damage_taken":[{"damage":0.0,"enemies":"Jaw Worm","floor":1.0,"turns":1.0},{"damage":0.0,"enemies":"Cultist","floor":3.0,"turns":1.0},{"damage":0.0,"enemies":"3 Sentries","floor":7.0,"turns":2.0},{"damage":2.0,"enemies":"2 Louse","floor":11.0,"turns":3.0},{"damage":11.0,"enemies":"Gremlin Nob","floor":12.0,"turns":4.0},{"damage":0.0,"enemies":"2 Fungi Beasts","floor":13.0,"turns":4.0},{"damage":50.0,"enemies":"Hexaghost","floor":16.0,"turns":6.0},{"damage":2.0,"enemies":"Chosen","floor":18.0,"turns":4.0},{"damage":23.0,"enemies":"2 Thieves","floor":22.0,"turns":4.0},{"damage":23,"enemies":"Slavers","floor":25,"turns":4},{"damage":12,"enemies":"Chosen and Byrds","floor":27,"turns":4},{"damage":35,"enemies":"Book of Stabbing","floor":29,"turns":5}],"seed_played":"174609746539176230","potions_obtained":[{"floor":1.0,"key":"Fire Potion"},{"floor":12.0,"key":"ColorlessPotion"},{"floor":13.0,"key":"DistilledChaos"},{"floor":20.0,"key":"BloodPotion"},{"floor":20.0,"key":"GamblersBrew"},{"floor":25,"key":"Weak Potion"},{"floor":27,"key":"Dexterity Potion"}],"is_trial":false,"path_per_floor":["M","?","M","$","T","R","E","?","T","R","M","E","M","?","R","B",null,"M","?","?","$","M","R","$","E","T","M","?","E"],"character_chosen":"IRONCLAD","items_purchased":["Dark Embrace"],"campfire_rested":0,"item_purchase_floors":[21],"current_hp_per_floor":[74,74,75,75,75,75,75,70,70,70,74,69,75,75,75,31,64,68,68,75,75,58,58,58,41,41,35,35,0,0],"gold":95,"neow_bonus":"THREE_ENEMY_KILL","is_daily":false,"chose_seed":false,"campfire_upgraded":4,"win_rate":0.0,"timestamp":1611129345,"path_taken":["M","?","?","$","?","R","E","?","T","R","M","E","M","?","R","BOSS","M","?","?","$","?","R","?","E","T","M","?","E"],"items_purchased_type":["Card"],"build_version":"2020-12-22","purchased_purges":3,"victory":false,"max_hp_per_floor":[75,75,75,75,75,75,75,75,75,75,75,75,75,75,75,75,75,75,75,75,75,75,75,75,75,75,75,37,37,37],"relic_stats":{"Nunchaku":[7],"Gremlin Horn":[4,4],"counters":[12,42],"Ornamental Fan":[60],"Self Forming Clay":[57],"obtain_stats":[{"CaptainsWheel":7,"Nunchaku":12,"NeowsBlessing":0,"Gremlin Horn":14,"Ornamental Fan":8,"Self Forming Clay":9,"Mark of Pain":17,"Frozen Egg 2":26,"Burning Blood":0,"Red Skull":5,"FossilizedHelix":25},{"CaptainsWheel":3,"Nunchaku":5,"NeowsBlessing":0,"Gremlin Horn":6,"Ornamental Fan":3,"Self Forming Clay":3,"Mark of Pain":7,"Frozen Egg 2":10,"Burning Blood":0,"Red Skull":2,"FossilizedHelix":10},{"CaptainsWheel":4,"Nunchaku":11,"NeowsBlessing":0,"Gremlin Horn":15,"Ornamental Fan":4,"Self Forming Clay":4,"Mark of Pain":21,"Frozen Egg 2":33,"Burning Blood":0,"Red Skull":2,"FossilizedHelix":33}],"Burning Blood":55},"card_choices":[{"not_picked":["Metallicize","Headbutt"],"picked":"Pommel Strike","floor":1.0},{"not_picked":["Clothesline","Body Slam"],"picked":"Evolve","floor":3.0},{"not_picked":["Shockwave","Iron Wave"],"picked":"Double Tap","floor":7.0},{"not_picked":["Perfected Strike","Headbutt"],"picked":"Second Wind","floor":11.0},{"not_picked":["Perfected Strike","True Grit","Armaments"],"picked":"SKIP","floor":12.0},{"not_picked":["Whirlwind","Clash"],"picked":"Wild Strike","floor":13.0},{"not_picked":["Iron Wave","Thunderclap"],"picked":"Warcry+1","floor":18.0},{"not_picked":["Dark Embrace","Carnage","Perfected Strike"],"picked":"SKIP","floor":22.0},{"not_picked":["Spot Weakness","Bloodletting","Shrug It Off"],"picked":"SKIP","floor":25},{"not_picked":["Headbutt","Infernal Blade","Iron Wave"],"picked":"SKIP","floor":27}],"player_experience":985153,"relics_obtained":[{"floor":5.0,"key":"Red Skull"},{"floor":7.0,"key":"CaptainsWheel"},{"floor":9.0,"key":"Self Forming Clay"},{"floor":12.0,"key":"Nunchaku"},{"floor":25,"key":"FossilizedHelix"},{"floor":26,"key":"Frozen Egg 2"}],"event_choices":[{"damage_healed":0.0,"max_hp_gain":0.0,"max_hp_loss":0.0,"gold_gain":0.0,"event_name":"Upgrade Shrine","player_choice":"Upgraded","floor":2.0,"gold_loss":0.0,"damage_taken":0.0,"cards_upgraded":["Pommel Strike"]},{"damage_healed":0.0,"max_hp_gain":0.0,"max_hp_loss":0.0,"gold_gain":0.0,"event_name":"Scrap Ooze","player_choice":"Success","floor":8.0,"gold_loss":0.0,"damage_taken":5.0,"relics_obtained":["Ornamental Fan"]},{"damage_healed":0.0,"max_hp_gain":0.0,"max_hp_loss":0.0,"gold_gain":30.0,"event_name":"Dead Adventurer","player_choice":"Searched \u00273\u0027 times","floor":14.0,"gold_loss":0.0,"damage_taken":0.0,"relics_obtained":["Gremlin Horn"]},{"damage_healed":0.0,"max_hp_gain":0.0,"max_hp_loss":0.0,"gold_gain":0.0,"event_name":"The Library","player_choice":"Read","floor":19.0,"gold_loss":0.0,"damage_taken":0.0,"cards_obtained":["Body Slam"]},{"damage_healed":0.0,"max_hp_gain":0.0,"max_hp_loss":0.0,"gold_gain":0.0,"event_name":"Lab","player_choice":"Got Potions","floor":20.0,"gold_loss":0.0,"damage_taken":0.0},{"damage_healed":0,"gold_gain":0,"player_choice":"Became a Ghost","damage_taken":0,"max_hp_gain":0,"max_hp_loss":38,"event_name":"Ghosts","floor":28,"gold_loss":0,"cards_obtained":["Ghostly","Ghostly","Ghostly"]}],"is_beta":false,"boss_relics":[{"not_picked":["Fusion Hammer","Velvet Choker"],"picked":"Mark of Pain"}],"items_purged_floors":[4,21,24],"is_endless":false,"potions_floor_spawned":[1,12,13,25,27],"killed_by":"Book of Stabbing","ascension_level":20}}