{"host":"7fyy23rucerupe6i","time":1611129500,"event":{"mods":["AchievementEnabler","Act Like it!","BaseMod","BetterRewards","Colored Map","Colored Powertips","Conspire","Custom Start","Downfall","Mad Scientist","Marisa£®ÏF”Í°°ƒß¿Ì…≥£©","Minty Spire (QoL Compilation)","Pale of the Ancients","Quick Restart","Shop Mod","ShortenTheSpire","Spicy Shops","StSLib","SuperFastMode","The Bug Knight","The Construct","The Cursed","The Factory","The Jungle","The Servant 0.9.4","UnlockEverythingMod"],"gold_per_floor":[116,133,151,151,167,193,193,223,223,237,237,270,270,283,283,356,356,374,374,374,393,121,121,121,121],"floor_reached":24,"language":"ZHS","playtime":838,"items_purged":["Strike_G","Defend_G"],"score":432,"play_id":"7ffcf3f5-b4d2-48e4-a662-f386fe8441b9","local_time":"20210120155820","is_ascension_mode":true,"campfire_choices":[{"data":"Dagger Spray","floor":7,"key":"SMITH"},{"data":"Storm of Steel","floor":13,"key":"SMITH"},{"data":"Accuracy","floor":15,"key":"SMITH"},{"data":"RitualDagger","floor":23,"key":"SMITH"}],"circlet_count":0,"master_deck":["AscendersBane","Strike_G","Strike_G+1","Strike_G","Strike_G+1","Defend_G","Defend_G","Defend_G","Defend_G","Survivor","Neutralize","Accuracy+1","Dagger Spray+1","Storm of Steel+1","Glass Knife","A Thousand Cuts","RitualDagger+1","Cloak And Dagger"],"relics":["Ring of the Snake","Oddly Smooth Stone","Toy Ornithopter","hexamod:BolsterEngine","Shuriken","MerchantsRug","bronze:BronzeIdol","Eternal Feather","Bottled Tornado","Slimebound:StickyStick","Whetstone","sneckomod:SneckoTalon","HandDrill"],"acts_visited":["Exordium","TheCity"],"potions_floor_usage":[6,16,16,24],"damage_taken":[{"damage":3,"enemies":"Jaw Worm","floor":1,"turns":6},{"damage":2,"enemies":"Cultist","floor":2,"turns":4},{"damage":0,"enemies":"Small Slimes","floor":3,"turns":4},{"damage":2,"enemies":"Blue Slaver","floor":5,"turns":6},{"damage":34,"enemies":"Gremlin Nob","floor":6,"turns":6},{"damage":16,"enemies":"Lagavulin","floor":8,"turns":5},{"damage":0,"enemies":"Looter","floor":10,"turns":2},{"damage":14,"enemies":"3 Sentries","floor":12,"turns":4},{"damage":0,"enemies":"Lots of Slimes","floor":14,"turns":1},{"damage":37,"enemies":"The Guardian","floor":16,"turns":10},{"damage":18,"enemies":"3 Byrds","floor":18,"turns":5},{"damage":0,"enemies":"Spheric Guardian","floor":21,"turns":3},{"damage":0,"enemies":"Cultist and Chosen","floor":24,"turns":3}],"seed_played":"3419797049050521220","potions_obtained":[{"floor":3,"key":"Ancient Potion"},{"floor":5,"key":"construct:ShiftPotion"},{"floor":12,"key":"Weak Potion"},{"floor":18,"key":"Strength Potion"},{"floor":21,"key":"Fire Potion"}],"is_trial":false,"path_per_floor":["M","M","M","?","M","E","R","E","T","M","T","E","R","M","R","B",null,"M","?","?","M","$","R","M"],"character_chosen":"THE_SILENT","items_purchased":["Oddly Smooth Stone","Toy Ornithopter","hexamod:BolsterEngine","Shuriken","Accuracy","MerchantsRug","HandDrill"],"campfire_rested":0,"item_purchase_floors":[0,0,0,0,0,0,22],"current_hp_per_floor":[25,23,23,76,74,42,42,26,26,26,26,12,21,21,30,3,58,40,34,30,30,30,39,44,44],"gold":121,"neow_bonus":"","is_daily":false,"chose_seed":false,"campfire_upgraded":4,"win_rate":0.0,"timestamp":1611129500,"path_taken":["M","M","M","?","M","E","R","E","T","?","?","E","R","M","R","BOSS","M","?","?","M","$","R","M"],"items_purchased_type":["Relic","Relic","Relic","Relic","Card","Relic","Relic"],"build_version":"2020-12-22","purchased_purges":2,"victory":false,"max_hp_per_floor":[66,66,66,76,76,76,76,76,76,76,76,76,76,76,76,76,76,76,76,76,76,76,76,76,76],"card_choices":[{"not_picked":["Backflip","Deadly Poison"],"picked":"Dagger Spray","floor":1},{"not_picked":["Skewer","PiercingWail","Tactician"],"picked":"SKIP","floor":2},{"not_picked":["Dagger Throw","Dodge and Roll"],"picked":"Tools of the Trade","floor":3},{"not_picked":["PiercingWail","Caltrops","Heel Hook"],"picked":"SKIP","floor":5},{"not_picked":["Quick Slash","Dagger Spray"],"picked":"Storm of Steel","floor":6},{"not_picked":["Dash","Deadly Poison"],"picked":"Glass Knife","floor":8},{"not_picked":["Prepared","Predator","Underhanded Strike"],"picked":"SKIP","floor":10},{"not_picked":["Calculated Gamble","Outmaneuver","Bane"],"picked":"SKIP","floor":12},{"not_picked":["Deadly Poison","Dagger Throw","Blur"],"picked":"SKIP","floor":14},{"not_picked":["Phantasmal Killer","Burst"],"picked":"A Thousand Cuts","floor":16},{"not_picked":["Underhanded Strike+1","Backflip","Outmaneuver+1"],"picked":"SKIP","floor":18},{"not_picked":["Terror","Dodge and Roll"],"picked":"Cloak And Dagger","floor":21}],"player_experience":498066,"relics_obtained":[{"floor":6,"key":"bronze:BronzeIdol"},{"floor":8,"key":"Eternal Feather"},{"floor":9,"key":"Bottled Tornado"},{"floor":11,"key":"Slimebound:StickyStick"},{"floor":12,"key":"Whetstone"}],"event_choices":[{"cards_removed":["Tools of the Trade"],"damage_healed":43,"gold_gain":0,"player_choice":"Offered Rare","damage_taken":0,"max_hp_gain":10,"max_hp_loss":0,"event_name":"Bonfire Elementals","floor":4,"gold_loss":0},{"damage_healed":0,"gold_gain":0,"player_choice":"Joined the Cult","damage_taken":6,"max_hp_gain":0,"max_hp_loss":0,"event_name":"Nest","floor":19,"gold_loss":0,"cards_obtained":["RitualDagger"]},{"damage_healed":0,"gold_gain":0,"player_choice":"Leave","damage_taken":0,"max_hp_gain":0,"max_hp_loss":0,"event_name":"conspire:Investor","floor":20,"gold_loss":0}],"is_beta":false,"boss_relics":[{"not_picked":["conspire:SlowCooker","Runic Pyramid"],"picked":"sneckomod:SneckoTalon"}],"items_purged_floors":[0,22],"is_endless":false,"potions_floor_spawned":[3,5,12,18,21],"killed_by":"Cultist and Chosen","ascension_level":20}}