{"host":"c6u7e77myxvw4d0m","time":1611151575,"event":{"mods":["AchievementEnabler","BaseMod","Bestiary","Colored Map","Colored Powertips","Minty Spire (QoL Compilation)","Rare Cards Sparkle","Relic Stats","everything is the same but u backflip on backflip"],"gold_per_floor":[114,127,140,140,151,179,179,144,144,172,172,192,192,202,202,277,277,287,304,304,304,304],"floor_reached":21,"language":"ENG","playtime":1109,"items_purged":[],"score":388,"play_id":"b154adbf-4aba-4603-8ffe-999d735c2e5d","local_time":"20210120160615","is_ascension_mode":true,"campfire_choices":[{"data":"Noxious Fumes","floor":7,"key":"SMITH"},{"data":"Neutralize","floor":11,"key":"SMITH"},{"floor":15,"key":"REST"}],"circlet_count":0,"master_deck":["AscendersBane","Defend_G","Defend_G","Defend_G","Defend_G","Defend_G","Survivor","Neutralize+1","Underhanded Strike","Noxious Fumes+1","Bane","Flying Knee","Poisoned Stab","Infinite Blades","Noxious Fumes","Corpse Explosion","CurseOfTheBell","Calculated Gamble+1","Deadly Poison+1","Bite","Bite","Bite","Bite","Bite"],"relics":["Ring of the Snake","White Beast Statue","Kunai","Shuriken","Calling Bell","Dream Catcher","Toxic Egg 2","Dead Branch"],"acts_visited":["Exordium","TheCity"],"potions_floor_usage":[6,6,14,16,16,18,19,21],"damage_taken":[{"damage":4,"enemies":"Jaw Worm","floor":1,"turns":6},{"damage":0,"enemies":"2 Louse","floor":2,"turns":3},{"damage":13,"enemies":"Small Slimes","floor":3,"turns":5},{"damage":8,"enemies":"3 Louse","floor":5,"turns":4},{"damage":11,"enemies":"3 Sentries","floor":6,"turns":7},{"damage":20,"enemies":"Lagavulin","floor":10,"turns":8},{"damage":17,"enemies":"2 Fungi Beasts","floor":12,"turns":3},{"damage":2,"enemies":"Exordium Wildlife","floor":14,"turns":3},{"damage":16,"enemies":"The Guardian","floor":16,"turns":9},{"damage":9,"enemies":"Spheric Guardian","floor":18,"turns":5},{"damage":32,"enemies":"Shell Parasite","floor":19,"turns":6},{"damage":18,"enemies":"Shelled Parasite and Fungi","floor":21,"turns":2}],"seed_played":"6115659051483175956","potions_obtained":[{"floor":1,"key":"SneckoOil"},{"floor":3,"key":"BlessingOfTheForge"},{"floor":10,"key":"BlessingOfTheForge"},{"floor":12,"key":"GamblersBrew"},{"floor":14,"key":"Weak Potion"},{"floor":16,"key":"Block Potion"},{"floor":18,"key":"Dexterity Potion"},{"floor":19,"key":"Swift Potion"}],"is_trial":false,"path_per_floor":["M","M","M","?","M","E","R","?","T","E","R","M","?","M","R","B",null,"M","M","?","M"],"character_chosen":"THE_SILENT","items_purchased":[],"campfire_rested":1,"item_purchase_floors":[],"current_hp_per_floor":[61,61,48,48,40,29,29,47,47,27,27,10,10,8,29,13,57,48,16,16,0,0],"gold":304,"neow_bonus":"TEN_PERCENT_HP_BONUS","is_daily":false,"chose_seed":false,"campfire_upgraded":2,"win_rate":0.0,"timestamp":1611151575,"path_taken":["M","M","M","?","M","E","R","?","T","E","R","M","?","M","R","BOSS","M","M","?","M"],"items_purchased_type":[],"build_version":"2020-12-22","purchased_purges":0,"victory":false,"max_hp_per_floor":[72,72,72,72,72,72,72,72,72,72,72,72,72,72,72,72,72,72,72,50,50,50],"relic_stats":{"Dream Catcher":0,"counters":[12,61],"Shuriken":[9],"Dead Branch":[10],"Kunai":[12],"obtain_stats":[{"Calling Bell":17,"Dream Catcher":17,"Shuriken":10,"Dead Branch":17,"Kunai":9,"Toxic Egg 2":17,"White Beast Statue":6,"Ring of the Snake":0},{"Calling Bell":9,"Dream Catcher":9,"Shuriken":6,"Dead Branch":9,"Kunai":5,"Toxic Egg 2":9,"White Beast Statue":5,"Ring of the Snake":0},{"Calling Bell":48,"Dream Catcher":48,"Shuriken":33,"Dead Branch":48,"Kunai":25,"Toxic Egg 2":48,"White Beast Statue":25,"Ring of the Snake":0}],"Ring of the Snake":[24]},"card_choices":[{"not_picked":["Concentrate","Deflect"],"picked":"Underhanded Strike","floor":1},{"not_picked":["Dash","Underhanded Strike"],"picked":"Noxious Fumes","floor":2},{"not_picked":["Blade Dance","Dagger Spray"],"picked":"Bane","floor":3},{"not_picked":["Flechettes","Riddle With Holes"],"picked":"Flying Knee","floor":5},{"not_picked":["Deadly Poison","Footwork"],"picked":"Poisoned Stab","floor":6},{"not_picked":["Slice","Blur"],"picked":"Infinite Blades","floor":10},{"not_picked":["Accuracy","Deflect"],"picked":"Noxious Fumes","floor":12},{"not_picked":["Flechettes","Outmaneuver","All Out Attack"],"picked":"SKIP","floor":14},{"not_picked":["Unload","Storm of Steel"],"picked":"Corpse Explosion","floor":16},{"not_picked":["Heel Hook+1","Escape Plan+1"],"picked":"Calculated Gamble+1","floor":18},{"not_picked":["Accuracy","Dash"],"picked":"Deadly Poison+1","floor":19}],"player_experience":421314,"relics_obtained":[{"floor":6,"key":"White Beast Statue"},{"floor":9,"key":"Kunai"},{"floor":10,"key":"Shuriken"},{"floor":17,"key":"Dream Catcher"},{"floor":17,"key":"Toxic Egg 2"},{"floor":17,"key":"Dead Branch"}],"event_choices":[{"damage_healed":0,"gold_gain":0,"player_choice":"Ignored","damage_taken":0,"max_hp_gain":0,"max_hp_loss":0,"event_name":"Liars Game","floor":4,"gold_loss":0},{"damage_healed":18,"gold_gain":0,"player_choice":"Healed","damage_taken":0,"max_hp_gain":0,"max_hp_loss":0,"event_name":"The Cleric","floor":8,"gold_loss":35},{"damage_healed":0,"gold_gain":0,"player_choice":"Searched \u00270\u0027 times","damage_taken":0,"max_hp_gain":0,"max_hp_loss":0,"event_name":"Dead Adventurer","floor":13,"gold_loss":0},{"damage_healed":0,"gold_gain":0,"player_choice":"Became a vampire","damage_taken":0,"max_hp_gain":0,"max_hp_loss":22,"event_name":"Vampires","floor":20,"gold_loss":0,"cards_obtained":["Bite","Bite","Bite","Bite","Bite"]}],"is_beta":false,"boss_relics":[{"not_picked":["Philosopher\u0027s Stone","SlaversCollar"],"picked":"Calling Bell"}],"items_purged_floors":[],"is_endless":false,"potions_floor_spawned":[1,3,10,12,14,16,18,19],"killed_by":"Shelled Parasite and Fungi","ascension_level":18}}