{"host":"s2k2cf2d36evfy1t","time":1611126697,"event":{"mods":["BaseMod","Minty Spire (QoL Compilation)","Quick Restart","StSLib"],"gold_per_floor":[118,132,151,151,172,213,213,213,213],"floor_reached":8,"language":"ENG","playtime":285,"items_purged":[],"score":78,"play_id":"3f85c9f3-0b80-4e4b-b451-c765a6c33fa6","local_time":"20210120101137","is_ascension_mode":true,"campfire_choices":[{"floor":7,"key":"REST"}],"circlet_count":0,"master_deck":["Strike_R","Strike_R","Strike_R","Strike_R","Strike_R","Defend_R","Defend_R","Defend_R","Defend_R","Bash","Perfected Strike","Thunderclap","Cleave","Perfected Strike","Shrug It Off"],"relics":["Burning Blood","Golden Idol","The Courier"],"acts_visited":["Exordium"],"potions_floor_usage":[5,5],"damage_taken":[{"damage":0,"enemies":"Small Slimes","floor":1,"turns":3},{"damage":7,"enemies":"Jaw Worm","floor":2,"turns":2},{"damage":2,"enemies":"2 Louse","floor":3,"turns":2},{"damage":40,"enemies":"Exordium Thugs","floor":5,"turns":6},{"damage":24,"enemies":"Gremlin Nob","floor":6,"turns":4},{"damage":35,"enemies":"3 Sentries","floor":8,"turns":4}],"seed_played":"2670785739116092333","potions_obtained":[{"floor":0,"key":"Swift Potion"},{"floor":0,"key":"ColorlessPotion"},{"floor":0,"key":"Ancient Potion"},{"floor":6,"key":"FearPotion"}],"is_trial":false,"path_per_floor":["M","M","M","?","M","E","R","E"],"character_chosen":"IRONCLAD","items_purchased":[],"campfire_rested":1,"item_purchase_floors":[],"current_hp_per_floor":[78,77,80,60,26,8,32,0,0],"gold":213,"neow_bonus":"THREE_SMALL_POTIONS","is_daily":false,"chose_seed":false,"campfire_upgraded":0,"win_rate":0.0,"timestamp":1611126697,"path_taken":["M","M","M","?","M","E","R","E"],"items_purchased_type":[],"build_version":"2020-12-22","purchased_purges":0,"victory":false,"max_hp_per_floor":[80,80,80,80,80,80,80,80,80],"card_choices":[{"not_picked":["Warcry","Anger"],"picked":"Perfected Strike","floor":1},{"not_picked":["Hemokinesis","Havoc"],"picked":"Thunderclap","floor":2},{"not_picked":["True Grit","Infernal Blade"],"picked":"Cleave","floor":3},{"not_picked":["Wild Strike","Shockwave"],"picked":"Perfected Strike","floor":5},{"not_picked":["Carnage","Brutality"],"picked":"Shrug It Off","floor":6}],"player_experience":230282,"relics_obtained":[{"floor":6,"key":"The Courier"}],"event_choices":[{"damage_healed":0,"gold_gain":0,"player_choice":"Take Damage","damage_taken":20,"relics_obtained":["Golden Idol"],"max_hp_gain":0,"max_hp_loss":0,"event_name":"Golden Idol","floor":4,"gold_loss":0}],"is_beta":false,"boss_relics":[],"items_purged_floors":[],"is_endless":false,"potions_floor_spawned":[2,3,6],"killed_by":"3 Sentries","ascension_level":7}}