{"host":"7f01flv6y0vhl3vt","time":1611179732,"event":{"mods":["Act Like it!","BaseMod","Downfall","Minty Spire (QoL Compilation)","StSLib"],"gold_per_floor":[99,118,132,132,147,147,147,47,60,60,72,72,91,91,111,111,111,111],"floor_reached":16,"language":"ENG","playtime":5011,"items_purged":[],"score":119,"play_id":"1fa43988-ecb2-45e9-8959-a3cb1db8f27b","local_time":"20210120165532","is_ascension_mode":false,"campfire_choices":[{"floor":1,"key":"RECALL"},{"floor":10,"key":"REST"}],"circlet_count":0,"master_deck":["Guardian:Strike_Guardian","Guardian:Strike_Guardian","Guardian:Strike_Guardian","Guardian:Defend_Guardian","Guardian:Defend_Guardian","Guardian:Defend_Guardian","Guardian:Defend_Guardian","Guardian:CurlUp","Guardian:TwinSlam","Guardian:ArmoredProtocol","Guardian:CrystalBeam","Guardian:VentSteam","Guardian:StasisStrike+1","Guardian:Preprogram","Guardian:RefractedBeam","Guardian:Planning"],"relics":["Guardian:ModeShifter","Guardian:PickAxe","downfall:HeartBlessingBlue"],"acts_visited":["Exordium"],"potions_floor_usage":[16,16],"damage_taken":[{"damage":11,"enemies":"Jaw Worm","floor":2,"turns":5},{"damage":6,"enemies":"2 Louse","floor":3,"turns":3},{"damage":9,"enemies":"Cultist","floor":5,"turns":4},{"damage":11,"enemies":"Exordium Wildlife","floor":9,"turns":6},{"damage":0,"enemies":"2 Fungi Beasts","floor":11,"turns":4},{"damage":13,"enemies":"Red Slaver","floor":13,"turns":4},{"damage":11,"enemies":"Exordium Wildlife","floor":15,"turns":4},{"damage":72,"enemies":"WA_ARCHETYPE_RETAIN","floor":16,"turns":10}],"seed_played":"-2786626987889730770","potions_obtained":[{"floor":3,"key":"Weak Potion"},{"floor":9,"key":"SkillPotion"}],"is_trial":false,"path_per_floor":["R","M","M","?","M","?","T","R","M","R","M","?","M","?","M","B"],"character_chosen":"GUARDIAN","items_purchased":[],"campfire_rested":1,"item_purchase_floors":[],"current_hp_per_floor":[88,77,71,71,62,62,62,72,61,90,90,95,82,82,71,0,0,0],"gold":111,"neow_bonus":"TEN_PERCENT_HP_BONUS","is_daily":false,"chose_seed":false,"campfire_upgraded":0,"win_rate":0.0,"timestamp":1611179732,"path_taken":["R","M","M","?","M","?","T","R","?","R","M","?","M","?","M","BOSS"],"items_purchased_type":[],"build_version":"2020-12-22","purchased_purges":0,"victory":false,"max_hp_per_floor":[88,88,88,88,88,88,88,98,98,98,98,103,103,103,103,103,103,103],"card_choices":[{"not_picked":["Guardian:VentSteam","Guardian:Reroute"],"picked":"Guardian:ArmoredProtocol","floor":2},{"not_picked":["Guardian:Suspension","Guardian:TemporalStrike"],"picked":"Guardian:CrystalBeam","floor":3},{"not_picked":["Guardian:Gem_Green","Guardian:Recover"],"picked":"Guardian:VentSteam","floor":5},{"not_picked":["Guardian:PiercingHide","Guardian:ShieldSpikes"],"picked":"Guardian:StasisStrike","floor":9},{"not_picked":["Guardian:Planning","Guardian:EvasiveProtocol"],"picked":"Guardian:Preprogram","floor":11},{"not_picked":["Guardian:ShieldCharger","Guardian:Planning"],"picked":"Guardian:RefractedBeam","floor":13},{"not_picked":["Guardian:PrimingBeam","Guardian:CrystalBeam"],"picked":"Guardian:Planning","floor":15}],"player_experience":1329670,"relics_obtained":[],"event_choices":[{"damage_healed":0,"gold_gain":0,"player_choice":"Donut","damage_taken":0,"max_hp_gain":5,"max_hp_loss":0,"event_name":"Big Fish","floor":12,"gold_loss":0}],"is_beta":false,"boss_relics":[],"items_purged_floors":[],"is_endless":false,"potions_floor_spawned":[3,9],"killed_by":"WA_ARCHETYPE_RETAIN","ascension_level":0}}