{"host":"vpaavrwbmey593fx","time":1611175706,"event":{"mods":["AchievementEnabler","BaseMod","Bestiary","Colored Map","Colored Powertips","DeckTracker","Minty Spire (QoL Compilation)","Relic Sorter"],"gold_per_floor":[118,138,151,162,162,177,177,177,203,203,218,238,251,176,176,273,273,285,285,255,269,281,281,281,281],"floor_reached":24,"language":"ENG","playtime":1916,"items_purged":["Strike_P"],"score":223,"play_id":"74288b09-c3af-4db5-9b61-c21e688345a9","local_time":"20210120124826","is_ascension_mode":true,"campfire_choices":[{"data":"Eruption","floor":7,"key":"SMITH"},{"data":"Worship","floor":10,"key":"SMITH"},{"data":"Wallop","floor":15,"key":"SMITH"},{"data":"Vault","floor":23,"key":"SMITH"}],"circlet_count":0,"master_deck":["Strike_P","Strike_P","Strike_P","Defend_P","Defend_P","Defend_P","Defend_P+1","Eruption+1","Vigilance+1","Consecrate","Worship+1","Wallop+1","CutThroughFate","Wireheading","Vault+1","FlurryOfBlows+1","ThirdEye"],"relics":["VioletLotus","War Paint","Orichalcum","Black Star"],"acts_visited":["Exordium","TheCity"],"potions_floor_usage":[16,20],"damage_taken":[{"damage":2,"enemies":"Jaw Worm","floor":1,"turns":5},{"damage":0,"enemies":"Small Slimes","floor":2,"turns":3},{"damage":21,"enemies":"Cultist","floor":3,"turns":4},{"damage":2,"enemies":"2 Fungi Beasts","floor":4,"turns":4},{"damage":18,"enemies":"Large Slime","floor":6,"turns":6},{"damage":8,"enemies":"Lots of Slimes","floor":11,"turns":4},{"damage":0,"enemies":"3 Louse","floor":12,"turns":3},{"damage":13,"enemies":"Exordium Thugs","floor":13,"turns":5},{"damage":12,"enemies":"Hexaghost","floor":16,"turns":7},{"damage":0,"enemies":"Spheric Guardian","floor":18,"turns":4},{"damage":4,"enemies":"2 Thieves","floor":20,"turns":2},{"damage":34,"enemies":"Snake Plant","floor":21,"turns":3},{"damage":7,"enemies":"Cultist and Chosen","floor":22,"turns":7},{"damage":33,"enemies":"Book of Stabbing","floor":24,"turns":4}],"seed_played":"2564178288814136586","potions_obtained":[{"floor":4,"key":"LiquidBronze"},{"floor":11,"key":"EssenceOfSteel"},{"floor":12,"key":"ColorlessPotion"},{"floor":13,"key":"Energy Potion"},{"floor":16,"key":"SmokeBomb"}],"is_trial":false,"path_per_floor":["M","M","M","M","?","M","R","?","T","R","M","M","M","$","R","B",null,"M","?","M","M","M","R","E"],"character_chosen":"WATCHER","items_purchased":[],"campfire_rested":0,"item_purchase_floors":[],"current_hp_per_floor":[70,70,49,47,71,53,53,46,46,46,38,38,25,25,25,13,72,72,72,68,34,27,27,0,0],"gold":281,"neow_bonus":"BOSS_RELIC","is_daily":false,"chose_seed":false,"campfire_upgraded":4,"win_rate":0.0,"timestamp":1611175706,"path_taken":["M","M","M","M","?","M","R","?","T","R","M","?","M","$","R","BOSS","M","?","M","M","M","R","E"],"items_purchased_type":[],"build_version":"2020-12-22","purchased_purges":1,"victory":false,"max_hp_per_floor":[72,72,72,72,72,72,72,72,72,72,72,72,72,72,72,72,72,72,72,72,72,72,72,72,72],"card_choices":[{"not_picked":["FlyingSleeves","CrushJoints"],"picked":"Consecrate","floor":1},{"not_picked":["WreathOfFlame","JustLucky"],"picked":"Worship","floor":2},{"not_picked":["Perseverance","FlurryOfBlows","FlyingSleeves"],"picked":"SKIP","floor":3},{"not_picked":["CrushJoints","Omniscience","Prostrate"],"picked":"SKIP","floor":4},{"not_picked":["WreathOfFlame","Halt"],"picked":"Wallop","floor":6},{"not_picked":["Halt","Protect"],"picked":"CutThroughFate","floor":11},{"not_picked":["ClearTheMind","FollowUp"],"picked":"Wireheading","floor":12},{"not_picked":["Wallop","CutThroughFate","ClearTheMind"],"picked":"SKIP","floor":13},{"not_picked":["LessonLearned","Alpha"],"picked":"Vault","floor":16},{"not_picked":["CutThroughFate","Protect"],"picked":"FlurryOfBlows+1","floor":18},{"not_picked":["FlyingSleeves+1","Evaluate","Consecrate"],"picked":"SKIP","floor":21},{"not_picked":["CutThroughFate+1","CarveReality+1"],"picked":"ThirdEye","floor":22}],"player_experience":226163,"relics_obtained":[{"floor":9,"key":"Orichalcum"}],"event_choices":[{"damage_healed":24,"gold_gain":0,"player_choice":"Banana","damage_taken":0,"max_hp_gain":0,"max_hp_loss":0,"event_name":"Big Fish","floor":5,"gold_loss":0},{"damage_healed":0,"gold_gain":0,"player_choice":"Success","damage_taken":7,"relics_obtained":["War Paint"],"max_hp_gain":0,"max_hp_loss":0,"event_name":"Scrap Ooze","floor":8,"gold_loss":0},{"damage_healed":0,"gold_gain":0,"player_choice":"Ignored","damage_taken":0,"max_hp_gain":0,"max_hp_loss":0,"event_name":"Vampires","floor":19,"gold_loss":0}],"is_beta":false,"boss_relics":[{"not_picked":["Empty Cage","Fusion Hammer"],"picked":"Black Star"}],"items_purged_floors":[14],"is_endless":false,"potions_floor_spawned":[4,11,12,13,16,20],"killed_by":"Book of Stabbing","ascension_level":3}}