{"host":"cdel65b26c76bdk4","time":1611170771,"event":{"mods":["BaseMod","Bestiary","Colored Map","Colored Powertips","Highlight Path","Minty Spire (QoL Compilation)","Quick Restart","Random Character Button","Relic Stats"],"gold_per_floor":[115,48,48,48,64,64,96,96,96,7,20,49,49,63,63,161,161,171,96,19,36,36,36,36],"floor_reached":23,"language":"ENG","playtime":1108,"items_purged":[],"score":236,"play_id":"fa7945ba-ef73-4564-81f1-d81008d9081e","local_time":"20210120132611","is_ascension_mode":true,"campfire_choices":[{"data":"Machine Learning","floor":6,"key":"SMITH"},{"floor":8,"key":"REST"},{"floor":15,"key":"REST"}],"circlet_count":0,"master_deck":["Strike_B+1","Strike_B+1","Strike_B+1","Defend_B","Defend_B","Defend_B","Defend_B","Zap","Dualcast","Machine Learning+1","Capacitor","Self Repair","Cold Snap+1","White Noise","Defragment","Redo","Coolheaded","Echo Form","Self Repair","Chaos+1"],"relics":["Cracked Core","Toy Ornithopter","Anchor","Whetstone","FaceOfCleric","SlaversCollar"],"acts_visited":["Exordium","TheCity"],"potions_floor_usage":[12,14,14,16,19,23],"damage_taken":[{"damage":2,"enemies":"Jaw Worm","floor":1,"turns":3},{"damage":4,"enemies":"Small Slimes","floor":5,"turns":5},{"damage":33,"enemies":"Lagavulin","floor":7,"turns":8},{"damage":5,"enemies":"Cultist","floor":11,"turns":4},{"damage":32,"enemies":"Gremlin Nob","floor":12,"turns":4},{"damage":27,"enemies":"Gremlin Gang","floor":14,"turns":4},{"damage":37,"enemies":"The Guardian","floor":16,"turns":13},{"damage":38,"enemies":"3 Byrds","floor":18,"turns":6},{"damage":7,"enemies":"2 Thieves","floor":19,"turns":5},{"damage":28,"enemies":"Centurion and Healer","floor":21,"turns":12},{"damage":26,"enemies":"Sentry and Sphere","floor":23,"turns":5}],"seed_played":"3049465372606963730","potions_obtained":[{"floor":1,"key":"PotionOfCapacity"},{"floor":5,"key":"PowerPotion"},{"floor":12,"key":"BlessingOfTheForge"},{"floor":16,"key":"Dexterity Potion"},{"floor":21,"key":"Block Potion"}],"is_trial":false,"path_per_floor":["M","$","?","?","M","R","E","R","T","$","M","E","?","M","R","B",null,"M","M","$","M","?","M"],"character_chosen":"DEFECT","items_purchased":["Self Repair","Defragment","Energy Potion","Self Repair"],"campfire_rested":2,"item_purchase_floors":[2,10,10,20],"current_hp_per_floor":[66,66,59,45,48,48,22,42,42,42,44,24,24,18,38,14,70,40,46,46,33,20,0,0],"gold":36,"neow_bonus":"THREE_RARE_CARDS","is_daily":false,"chose_seed":false,"campfire_upgraded":1,"win_rate":0.0,"timestamp":1611170771,"path_taken":["M","$","?","?","M","R","E","R","T","$","M","E","?","?","R","BOSS","M","?","$","M","?","M"],"items_purchased_type":["Card","Card","Potion","Card"],"build_version":"2020-12-22","purchased_purges":0,"victory":false,"max_hp_per_floor":[68,68,68,68,68,68,68,68,68,68,68,68,68,69,69,70,70,71,72,72,73,78,78,78],"relic_stats":{"FaceOfCleric":5,"counters":[11,69],"Whetstone":["Cold Snap","Strike_B"],"obtain_stats":[{"SlaversCollar":17,"Anchor":9,"FaceOfCleric":13,"Whetstone":12,"Cracked Core":0,"Toy Ornithopter":7},{"SlaversCollar":7,"Anchor":3,"FaceOfCleric":5,"Whetstone":5,"Cracked Core":0,"Toy Ornithopter":3},{"SlaversCollar":41,"Anchor":16,"FaceOfCleric":24,"Whetstone":24,"Cracked Core":0,"Toy Ornithopter":16}],"Toy Ornithopter":30},"card_choices":[{"not_picked":["Meteor Strike","Seek"],"picked":"Machine Learning","floor":0},{"not_picked":["Coolheaded","Go for the Eyes"],"picked":"Capacitor","floor":1},{"not_picked":["Go for the Eyes","Meteor Strike"],"picked":"Cold Snap","floor":5},{"not_picked":["Steam","Tempest"],"picked":"White Noise","floor":7},{"not_picked":["Beam Cell","Rebound","Gash"],"picked":"SKIP","floor":11},{"not_picked":["Beam Cell","Rip and Tear"],"picked":"Redo","floor":12},{"not_picked":["Barrage","Streamline"],"picked":"Coolheaded","floor":14},{"not_picked":["Seek","Multi-Cast"],"picked":"Echo Form","floor":16},{"not_picked":["Sunder","Hologram+1","Cold Snap+1"],"picked":"SKIP","floor":18},{"not_picked":["Hologram","Cold Snap","Streamline"],"picked":"SKIP","floor":19},{"not_picked":["Redo","Beam Cell"],"picked":"Chaos+1","floor":21}],"player_experience":508157,"relics_obtained":[{"floor":7,"key":"Toy Ornithopter"},{"floor":9,"key":"Anchor"},{"floor":12,"key":"Whetstone"}],"event_choices":[{"cards_removed":["Strike_B"],"damage_healed":0,"gold_gain":0,"player_choice":"Card Removal","damage_taken":7,"max_hp_gain":0,"max_hp_loss":0,"event_name":"Golden Wing","floor":3,"gold_loss":0},{"damage_healed":0,"gold_gain":0,"player_choice":"Entered Light","damage_taken":14,"max_hp_gain":0,"max_hp_loss":0,"event_name":"Shining Light","floor":4,"gold_loss":0,"cards_upgraded":["Strike_B","Strike_B"]},{"damage_healed":0,"gold_gain":0,"player_choice":"Trade","damage_taken":0,"relics_obtained":["FaceOfCleric"],"max_hp_gain":0,"max_hp_loss":0,"event_name":"FaceTrader","floor":13,"gold_loss":0},{"damage_healed":0,"gold_gain":0,"player_choice":"Shed Blood","damage_taken":18,"max_hp_gain":5,"max_hp_loss":0,"event_name":"Forgotten Altar","floor":22,"gold_loss":0}],"is_beta":false,"boss_relics":[{"not_picked":["Astrolabe","Runic Dome"],"picked":"SlaversCollar"}],"items_purged_floors":[],"is_endless":false,"potions_floor_spawned":[1,5,12,16,21],"killed_by":"Sentry and Sphere","ascension_level":4}}