{"host":"s9dep4x43c14s74h","time":1611172142,"event":{"mods":["BaseMod","Downfall","Gremlin Mod","Hermit","HololiveMod","Jorbs\u0027s Wanderer Trilogy","Lobotomy","Marisa????????","Minty Spire (QoL Compilation)","StSLib","The Animator","The Bug Knight","The Construct","The Cursed","The Necromancer","The Runesmith","The Servant 0.9.4"],"gold_per_floor":[99,99,199,199,199,210,237,262,275,294,313,345,358,375,385,485,485,285,305,40,58,158,185,185,185,199,216,243,243,243,260,280,280,280,280],"floor_reached":33,"language":"RUS","playtime":6391,"items_purged":[],"score":306,"play_id":"08110603-a369-4658-9de4-275c54f64641","local_time":"20210120224902","is_ascension_mode":false,"campfire_choices":[{"data":"champ:Taunt","floor":1.0,"key":"SMITH"},{"data":"champ:LastStand","floor":18.0,"key":"SMITH"},{"data":"champ:StanceDance","floor":25.0,"key":"SMITH"},{"floor":29.0,"key":"REST"}],"circlet_count":1,"master_deck":["champ:Strike","champ:Strike","champ:Strike","champ:Strike","champ:Defend","champ:Defend","champ:Defend","champ:Defend","champ:Execute","champ:Taunt+1","champ:Shatter","champ:FaceSlap","champ:StanceDance+1","champ:BringItOn","Madness","champ:ShieldWall","champ:FaceSlap","champ:SkillfulDodge","champ:Encircle","champ:LastStand+1","champ:Backstep","champ:RecklessLeap","champ:PreciseThrust","champ:FaceSlap+1","Pride","champ:Devastate","champ:RecklessLeap+1"],"relics":["champ:ChampionCrown","Unceasing Top","Gambling Chip","Toy Ornithopter","Circlet","construct:WeddingRing","downfall:HeartBlessingGreen","downfall:HeartBlessingBlue","Shuriken","Vajra","Sundial"],"acts_visited":["Exordium","TheCity"],"potions_floor_usage":[33],"damage_taken":[{"damage":13.0,"enemies":"Jaw Worm","floor":6.0,"turns":6.0},{"damage":61.0,"enemies":"Lagavulin","floor":8.0,"turns":8.0},{"damage":0.0,"enemies":"2 Louse","floor":9.0,"turns":2.0},{"damage":8.0,"enemies":"Small Slimes","floor":10.0,"turns":5.0},{"damage":0.0,"enemies":"Exordium Thugs","floor":11.0,"turns":3.0},{"damage":19.0,"enemies":"Gremlin Nob","floor":12.0,"turns":3.0},{"damage":9.0,"enemies":"2 Fungi Beasts","floor":13.0,"turns":3.0},{"damage":0.0,"enemies":"Blue Slaver","floor":14.0,"turns":4.0},{"damage":15.0,"enemies":"3 Louse","floor":15.0,"turns":4.0},{"damage":44.0,"enemies":"WA_ARCHETYPE_RETAIN","floor":16.0,"turns":8.0},{"damage":25.0,"enemies":"Centurion and Healer","floor":19.0,"turns":7.0},{"damage":25.0,"enemies":"downfall:FleeingMerchant","floor":20.0,"turns":4.0},{"damage":18.0,"enemies":"Snake Plant","floor":21.0,"turns":4.0},{"damage":39.0,"enemies":"HollowMod:Nosk","floor":23.0,"turns":8.0},{"damage":24.0,"enemies":"3 Cultists","floor":26.0,"turns":3.0},{"damage":46.0,"enemies":"Centurion and Healer","floor":27.0,"turns":5.0},{"damage":35.0,"enemies":"Cultist and Chosen","floor":31.0,"turns":8.0},{"damage":14.0,"enemies":"Chosen and Byrds","floor":32.0,"turns":4.0},{"damage":61,"enemies":"DF_ARCHETYPE_CLAW","floor":33,"turns":5}],"seed_played":"2657422762239823655","potions_obtained":[{"floor":10.0,"key":"ColorlessPotion"},{"floor":13.0,"key":"Guardian:BlockOnCardUsePotion"},{"floor":14.0,"key":"SpeedPotion"},{"floor":15.0,"key":"PowerPotion"},{"floor":19.0,"key":"Energy Potion"},{"floor":23.0,"key":"construct:ShiftPotion"},{"floor":31.0,"key":"Swift Potion"},{"floor":32.0,"key":"hexamod:SoulburnPotion"}],"is_trial":false,"path_per_floor":["R","?","?","?","T","M","T","E","M","M","M","E","M","M","M","B",null,"R","M","$","M","?","E","T","R","M","M","T","R","?","M","M","B"],"character_chosen":"THE_CHAMP","items_purchased":["Shuriken"],"campfire_rested":1,"item_purchase_floors":[20],"current_hp_per_floor":[99,99,99,96,96,96,96,50,50,50,55,41,37,42,41,12,99,109,99,94,81,81,67,67,67,63,27,27,59,59,34,35,0,0,0],"gold":280,"neow_bonus":"TEN_PERCENT_HP_BONUS","is_daily":false,"chose_seed":false,"campfire_upgraded":3,"win_rate":0.0,"timestamp":1611172142,"path_taken":["R","?","?","?","?","M","T","E","?","M","M","E","M","M","M","BOSS","R","M","$","M","?","E","T","R","M","?","?","R","?","M","M","BOSS"],"items_purchased_type":["Relic"],"build_version":"2020-12-22","purchased_purges":0,"victory":false,"max_hp_per_floor":[99,99,99,99,99,99,99,99,99,99,99,99,99,99,99,99,99,109,109,109,109,109,109,109,109,109,109,109,109,109,109,109,109,109,109],"card_choices":[{"not_picked":["champ:Haymaker","champ:ShieldWall"],"picked":"champ:Shatter","floor":6.0},{"not_picked":["champ:Encircle","champ:CrookedStrike"],"picked":"champ:FaceSlap","floor":8.0},{"not_picked":["champ:DefensiveShout","champ:GladiatorsShout"],"picked":"champ:StanceDance","floor":9.0},{"not_picked":["champ:FlashCut","champ:PerfectForm"],"picked":"champ:BringItOn","floor":10.0},{"not_picked":["champ:FlashCut","champ:ViciousMockery"],"picked":"champ:Control","floor":11.0},{"not_picked":["champ:EnGarde","champ:Backstep"],"picked":"champ:ShieldWall","floor":12.0},{"not_picked":["champ:BerserkersShout","champ:Circumvent"],"picked":"champ:FaceSlap","floor":13.0},{"not_picked":["champ:FanOfKnives","champ:Aggression"],"picked":"champ:SkillfulDodge","floor":14.0},{"not_picked":["champ:GladiatorStyle","champ:StanceDance"],"picked":"champ:Encircle","floor":15.0},{"not_picked":["champ:CheapShot","champ:TripleStrike"],"picked":"champ:LastStand","floor":16.0},{"not_picked":["champ:FanOfKnives","champ:Haymaker"],"picked":"champ:Backstep","floor":19.0},{"not_picked":["champ:CrownThrow","champ:BerserkersShout+1"],"picked":"champ:RecklessLeap","floor":20.0},{"not_picked":["champ:VampiricStrike","champ:Endure+1"],"picked":"champ:PreciseThrust","floor":21.0},{"not_picked":["champ:StanceDance","champ:Backstep+1","champ:PreemptiveStrike+1"],"picked":"SKIP","floor":23.0},{"not_picked":["champ:RapidStrikes+1","champ:BringItOn+1"],"picked":"champ:FaceSlap+1","floor":26.0},{"not_picked":["champ:Circumvent","champ:Shatter","champ:BladeFlurry"],"picked":"SKIP","floor":27.0},{"not_picked":["champ:AdrenalArmor","champ:PreemptiveStrike"],"picked":"champ:Devastate","floor":31.0},{"not_picked":["champ:FancyFootwork","champ:BringItOn"],"picked":"champ:RecklessLeap+1","floor":32.0}],"player_experience":879141,"relics_obtained":[{"floor":5.0,"key":"Gambling Chip"},{"floor":8.0,"key":"Toy Ornithopter"},{"floor":12.0,"key":"Replay:Bottled Steam"},{"floor":23.0,"key":"Circlet"},{"floor":24.0,"key":"Circlet"},{"floor":28.0,"key":"Vajra"}],"event_choices":[{"damage_healed":0.0,"max_hp_gain":0.0,"max_hp_loss":0.0,"gold_gain":0.0,"event_name":"Scrap Ooze","player_choice":"Success","floor":4.0,"gold_loss":0.0,"damage_taken":3.0,"relics_obtained":["Unceasing Top"]},{"damage_healed":0.0,"max_hp_gain":0.0,"max_hp_loss":0.0,"gold_gain":0.0,"event_name":"Addict","player_choice":"Stole Relic","floor":30.0,"gold_loss":0.0,"damage_taken":0.0,"relics_obtained":["Sundial"],"cards_obtained":["Pride"]}],"is_beta":false,"boss_relics":[{"not_picked":["Hololive_Finger","Fusion Hammer"],"picked":"construct:WeddingRing"}],"items_purged_floors":[],"is_endless":false,"potions_floor_spawned":[10,13,14,15,19,23,31,32],"killed_by":"DF_ARCHETYPE_CLAW","ascension_level":0}}