{"host":"v9oq5ccz01n9mezq","time":1611106235,"event":{"mods":["BaseMod","Colored Map","Minty Spire (QoL Compilation)"],"gold_per_floor":[115,129,146,0,0,0,25,25,25,38,38,38,66,83,83,182,182,198,198,216,291,49,49,77,94,169,169,204,119,130,130,130],"floor_reached":31,"language":"ENG","playtime":2027,"items_purged":[],"score":339,"play_id":"59465d43-4cbd-4160-92c5-7bc0f37967e3","local_time":"20210119203035","is_ascension_mode":true,"campfire_choices":[{"data":"CrushJoints","floor":6.0,"key":"SMITH"},{"data":"Protect","floor":11.0,"key":"SMITH"},{"data":"Evaluate","floor":15.0,"key":"SMITH"},{"data":"BattleHymn","floor":23,"key":"SMITH"},{"floor":27,"key":"REST"}],"circlet_count":0,"master_deck":["Strike_P","Strike_P","Strike_P","Strike_P","Defend_P","Defend_P","Defend_P","Eruption+1","Vigilance","Evaluate+1","CrushJoints+1","JustLucky","ConjureBlade+1","Protect+1","Consecrate","Conclude","Brilliance","Prostrate","Necronomicurse","BattleHymn+1","Trip","Prostrate","ForeignInfluence","ReachHeaven+1","JustLucky+1"],"relics":["PureWater","OrangePellets","Calipers","Torii","Blue Candle","Potion Belt","VioletLotus","Necronomicon","Frozen Eye","Vajra","Question Card","Peace Pipe","Gremlin Horn"],"acts_visited":["Exordium","TheCity"],"potions_floor_usage":[20,24,24,30,30,30],"damage_taken":[{"damage":0.0,"enemies":"Jaw Worm","floor":1.0,"turns":3.0},{"damage":4.0,"enemies":"Small Slimes","floor":2.0,"turns":5.0},{"damage":0.0,"enemies":"Cultist","floor":3.0,"turns":2.0},{"damage":0.0,"enemies":"Gremlin Nob","floor":7.0,"turns":2.0},{"damage":0.0,"enemies":"2 Fungi Beasts","floor":10.0,"turns":2.0},{"damage":4.0,"enemies":"3 Sentries","floor":13.0,"turns":6.0},{"damage":1.0,"enemies":"Blue Slaver","floor":14.0,"turns":3.0},{"damage":43.0,"enemies":"The Guardian","floor":16.0,"turns":12.0},{"damage":2,"enemies":"Shell Parasite","floor":18,"turns":4},{"damage":8,"enemies":"2 Thieves","floor":20,"turns":4},{"damage":1,"enemies":"Gremlin Leader","floor":24,"turns":4},{"damage":19,"enemies":"Sentry and Sphere","floor":25,"turns":4},{"damage":16,"enemies":"Slavers","floor":28,"turns":4},{"damage":14,"enemies":"Snake Plant","floor":30,"turns":3},{"damage":12,"enemies":"Gremlin Leader","floor":31,"turns":1}],"seed_played":"8218616860145670111","potions_obtained":[{"floor":2.0,"key":"FearPotion"},{"floor":7.0,"key":"BottledMiracle"},{"floor":14.0,"key":"SpeedPotion"},{"floor":16.0,"key":"GamblersBrew"},{"floor":18,"key":"EssenceOfSteel"},{"floor":24,"key":"ColorlessPotion"},{"floor":28,"key":"Weak Potion"}],"is_trial":false,"path_per_floor":["M","M","M","$","?","R","E","?","T","M","R","?","E","M","R","B",null,"M","?","M","?","$","R","E","M","T","R","E","?","M","E"],"character_chosen":"WATCHER","items_purchased":["OrangePellets","Frozen Eye","Trip"],"campfire_rested":1,"item_purchase_floors":[4,22,22],"current_hp_per_floor":[72,68,68,68,61,61,61,61,61,61,61,49,45,44,44,1,72,70,54,46,39,39,39,38,19,19,40,24,24,10,0,0],"gold":130,"neow_bonus":"UPGRADE_CARD","is_daily":false,"chose_seed":false,"campfire_upgraded":4,"win_rate":0.0,"timestamp":1611106235,"path_taken":["M","M","M","$","?","R","E","?","T","M","R","?","E","M","R","BOSS","M","?","M","?","$","R","E","?","T","R","E","?","M","E"],"items_purchased_type":["Relic","Relic","Card"],"build_version":"2020-12-22","purchased_purges":0,"victory":false,"max_hp_per_floor":[72,72,72,72,72,72,72,72,72,72,72,72,72,72,72,72,72,72,72,72,72,72,72,72,72,72,72,72,72,72,72,72],"card_choices":[{"not_picked":["BowlingBash","Vengeance"],"picked":"Evaluate","floor":1.0},{"not_picked":["ThirdEye","Wallop"],"picked":"CrushJoints","floor":2.0},{"not_picked":["Weave","Wireheading"],"picked":"JustLucky","floor":3.0},{"not_picked":["Crescendo","FlurryOfBlows"],"picked":"ConjureBlade","floor":7.0},{"not_picked":["InnerPeace","CutThroughFate"],"picked":"Protect","floor":10.0},{"not_picked":["WindmillStrike","EmptyBody"],"picked":"Consecrate","floor":13.0},{"not_picked":["InnerPeace","Study"],"picked":"Conclude","floor":14.0},{"not_picked":["SpiritShield","Omniscience"],"picked":"Brilliance","floor":16.0},{"not_picked":["Protect","FlyingSleeves"],"picked":"Prostrate","floor":18},{"not_picked":["SashWhip","Protect"],"picked":"BattleHymn","floor":20},{"not_picked":["Consecrate","Fasting2"],"picked":"Prostrate","floor":24},{"not_picked":["Evaluate","Vengeance"],"picked":"ForeignInfluence","floor":25},{"not_picked":["FollowUp","CrushJoints","SpiritShield"],"picked":"ReachHeaven+1","floor":28},{"not_picked":["PathToVictory+1","CrushJoints","FollowUp"],"picked":"JustLucky+1","floor":30}],"player_experience":99977,"relics_obtained":[{"floor":7.0,"key":"Calipers"},{"floor":9.0,"key":"Torii"},{"floor":13.0,"key":"Potion Belt"},{"floor":19,"key":"Necronomicon"},{"floor":24,"key":"Vajra"},{"floor":26,"key":"Question Card"},{"floor":28,"key":"Peace Pipe"}],"event_choices":[{"cards_removed":["Defend_P"],"damage_healed":0.0,"max_hp_gain":0.0,"max_hp_loss":0.0,"gold_gain":0.0,"event_name":"Golden Wing","player_choice":"Card Removal","floor":5.0,"gold_loss":0.0,"damage_taken":7.0},{"damage_healed":0.0,"max_hp_gain":0.0,"max_hp_loss":0.0,"gold_gain":0.0,"event_name":"Living Wall","player_choice":"Grow","floor":8.0,"gold_loss":0.0,"damage_taken":0.0,"cards_upgraded":["ConjureBlade"]},{"damage_healed":0.0,"max_hp_gain":0.0,"max_hp_loss":0.0,"gold_gain":0.0,"event_name":"Scrap Ooze","player_choice":"Success","floor":12.0,"gold_loss":0.0,"damage_taken":12.0,"relics_obtained":["Blue Candle"]},{"damage_healed":0,"gold_gain":0,"player_choice":"Obtained Book","damage_taken":16,"max_hp_gain":0,"max_hp_loss":0,"event_name":"Cursed Tome","floor":19,"gold_loss":0},{"damage_healed":0,"gold_gain":75,"player_choice":"Touch","damage_taken":7,"max_hp_gain":0,"max_hp_loss":0,"event_name":"FaceTrader","floor":21,"gold_loss":0},{"damage_healed":0,"gold_gain":0,"player_choice":"Obtained Relic","damage_taken":0,"relics_obtained":["Gremlin Horn"],"max_hp_gain":0,"max_hp_loss":0,"event_name":"Addict","floor":29,"gold_loss":85}],"is_beta":false,"boss_relics":[{"not_picked":["Cursed Key","Sozu"],"picked":"VioletLotus"}],"items_purged_floors":[],"is_endless":false,"potions_floor_spawned":[2,7,14,16,18,24,28],"killed_by":"Gremlin Leader","ascension_level":2}}