{"host":"f0gpob8hq9vgebej","time":1611160146,"event":{"mods":["AchievementEnabler","BaseMod","Minty Spire (QoL Compilation)","Quick Restart","SuperFastMode"],"gold_per_floor":[116,130,140,159,159,202,202,152,152,152,165,26,62,81,81,81,81],"floor_reached":16,"language":"KOR","playtime":276,"items_purged":[],"score":179,"play_id":"01e4aa0b-a694-4446-9f02-2d6bad83b2aa","local_time":"20210121012906","is_ascension_mode":true,"campfire_choices":[{"floor":7.0,"key":"REST"},{"data":"Demon Form","floor":15,"key":"SMITH"}],"circlet_count":0,"master_deck":["AscendersBane","Strike_R","Strike_R","Strike_R","Strike_R","Defend_R","Defend_R","Defend_R","Defend_R","Bash","Wild Strike","Shockwave","Pummel","Evolve","Wild Strike","Demon Form+1","Shrug It Off"],"relics":["Burning Blood","Golden Idol","Darkstone Periapt","Question Card","Meat on the Bone"],"acts_visited":["Exordium"],"potions_floor_usage":[14],"damage_taken":[{"damage":12.0,"enemies":"Jaw Worm","floor":1.0,"turns":4.0},{"damage":1.0,"enemies":"2 Louse","floor":2.0,"turns":3.0},{"damage":10.0,"enemies":"Small Slimes","floor":3.0,"turns":4.0},{"damage":19.0,"enemies":"Exordium Wildlife","floor":4.0,"turns":8.0},{"damage":30.0,"enemies":"Lagavulin","floor":6.0,"turns":5.0},{"damage":11.0,"enemies":"Red Slaver","floor":11.0,"turns":4.0},{"damage":20.0,"enemies":"Gremlin Nob","floor":13.0,"turns":4.0},{"damage":7,"enemies":"3 Louse","floor":14,"turns":5},{"damage":35,"enemies":"Hexaghost","floor":16,"turns":9}],"seed_played":"7993198475312048386","potions_obtained":[{"floor":2.0,"key":"SteroidPotion"},{"floor":6.0,"key":"Swift Potion"},{"floor":11.0,"key":"Swift Potion"},{"floor":14,"key":"Ancient Potion"}],"is_trial":false,"path_per_floor":["M","M","M","M","?","E","R","?","T","?","M","$","E","M","R","B"],"character_chosen":"IRONCLAD","items_purchased":["Demon Form"],"campfire_rested":1,"item_purchase_floors":[12],"current_hp_per_floor":[74,79,75,62,40,16,42,42,42,42,37,37,23,34,34,0,0],"gold":81,"neow_bonus":"TEN_PERCENT_HP_BONUS","is_daily":false,"chose_seed":false,"campfire_upgraded":1,"win_rate":0.0,"timestamp":1611160146,"path_taken":["M","M","M","M","?","E","R","?","T","?","?","?","E","M","R","BOSS"],"items_purchased_type":["Card"],"build_version":"2020-12-22","purchased_purges":0,"victory":false,"max_hp_per_floor":[88,88,88,88,88,88,88,88,88,88,88,88,88,88,88,88,88],"card_choices":[{"not_picked":["Twin Strike","Intimidate"],"picked":"Wild Strike","floor":1.0},{"not_picked":["Sever Soul","Disarm","Anger"],"picked":"SKIP","floor":2.0},{"not_picked":["Clash","Feel No Pain"],"picked":"Shockwave","floor":3.0},{"not_picked":["Armaments","Entrench"],"picked":"Pummel","floor":4.0},{"not_picked":["Headbutt","Armaments"],"picked":"Evolve","floor":6.0},{"not_picked":["Clothesline","Perfected Strike","Cleave"],"picked":"Wild Strike","floor":11.0},{"not_picked":["Armaments","Clash","Feed"],"picked":"Shrug It Off","floor":13.0},{"not_picked":["Cleave","Evolve","Sentinel","Clash"],"picked":"SKIP","floor":14}],"player_experience":185710,"relics_obtained":[{"floor":6.0,"key":"Darkstone Periapt"},{"floor":9.0,"key":"Question Card"},{"floor":13.0,"key":"Meat on the Bone"}],"event_choices":[{"damage_healed":0.0,"max_hp_gain":0.0,"max_hp_loss":0.0,"gold_gain":0.0,"event_name":"Golden Idol","player_choice":"Take Damage","floor":5.0,"gold_loss":0.0,"damage_taken":22.0,"relics_obtained":["Golden Idol"]},{"cards_removed":["Strike_R"],"damage_healed":0.0,"max_hp_gain":0.0,"max_hp_loss":0.0,"gold_gain":0.0,"event_name":"The Cleric","player_choice":"Card Removal","floor":8.0,"gold_loss":50.0,"damage_taken":0.0},{"damage_healed":0.0,"max_hp_gain":0.0,"max_hp_loss":0.0,"gold_gain":0.0,"event_name":"Liars Game","player_choice":"Ignored","floor":10.0,"gold_loss":0.0,"damage_taken":0.0}],"is_beta":false,"boss_relics":[],"items_purged_floors":[],"is_endless":false,"potions_floor_spawned":[2,6,11,14],"killed_by":"Hexaghost","ascension_level":12}}