{"host":"oz0i1fpezyhy8r2h","time":1611154420,"event":{"mods":["ATMod(∞¢Ë™Mod)","Arknights The Spire","BaseMod","CapriCore","GifTheSpireLib","Luminous","Minty Spire (QoL Compilation)","Reimu£®≤©¿ˆ¡È√Œ£©","Remilia£®¿Ÿ√◊¿Ú—«£©","Replay The Spire","StSLib","The Construct","The Cursed","The Gatherer","The Immortal","The Marked","°æ“≈ŒÔø®≈∆°øREMEMod"],"gold_per_floor":[116,116,131,55,74,74,108,108,108,139,60,60,75,89,89,210,210,224,242,242,104,128,128,128,128],"floor_reached":23,"language":"ZHS","playtime":1298,"items_purged":[],"score":226,"play_id":"11b14ce2-9f94-4ed2-8bc1-b8af9c0123c7","local_time":"20210120225340","is_ascension_mode":false,"metric_token":1109,"campfire_choices":[{"data":"Gatherer:FruitForce","floor":6,"key":"SMITH"},{"data":"Gatherer:Centralize","floor":8,"key":"SMITH"},{"floor":15,"key":"REST"},{"floor":23,"key":"REST"}],"circlet_count":0,"master_deck":["Gatherer:Defend_Gatherer","Gatherer:Defend_Gatherer","Gatherer:Defend_Gatherer","Gatherer:Defend_Gatherer","Gatherer:Defend_Gatherer","Gatherer:Centralize+1","Gatherer:FlowerWhip+1","Gatherer:BalancedGrowth","Gatherer:BalancedGrowth","Gatherer:FruitForce+1","Gatherer:Nutrients","Gatherer:Snatch","Gatherer:SealedBomb","Gatherer:AlchemyTrial","Gatherer:BlackTea","Gatherer:FlowerShield","Gatherer:BigPouch+1","Bite","Bite","Bite","Bite","Bite","Gatherer:Enchant","Gatherer:FlowerPower+1","Gatherer:MiningStrike+1"],"relics":["Gatherer:AlchemyBag","AT_ATBox","REME_ComplimentaryCards","NeowsBlessing","AT_ForceNature","Whetstone","Replay:Wax Seal","Golden Idol","RedLine:ReiMu"],"acts_visited":["Exordium","TheCity"],"potions_floor_usage":[7,16,18],"damage_taken":[{"damage":0,"enemies":"Jaw Worm","floor":1,"turns":1},{"damage":0,"enemies":"Cultist","floor":3,"turns":1},{"damage":0,"enemies":"Small Slimes","floor":5,"turns":2},{"damage":25,"enemies":"Lagavulin","floor":7,"turns":8},{"damage":24,"enemies":"3 Sentries","floor":10,"turns":13},{"damage":2,"enemies":"Looter","floor":13,"turns":4},{"damage":0,"enemies":"Large Slime","floor":14,"turns":5},{"damage":20,"enemies":"Hexaghost","floor":16,"turns":10},{"damage":13,"enemies":"3 Byrds","floor":18,"turns":6},{"damage":29,"enemies":"Shell Parasite","floor":19,"turns":7},{"damage":23,"enemies":"Chosen and Byrds","floor":22,"turns":7}],"seed_played":"818219549557503394","potions_obtained":[{"floor":1,"key":"Energy Potion"},{"floor":2,"key":"MagicPotion:ReiMu"},{"floor":2,"key":"SkillPotion"},{"floor":2,"key":"SneckoOil"},{"floor":13,"key":"Dexterity Potion"},{"floor":18,"key":"DistilledChaos"}],"is_trial":false,"path_per_floor":["M","?","M","$","M","R","E","R","T","E","$","?","M","M","R","B",null,"M","M","?","$","M","R"],"character_chosen":"THE_GATHERER","items_purchased":["Gatherer:BalancedGrowth","Gatherer:SealedBomb","Gatherer:Enchant","Gatherer:FlowerPower+1"],"campfire_rested":2,"item_purchase_floors":[4,11,21,21],"current_hp_per_floor":[72,72,72,72,76,76,51,51,51,27,27,8,6,6,28,8,76,63,34,34,34,27,42,42,42],"gold":128,"neow_bonus":"THREE_ENEMY_KILL","is_daily":false,"chose_seed":false,"campfire_upgraded":2,"win_rate":0.0,"timestamp":1611154420,"path_taken":["M","?","M","$","?","R","E","R","T","E","$","?","M","M","R","BOSS","M","M","?","$","M","R"],"items_purchased_type":["Card","Card","Card","Card"],"build_version":"2020-12-22","purchased_purges":0,"victory":false,"max_hp_per_floor":[72,72,72,72,76,76,76,76,76,76,76,76,76,76,76,76,76,76,76,53,53,53,53,53,53],"card_choices":[{"not_picked":["Gatherer:TreeGrowth","Gatherer:Convert","Gatherer:BambuSword"],"picked":"SKIP","floor":1},{"not_picked":["Gatherer:DrugPower","Gatherer:CollectorsShot","Gatherer:Solidify"],"picked":"SKIP","floor":3},{"not_picked":["Gatherer:EnergyBasket","Gatherer:VenomBarrier"],"picked":"Gatherer:FruitForce","floor":5},{"not_picked":["Gatherer:Frenzy","Gatherer:AlchemyTrial"],"picked":"Gatherer:Nutrients","floor":7},{"not_picked":["Gatherer:SaveValuables","Gatherer:Nutrients"],"picked":"Gatherer:Snatch","floor":10},{"not_picked":["Gatherer:RecoveryHerb","Gatherer:Pollute"],"picked":"Gatherer:AlchemyTrial","floor":13},{"not_picked":["Gatherer:FragileHammer","Gatherer:ScherryThrow","Gatherer:Convert"],"picked":"SKIP","floor":14},{"not_picked":["Gatherer:Bulldoze","Gatherer:ScrollOfPurity"],"picked":"Gatherer:BlackTea","floor":16},{"not_picked":["Gatherer:DrugPower+1","Gatherer:ScherryThrow+1"],"picked":"Gatherer:FlowerShield","floor":18},{"not_picked":["Gatherer:BambuSword","Gatherer:RecipeChange"],"picked":"Gatherer:BigPouch+1","floor":19},{"not_picked":["Gatherer:FruitForce","Gatherer:Pollute"],"picked":"Gatherer:MiningStrike+1","floor":22}],"player_experience":165007,"relics_obtained":[{"floor":7,"key":"AT_ForceNature"},{"floor":9,"key":"Whetstone"},{"floor":10,"key":"Replay:Wax Seal"}],"event_choices":[{"damage_healed":0,"gold_gain":0,"player_choice":"Got Potions","damage_taken":0,"max_hp_gain":0,"max_hp_loss":0,"event_name":"Lab","floor":2,"gold_loss":0},{"damage_healed":0,"gold_gain":0,"player_choice":"Take Damage","damage_taken":19,"relics_obtained":["Golden Idol"],"max_hp_gain":0,"max_hp_loss":0,"event_name":"Golden Idol","floor":12,"gold_loss":0},{"damage_healed":0,"gold_gain":0,"player_choice":"Became a vampire","damage_taken":0,"max_hp_gain":0,"max_hp_loss":23,"event_name":"Vampires","floor":20,"gold_loss":0,"cards_obtained":["Bite","Bite","Bite","Bite","Bite"]}],"is_beta":false,"boss_relics":[{"not_picked":["Busted Crown","REME_ChargedStone"],"picked":"RedLine:ReiMu"}],"items_purged_floors":[],"is_endless":false,"potions_floor_spawned":[1,3,13,18],"ascension_level":0}}