{"host":"qxeepl7ydvsgmfdb","time":1611151127,"event":{"mods":["AchievementEnabler","BaseMod","Colored Powertips","Minty Spire (QoL Compilation)","Quick Restart","slay the spire mod where everything is the same but ironclad has a cowboy hat"],"gold_per_floor":[113,17,17,17,17,17,52,67,67,110,130,130,76,100,100,229,229,248,248,268,367,163,163,176,212,212,212,231,231,267,177,177,177,177],"floor_reached":33,"language":"ENG","playtime":1017,"items_purged":[],"score":540,"play_id":"c292a2f4-5239-41dd-a248-6cda95b13e35","local_time":"20210120085847","is_ascension_mode":true,"campfire_choices":[{"floor":6.0,"key":"REST"},{"floor":12.0,"key":"REST"},{"data":"Venomology","floor":15.0,"key":"SMITH"},{"data":"Dagger Spray","floor":23.0,"key":"SMITH"},{"floor":27.0,"key":"REST"},{"floor":32.0,"key":"REST"}],"circlet_count":0,"master_deck":["AscendersBane","Strike_G","Strike_G","Strike_G","Defend_G","Defend_G","Defend_G","Defend_G","Defend_G","Survivor","Neutralize+1","Slice+1","Blade Dance","Deflect","Venomology+1","Blade Dance","Dagger Spray+1","Deflect","Corpse Explosion","CurseOfTheBell","Dagger Spray+1","Finisher"],"relics":["Ring of the Snake","NeowsBlessing","Golden Idol","Frozen Egg 2","White Beast Statue","Turnip","Calling Bell","Blood Vial","Gremlin Horn","Unceasing Top","Potion Belt","Oddly Smooth Stone","Boot","Mango","Darkstone Periapt"],"acts_visited":["Exordium","TheCity"],"potions_floor_usage":[33,33,33],"damage_taken":[{"damage":0.0,"enemies":"2 Louse","floor":1.0,"turns":1.0},{"damage":0.0,"enemies":"3 Sentries","floor":7.0,"turns":1.0},{"damage":0.0,"enemies":"Small Slimes","floor":8.0,"turns":1.0},{"damage":27.0,"enemies":"Gremlin Nob","floor":10.0,"turns":5.0},{"damage":0.0,"enemies":"Cultist","floor":11.0,"turns":2.0},{"damage":0.0,"enemies":"Exordium Wildlife","floor":14.0,"turns":2.0},{"damage":20.0,"enemies":"Slime Boss","floor":16.0,"turns":8.0},{"damage":17.0,"enemies":"Chosen","floor":18.0,"turns":6.0},{"damage":0.0,"enemies":"3 Byrds","floor":19.0,"turns":2.0},{"damage":1.0,"enemies":"3 Cultists","floor":20.0,"turns":3.0},{"damage":12.0,"enemies":"Cultist and Chosen","floor":24.0,"turns":4.0},{"damage":22.0,"enemies":"Slavers","floor":25.0,"turns":3.0},{"damage":14.0,"enemies":"Centurion and Healer","floor":28.0,"turns":8.0},{"damage":21.0,"enemies":"Gremlin Leader","floor":30.0,"turns":6.0},{"damage":85,"enemies":"Collector","floor":33,"turns":10}],"seed_played":"5977733793269255446","potions_obtained":[{"floor":8.0,"key":"DistilledChaos"},{"floor":10.0,"key":"SneckoOil"},{"floor":11.0,"key":"Block Potion"},{"floor":14.0,"key":"Strength Potion"},{"floor":16.0,"key":"Swift Potion"},{"floor":24.0,"key":"Poison Potion"},{"floor":25.0,"key":"Regen Potion"},{"floor":28.0,"key":"Weak Potion"},{"floor":30.0,"key":"Weak Potion"}],"is_trial":false,"path_per_floor":["M","$","?","?","?","R","E","M","T","E","M","R","$","M","R","B",null,"M","M","M","?","$","R","M","E","T","R","M","?","E","?","R","B"],"character_chosen":"THE_SILENT","items_purchased":["Fruit Juice","Dagger Spray","Potion Belt","Fire Potion"],"campfire_rested":4,"item_purchase_floors":[2,13,22,22],"current_hp_per_floor":[63,68,68,61,43,65,65,65,65,38,38,60,60,60,60,40,66,51,53,54,54,54,54,44,24,24,46,49,63,44,44,70,0,0],"gold":177,"neow_bonus":"THREE_ENEMY_KILL","is_daily":false,"chose_seed":false,"campfire_upgraded":2,"win_rate":0.0,"timestamp":1611151127,"path_taken":["M","$","?","?","?","R","E","M","T","E","M","R","$","M","R","BOSS","M","M","M","?","$","R","M","E","T","R","M","?","E","?","R","BOSS"],"items_purchased_type":["Potion","Card","Relic","Potion"],"build_version":"2020-12-22","purchased_purges":0,"victory":false,"max_hp_per_floor":[70,75,75,75,75,75,75,75,75,75,75,75,75,75,75,75,75,75,75,75,75,75,75,75,75,75,75,75,89,89,89,89,89,89],"card_choices":[{"not_picked":["Acrobatics","PiercingWail"],"picked":"Slice","floor":1.0},{"not_picked":["Dash","Venomology"],"picked":"Blade Dance","floor":7.0},{"not_picked":["Dodge and Roll","Quick Slash"],"picked":"Deflect","floor":8.0},{"not_picked":["Unload","Underhanded Strike"],"picked":"Venomology","floor":10.0},{"not_picked":["Dagger Throw","Caltrops+1"],"picked":"Blade Dance","floor":11.0},{"not_picked":["PiercingWail","Flying Knee"],"picked":"Deflect","floor":14.0},{"not_picked":["Phantasmal Killer","Tools of the Trade+1"],"picked":"Corpse Explosion","floor":16.0},{"not_picked":["Dodge and Roll","Reflex","Underhanded Strike"],"picked":"SKIP","floor":18.0},{"not_picked":["Choke","Underhanded Strike+1","Blur"],"picked":"SKIP","floor":20.0},{"not_picked":["Flying Knee","Dodge and Roll"],"picked":"Dagger Spray+1","floor":24.0},{"not_picked":["Choke","Expertise"],"picked":"Finisher","floor":25.0},{"not_picked":["Dagger Spray","Leg Sweep","PiercingWail"],"picked":"SKIP","floor":28.0},{"not_picked":["Bane","Venomology","Setup+1"],"picked":"SKIP","floor":30.0}],"player_experience":191168,"relics_obtained":[{"floor":7.0,"key":"Frozen Egg 2"},{"floor":9.0,"key":"White Beast Statue"},{"floor":10.0,"key":"Turnip"},{"floor":17.0,"key":"Blood Vial"},{"floor":17.0,"key":"Gremlin Horn"},{"floor":17.0,"key":"Unceasing Top"},{"floor":25.0,"key":"Oddly Smooth Stone"},{"floor":26.0,"key":"Boot"},{"floor":30.0,"key":"Darkstone Periapt"}],"event_choices":[{"damage_healed":0.0,"max_hp_gain":0.0,"max_hp_loss":0.0,"gold_gain":0.0,"event_name":"Living Wall","player_choice":"Grow","floor":3.0,"gold_loss":0.0,"damage_taken":0.0,"cards_upgraded":["Slice"]},{"cards_removed":["Strike_G"],"damage_healed":0.0,"max_hp_gain":0.0,"max_hp_loss":0.0,"gold_gain":0.0,"event_name":"Golden Wing","player_choice":"Card Removal","floor":4.0,"gold_loss":0.0,"damage_taken":7.0},{"damage_healed":0.0,"max_hp_gain":0.0,"max_hp_loss":0.0,"gold_gain":0.0,"event_name":"Golden Idol","player_choice":"Take Damage","floor":5.0,"gold_loss":0.0,"damage_taken":18.0,"relics_obtained":["Golden Idol"]},{"damage_healed":0.0,"max_hp_gain":0.0,"max_hp_loss":0.0,"gold_gain":99.0,"event_name":"Nest","player_choice":"Stole From Cult","floor":21.0,"gold_loss":0.0,"damage_taken":0.0},{"damage_healed":0.0,"max_hp_gain":0.0,"max_hp_loss":0.0,"gold_gain":0.0,"event_name":"The Mausoleum","player_choice":"Opened","floor":29.0,"gold_loss":0.0,"damage_taken":0.0,"relics_obtained":["Mango"]},{"cards_removed":["Strike_G"],"damage_healed":0.0,"max_hp_gain":0.0,"max_hp_loss":0.0,"gold_gain":0.0,"event_name":"Designer","player_choice":"Upgrade and Remove","floor":31.0,"gold_loss":90.0,"damage_taken":0.0,"cards_upgraded":["Neutralize"]}],"is_beta":false,"boss_relics":[{"not_picked":["Fusion Hammer","Velvet Choker"],"picked":"Calling Bell"}],"items_purged_floors":[],"is_endless":false,"potions_floor_spawned":[8,10,11,14,16,18,19,20,24,25,28,30],"killed_by":"Collector","ascension_level":10}}