{"host":"nbmmy2ys5j9alw05","time":1611134390,"event":{"mods":["AchievementEnabler","BaseMod","Bestiary","Better Vampires","Colored Map","Colored Powertips","Googly Eyes","Minty Spire (QoL Compilation)","Quick Restart","StSLib","The Hierophant","The IronCluck","everything is the same but u backflip on backflip"],"gold_per_floor":[109,127,138,213,213,213,238,238,288,288,306,179,211,241,241,340,340,328,340,439,439,354,354,381,394,419,430,72,87,7,18,18,18,18],"floor_reached":33,"language":"ENG","playtime":1224,"items_purged":["Strike_G","Strike_G"],"score":413,"play_id":"1513dc24-6d06-4e37-9ebe-bcd1e7b15dc8","local_time":"20210120011950","is_ascension_mode":true,"campfire_choices":[{"data":"Neutralize","floor":6,"key":"SMITH"},{"floor":8,"key":"REST"},{"data":"Endless Agony","floor":10,"key":"SMITH"},{"floor":15,"key":"REST"},{"floor":23,"key":"REST"},{"floor":32,"key":"REST"}],"circlet_count":0,"master_deck":["AscendersBane","Strike_G","Strike_G","Defend_G","Defend_G","Defend_G","Defend_G","Defend_G","Survivor","Neutralize+1","PiercingWail","Blur","Venomology","Endless Agony+1","Footwork","All Out Attack+1","Phantasmal Killer","Blade Dance+1","Quick Slash+1","A Thousand Cuts","After Image","Footwork"],"relics":["Runic Pyramid","Bag of Marbles","Smiling Mask","Molten Egg 2","Fusion Hammer","Darkstone Periapt","Mercury Hourglass","Omamori","Vajra"],"acts_visited":["Exordium","TheCity"],"potions_floor_usage":[7,7,11,13,13,16,16,18,18,24,24,24,33,33,33,33],"damage_taken":[{"damage":5,"enemies":"2 Louse","floor":1,"turns":4},{"damage":0,"enemies":"Small Slimes","floor":2,"turns":5},{"damage":0,"enemies":"Jaw Worm","floor":3,"turns":7},{"damage":23,"enemies":"Lagavulin","floor":7,"turns":8},{"damage":0,"enemies":"2 Fungi Beasts","floor":11,"turns":3},{"damage":22,"enemies":"Gremlin Nob","floor":13,"turns":5},{"damage":14,"enemies":"The Guardian","floor":16,"turns":20},{"damage":21,"enemies":"2 Thieves","floor":18,"turns":4},{"damage":3,"enemies":"Shell Parasite","floor":19,"turns":5},{"damage":11,"enemies":"Slavers","floor":24,"turns":6},{"damage":6,"enemies":"Centurion and Healer","floor":25,"turns":3},{"damage":7,"enemies":"Chosen and Byrds","floor":27,"turns":4},{"damage":0,"enemies":"3 Cultists","floor":29,"turns":3},{"damage":9,"enemies":"Centurion and Healer","floor":31,"turns":4},{"damage":60,"enemies":"Collector","floor":33,"turns":7}],"seed_played":"2996957898184974788","potions_obtained":[{"floor":1,"key":"CunningPotion"},{"floor":11,"key":"ColorlessPotion"},{"floor":13,"key":"Block Potion"},{"floor":16,"key":"PowerPotion"},{"floor":18,"key":"LiquidBronze"},{"floor":24,"key":"Fire Potion"},{"floor":27,"key":"Dexterity Potion"}],"is_trial":false,"path_per_floor":["M","M","M","?","?","R","E","R","T","R","M","$","E","?","R","B",null,"M","M","?","?","?","R","E","M","T","M","$","M","$","M","R","B"],"character_chosen":"THE_SILENT","items_purchased":["Footwork","After Image","Vajra","Footwork"],"campfire_rested":4,"item_purchase_floors":[12,28,28,30],"current_hp_per_floor":[58,58,58,47,40,40,17,38,38,38,38,38,16,16,37,23,58,37,34,34,34,34,55,44,38,38,31,31,31,31,22,43,0,0],"gold":18,"neow_bonus":"BOSS_RELIC","is_daily":false,"chose_seed":false,"campfire_upgraded":2,"win_rate":0.0,"timestamp":1611134390,"path_taken":["M","M","M","?","?","R","E","R","T","R","M","$","E","?","R","BOSS","M","M","?","?","?","R","E","M","T","M","$","M","$","M","R","BOSS"],"items_purchased_type":["Card","Card","Relic","Card"],"build_version":"2020-12-22","purchased_purges":2,"victory":false,"max_hp_per_floor":[70,70,70,70,70,70,70,70,70,70,70,70,70,70,70,70,70,70,70,70,70,70,70,70,70,70,70,70,70,70,70,70,70,70],"card_choices":[{"not_picked":["Poisoned Stab","Catalyst"],"picked":"PiercingWail","floor":1},{"not_picked":["Sucker Punch","Heel Hook"],"picked":"Blur","floor":2},{"not_picked":["Heel Hook","Eviscerate"],"picked":"Venomology","floor":3},{"not_picked":["Terror","Escape Plan"],"picked":"Endless Agony","floor":7},{"not_picked":["Dodge and Roll","Underhanded Strike","Bane"],"picked":"SKIP","floor":11},{"not_picked":["Deflect","Acrobatics"],"picked":"All Out Attack+1","floor":13},{"not_picked":["Adrenaline","Burst"],"picked":"Phantasmal Killer","floor":16},{"not_picked":["Calculated Gamble","Deadly Poison"],"picked":"Blade Dance+1","floor":18},{"not_picked":["Slice+1","Cloak And Dagger"],"picked":"Quick Slash+1","floor":19},{"not_picked":["Slice+1","Blade Dance"],"picked":"A Thousand Cuts","floor":24},{"not_picked":["Masterful Stab+1","Underhanded Strike+1","Slice+1"],"picked":"SKIP","floor":25},{"not_picked":["Underhanded Strike+1","Dagger Spray+1","Bane+1"],"picked":"SKIP","floor":27},{"not_picked":["Slice+1","Reflex+1","PiercingWail"],"picked":"SKIP","floor":29},{"not_picked":["Underhanded Strike+1","Caltrops","Dodge and Roll"],"picked":"SKIP","floor":31}],"player_experience":496870,"relics_obtained":[{"floor":7,"key":"Bag of Marbles"},{"floor":9,"key":"Smiling Mask"},{"floor":13,"key":"Molten Egg 2"},{"floor":24,"key":"Mercury Hourglass"},{"floor":26,"key":"Omamori"}],"event_choices":[{"damage_healed":0,"gold_gain":75,"player_choice":"Gather Gold","damage_taken":11,"max_hp_gain":0,"max_hp_loss":0,"event_name":"World of Goop","floor":4,"gold_loss":0},{"cards_removed":["Strike_G"],"damage_healed":0,"gold_gain":0,"player_choice":"Card Removal","damage_taken":7,"max_hp_gain":0,"max_hp_loss":0,"event_name":"Golden Wing","floor":5,"gold_loss":0},{"damage_healed":0,"gold_gain":30,"player_choice":"Searched \u00271\u0027 times","damage_taken":0,"max_hp_gain":0,"max_hp_loss":0,"event_name":"Dead Adventurer","floor":14,"gold_loss":0},{"damage_healed":0,"gold_gain":99,"player_choice":"Stole From Cult","damage_taken":0,"max_hp_gain":0,"max_hp_loss":0,"event_name":"Nest","floor":20,"gold_loss":0},{"damage_healed":0,"gold_gain":0,"player_choice":"Ignored","damage_taken":0,"max_hp_gain":0,"max_hp_loss":0,"event_name":"Ghosts","floor":21,"gold_loss":0},{"damage_healed":0,"gold_gain":0,"player_choice":"Obtained Relic","damage_taken":0,"relics_obtained":["Darkstone Periapt"],"max_hp_gain":0,"max_hp_loss":0,"event_name":"Addict","floor":22,"gold_loss":85}],"is_beta":false,"boss_relics":[{"not_picked":["Cursed Key","Busted Crown"],"picked":"Fusion Hammer"}],"items_purged_floors":[12,28],"is_endless":false,"potions_floor_spawned":[1,11,13,16,18,24,27,31],"killed_by":"Collector","ascension_level":10}}