{"host":"och2iitg9ibgz06n","time":1611184995,"event":{"mods":["Abigail Mod","AchievementEnabler","Aspiration","BaseMod","Colored Powertips","Dio Mod","Hubris","Hyrulean Relics","Infinite Spire","Minty Spire (QoL Compilation)","Replay The Spire","Small Relic Pack","StSLib","The Animator","The Bug Knight","The Hierophant","The Jungle","The Saiyan","TheHero","Wandering Minibosses","everything is the same but u backflip on backflip","slay the spire mod where everything is the same but ironclad has a cowboy hat","vexMod"],"gold_per_floor":[130,149,149,161,178,178,218,218,242,38,38,38,63,27,27,122,222,222],"floor_reached":17,"language":"ENG","playtime":795,"items_purged":[],"score":196,"play_id":"daaab362-9598-4373-857a-cc6314c8bd5d","local_time":"20210120172315","is_ascension_mode":true,"campfire_choices":[{"floor":6,"key":"REST"},{"floor":8,"key":"REST"},{"floor":11,"key":"REST"},{"floor":15,"key":"REST"}],"circlet_count":0,"master_deck":["animator:Strike_Overlord","animator:Defend_Overlord","animator:Strike","animator:Strike","animator:Strike","animator:Defend","animator:Defend","animator:Defend","animator:Cocytus","animator:Demiurge","animator:NarberalGamma","animator:UneriGinkaku","Decay","animator:Genos","animator:PandorasActor","animator:Entoma+1","animator:Strike","animator:NononJakuzure","animator:Scar","animator:Shalltear","animator:Ainz"],"relics":["animator:LivingPicture","animator:TheMissingPiece","aspiration:FetidBarrel","Strawberry","Sling","Torii","Replay:Wanted Poster"],"acts_visited":["Exordium","TheCity"],"potions_floor_usage":[13],"damage_taken":[{"damage":17,"enemies":"Jaw Worm","floor":1,"turns":6},{"damage":7,"enemies":"Cultist","floor":2,"turns":5},{"damage":0,"enemies":"2 Louse","floor":4,"turns":2},{"damage":16,"enemies":"Red Slaver","floor":5,"turns":3},{"damage":38,"enemies":"Gremlin Nob","floor":7,"turns":5},{"damage":19,"enemies":"3 Sentries","floor":13,"turns":6},{"damage":64,"enemies":"The Guardian","floor":16,"turns":11}],"seed_played":"2821231234397385315","potions_obtained":[{"floor":2,"key":"Strength Potion"},{"floor":4,"key":"Explosive Potion"},{"floor":13,"key":"GamblersBrew"}],"is_trial":false,"path_per_floor":["M","M","?","M","M","R","E","R","T","$","R","?","E","$","R","B",null],"character_chosen":"THE_ANIMATOR","items_purchased":["animator:Entoma","Sling","animator:Shalltear"],"campfire_rested":4,"item_purchase_floors":[10,10,14],"current_hp_per_floor":[55,48,48,48,33,54,16,37,44,44,68,68,49,49,73,10,81,81],"gold":222,"neow_bonus":"TEN_PERCENT_HP_BONUS","is_daily":false,"chose_seed":false,"campfire_upgraded":0,"win_rate":0.0,"timestamp":1611184995,"path_taken":["M","M","?","M","M","R","E","R","T","?","R","?","E","$","R","BOSS"],"items_purchased_type":["Card","Relic","Card"],"build_version":"2020-12-22","purchased_purges":0,"victory":false,"max_hp_per_floor":[72,72,72,72,73,73,73,73,80,80,80,80,80,80,80,81,81,81],"card_choices":[{"not_picked":["animator:MetalKnight","animator:Hakurou"],"picked":"animator:NarberalGamma","floor":1},{"not_picked":["animator:Verdia","animator:WinryRockbell"],"picked":"animator:UneriGinkaku","floor":2},{"not_picked":["animator:TukaLunaMarceau","animator:Kuribayashi"],"picked":"animator:Genos","floor":4},{"not_picked":["animator:NarberalGamma","animator:Demiurge"],"picked":"animator:PandorasActor","floor":5},{"not_picked":["animator:Rimuru","animator:WinryRockbell"],"picked":"animator:Entoma","floor":7},{"not_picked":["animator:Tatsumaki","animator:Evileye"],"picked":"animator:Scar","floor":13},{"not_picked":["animator:PinaCoLada","animator:Boros"],"picked":"animator:Ainz","floor":16}],"player_experience":418588,"relics_obtained":[{"floor":7,"key":"aspiration:FetidBarrel"},{"floor":9,"key":"Strawberry"},{"floor":13,"key":"Torii"}],"event_choices":[{"damage_healed":0,"gold_gain":0,"player_choice":"Cursed","damage_taken":0,"max_hp_gain":0,"max_hp_loss":0,"event_name":"Wheel of Change","floor":3,"gold_loss":0,"cards_obtained":["Decay"]},{"damage_healed":0,"gold_gain":0,"player_choice":"2 cards matched","damage_taken":0,"max_hp_gain":0,"max_hp_loss":0,"event_name":"Match and Keep!","floor":12,"gold_loss":0,"cards_obtained":["animator:Strike","animator:NononJakuzure"]}],"is_beta":false,"boss_relics":[{"not_picked":["ReplayTheSpireMod:DimensionalGlitch","vexMod:BigBerry"],"picked":"Replay:Wanted Poster"}],"items_purged_floors":[],"is_endless":false,"potions_floor_spawned":[2,4,13],"ascension_level":1}}