{"host":"k8m8rgjz9e2or23k","time":1611143654,"event":{"mods":["Act Like it!","BaseMod","Better Sensory Stone","Hallownest","Minty Spire (QoL Compilation)","Pale of the Ancients","StSLib","The Bug Knight","Waifu the Spire"],"gold_per_floor":[118,169,179,35,35,51,51,61,115,75,93,93,93],"floor_reached":12,"language":"ZHS","playtime":737,"items_purged":[],"score":70,"play_id":"c935f671-bb96-4340-8277-ff85570affba","local_time":"20210120195414","is_ascension_mode":false,"campfire_choices":[{"data":"HollowMod:BlackTendrils","floor":7,"key":"SMITH"}],"circlet_count":0,"master_deck":["HollowMod:FocusHealStart","HollowMod:PogoStrike","HollowMod:PureVessel","HollowMod:DescendingDark","HollowMod:GreatSlash","HollowMod:MawleksShell","HollowMod:GreatSlash","HollowMod:BrokenVessel","HollowMod:DesolateDive","HollowMod:GreatSlash","HollowMod:SharpenedShadows","HollowMod:DoubleDash","HollowMod:CloakDash","HollowMod:BlackTendrils+1","HollowMod:CloakDash","HollowMod:DescendingDark","HollowMod:HuntersJournal"],"relics":["Pandora\u0027s Box","Orrery","Tiny Chest"],"acts_visited":["Hallownest:Greenpath"],"potions_floor_usage":[8],"damage_taken":[{"damage":6,"enemies":"Hallownest:2_MossCreeps","floor":1,"turns":2},{"damage":10,"enemies":"2_ Uuma","floor":3,"turns":2},{"damage":20,"enemies":"Hallownest:monsterHuskGuard","floor":6,"turns":4},{"damage":13,"enemies":"Hallownest:monsterMossCharger","floor":8,"turns":9},{"damage":20,"enemies":"Hallownest:2_Tiktiks_1_Baldur_1_Crawlid","floor":11,"turns":2},{"damage":33,"enemies":"Hallownest:eliteCrystalGuardian","floor":12,"turns":5}],"seed_played":"-4191460791088321298","potions_obtained":[{"floor":1,"key":"DuplicationPotion"},{"floor":11,"key":"Swift Potion"}],"is_trial":false,"path_per_floor":["M","T","M","$","?","M","R","M","T","?","M","E"],"character_chosen":"THE_BUGKNIGHT","items_purchased":["Orrery"],"campfire_rested":0,"item_purchase_floors":[4],"current_hp_per_floor":[69,69,59,59,59,41,41,32,32,53,33,4,4],"gold":93,"neow_bonus":"BOSS_RELIC","is_daily":false,"chose_seed":false,"campfire_upgraded":1,"win_rate":0.0,"timestamp":1611143654,"path_taken":["M","?","M","$","?","M","R","M","T","?","M","E"],"items_purchased_type":["Relic"],"build_version":"2020-12-22","purchased_purges":0,"victory":false,"max_hp_per_floor":[75,75,75,75,75,75,75,75,75,75,75,75,75],"card_choices":[{"not_picked":["HollowMod:QuirrelsAssistance","HollowMod:SiblingsSouls"],"picked":"HollowMod:SharpenedShadows","floor":1},{"not_picked":["HollowMod:SharpenedNail","HollowMod:HeavyBlow"],"picked":"HollowMod:DoubleDash","floor":3},{"not_picked":["HollowMod:NewLittleFool","HollowMod:CycloneSlash"],"picked":"HollowMod:CloakDash","floor":4},{"not_picked":["HollowMod:SoulEater","HollowMod:ShadowDash"],"picked":"HollowMod:BlackTendrils","floor":4},{"not_picked":["HollowMod:ChannelNail","HollowMod:CrystalDash"],"picked":"HollowMod:CloakDash","floor":4},{"not_picked":["HollowMod:NewLittleFool","HollowMod:RecoilStrike"],"picked":"HollowMod:DescendingDark","floor":6},{"not_picked":["HollowMod:DoubleDash","HollowMod:ChannelNail"],"picked":"HollowMod:HuntersJournal","floor":8},{"not_picked":["HollowMod:SoulStrike","HollowMod:NewJinnsSoul","HollowMod:DoubleDash"],"picked":"SKIP","floor":11}],"player_experience":389475,"relics_obtained":[{"floor":9,"key":"Tiny Chest"}],"event_choices":[],"is_beta":false,"boss_relics":[],"items_purged_floors":[],"is_endless":false,"potions_floor_spawned":[1,11],"killed_by":"Hallownest:eliteCrystalGuardian","ascension_level":0}}