{"host":"yit83h4eit4n91s5","time":1611168232,"event":{"mods":["AchievementEnabler","BaseMod","Colored Map","Minty Spire (QoL Compilation)"],"gold_per_floor":[117,117,292,307,16,16,50,63,63,82,82,97,97,113,113,209,209,229,229,248,248,248,282,282,298,298,298,308,308,323,169,169,169,169],"floor_reached":33,"language":"ENG","playtime":1545,"items_purged":[],"score":317,"play_id":"9be92616-96dd-483e-8f91-f88db5642172","local_time":"20210120134352","is_ascension_mode":false,"campfire_choices":[{"data":"CrushJoints","floor":6,"key":"SMITH"},{"data":"Wallop","floor":13,"key":"SMITH"},{"data":"Consecrate","floor":15,"key":"SMITH"},{"floor":24,"key":"REST"},{"data":"BowlingBash","floor":27,"key":"SMITH"},{"floor":29,"key":"REST"},{"floor":32,"key":"REST"}],"circlet_count":0,"master_deck":["Defend_P","Defend_P","Defend_P","Eruption","Vigilance","Crescendo","Doubt","CrushJoints+1","CrushJoints","Consecrate+1","Wallop+1","ReachHeaven","CutThroughFate","BowlingBash+1","Bite","Bite","Bite","Bite","Bite","BowlingBash","SandsOfTime","WreathOfFlame+1","SashWhip+1","EmptyBody+1","Swivel+1"],"relics":["HolyWater","NeowsBlessing","Orichalcum","Damaru","Pear","Toxic Egg 2","Bronze Scales","White Beast Statue","Anchor"],"acts_visited":["Exordium","TheCity"],"potions_floor_usage":[12,23,23,33,33],"damage_taken":[{"damage":0,"enemies":"2 Louse","floor":1,"turns":1},{"damage":0,"enemies":"Small Slimes","floor":4,"turns":1},{"damage":0,"enemies":"3 Sentries","floor":7,"turns":1},{"damage":2,"enemies":"Cultist","floor":8,"turns":4},{"damage":0,"enemies":"2 Fungi Beasts","floor":10,"turns":2},{"damage":3,"enemies":"3 Louse","floor":12,"turns":3},{"damage":5,"enemies":"Looter","floor":14,"turns":3},{"damage":24,"enemies":"Slime Boss","floor":16,"turns":11},{"damage":5,"enemies":"Chosen","floor":18,"turns":2},{"damage":5,"enemies":"2 Thieves","floor":20,"turns":4},{"damage":45,"enemies":"Slavers","floor":23,"turns":5},{"damage":8,"enemies":"3 Cultists","floor":25,"turns":5},{"damage":16,"enemies":"Snecko","floor":28,"turns":5},{"damage":16,"enemies":"Cultist and Chosen","floor":30,"turns":6},{"damage":118,"enemies":"Automaton","floor":33,"turns":6}],"seed_played":"1336084313891793719","potions_obtained":[{"floor":7,"key":"DuplicationPotion"},{"floor":8,"key":"LiquidBronze"},{"floor":10,"key":"SteroidPotion"},{"floor":11,"key":"Ambrosia"},{"floor":14,"key":"BottledMiracle"},{"floor":28,"key":"BlessingOfTheForge"},{"floor":30,"key":"PowerPotion"}],"is_trial":false,"path_per_floor":["M","?","?","M","$","R","E","M","T","M","?","M","R","M","R","B",null,"M","?","M","?","?","E","R","M","T","R","M","R","M","$","R","B"],"character_chosen":"WATCHER","items_purchased":["Orichalcum","Damaru","Anchor"],"campfire_rested":3,"item_purchase_floors":[5,5,31],"current_hp_per_floor":[72,65,65,65,65,65,75,73,73,73,73,70,70,65,65,41,82,77,57,54,45,45,8,26,32,32,32,22,40,36,36,54,0,0],"gold":169,"neow_bonus":"THREE_ENEMY_KILL","is_daily":false,"chose_seed":false,"campfire_upgraded":4,"win_rate":0.0,"timestamp":1611168232,"path_taken":["M","?","?","M","$","R","E","M","T","M","?","?","R","M","R","BOSS","M","?","M","?","?","E","R","M","T","R","M","R","?","?","R","BOSS"],"items_purchased_type":["Relic","Relic","Relic"],"build_version":"2020-12-22","purchased_purges":0,"victory":false,"max_hp_per_floor":[72,72,72,72,72,72,82,82,82,82,82,82,82,82,82,82,82,82,57,57,62,62,62,62,62,62,62,62,62,62,62,62,62,62],"card_choices":[{"not_picked":["Consecrate","SashWhip"],"picked":"Crescendo","floor":1},{"not_picked":["Fasting2","BattleHymn"],"picked":"CrushJoints","floor":4},{"not_picked":["MasterReality","Indignation"],"picked":"CrushJoints","floor":7},{"not_picked":["WaveOfTheHand","CutThroughFate"],"picked":"Consecrate","floor":8},{"not_picked":["Evaluate+1","Fasting2"],"picked":"Wallop","floor":10},{"not_picked":["Crescendo+1","EmptyBody+1"],"picked":"ReachHeaven","floor":12},{"not_picked":["JustLucky","Meditate+1"],"picked":"CutThroughFate","floor":14},{"not_picked":["ClearTheMind+1","FollowUp"],"picked":"BowlingBash","floor":18},{"not_picked":["BattleHymn+1","Evaluate+1"],"picked":"BowlingBash","floor":20},{"not_picked":["EmptyFist","WaveOfTheHand+1"],"picked":"WreathOfFlame+1","floor":23},{"not_picked":["FlyingSleeves","CutThroughFate"],"picked":"SashWhip+1","floor":25},{"not_picked":["Fasting2","DeceiveReality+1"],"picked":"EmptyBody+1","floor":28},{"not_picked":["Fasting2","FollowUp"],"picked":"Swivel+1","floor":30}],"player_experience":167999,"relics_obtained":[{"floor":7,"key":"Pear"},{"floor":9,"key":"Toxic Egg 2"},{"floor":23,"key":"Bronze Scales"},{"floor":26,"key":"White Beast Statue"}],"event_choices":[{"cards_removed":["Strike_P"],"damage_healed":0,"gold_gain":0,"player_choice":"Card Removal","damage_taken":7,"max_hp_gain":0,"max_hp_loss":0,"event_name":"Golden Wing","floor":2,"gold_loss":0},{"damage_healed":0,"gold_gain":175,"player_choice":"AGREE","damage_taken":0,"max_hp_gain":0,"max_hp_loss":0,"event_name":"Liars Game","floor":3,"gold_loss":0,"cards_obtained":["Doubt"]},{"damage_healed":0,"gold_gain":0,"player_choice":"Got Potions","damage_taken":0,"max_hp_gain":0,"max_hp_loss":0,"event_name":"Lab","floor":11,"gold_loss":0},{"damage_healed":0,"gold_gain":0,"player_choice":"Became a vampire","damage_taken":0,"max_hp_gain":0,"max_hp_loss":25,"event_name":"Vampires","floor":19,"gold_loss":0,"cards_obtained":["Bite","Bite","Bite","Bite","Bite"]},{"damage_healed":0,"gold_gain":0,"player_choice":"Shed Blood","damage_taken":14,"max_hp_gain":5,"max_hp_loss":0,"event_name":"Forgotten Altar","floor":21,"gold_loss":0},{"damage_healed":0,"gold_gain":0,"cards_transformed":["Defend_P"],"player_choice":"Transformed","damage_taken":0,"max_hp_gain":0,"max_hp_loss":0,"event_name":"Transmorgrifier","floor":22,"gold_loss":0,"cards_obtained":["SandsOfTime"]}],"is_beta":false,"boss_relics":[{"not_picked":["Astrolabe","Empty Cage"],"picked":"HolyWater"}],"items_purged_floors":[],"is_endless":false,"potions_floor_spawned":[7,8,10,14,16,18,20,28,30],"killed_by":"Automaton","ascension_level":0}}