{"host":"y76clbnovzmw9ubx","time":1611186865,"event":{"mods":["AchievementEnabler","BaseMod","Minty Spire (QoL Compilation)","Permanent Neow","Relic Stats"],"gold_per_floor":[214,234,234,251,3,34,34,47,47,72,88,138,157,167,167,167,167],"floor_reached":16,"language":"ENG","playtime":1373,"items_purged":["Strike_G"],"score":228,"play_id":"92917ace-8077-48cb-a810-e8e02f8981a8","local_time":"20210120185425","is_ascension_mode":true,"campfire_choices":[{"floor":7,"key":"REST"},{"floor":15,"key":"REST"}],"circlet_count":0,"master_deck":["AscendersBane","Strike_G","Strike_G","Strike_G","Strike_G","Defend_G","Defend_G","Defend_G","Defend_G","Defend_G","Survivor","Neutralize","Bane","Dash","Deadly Poison","Poisoned Stab","Slice","Well Laid Plans","Backstab"],"relics":["Ring of the Snake","Snake Skull","Gremlin Horn","Paper Crane"],"acts_visited":["Exordium"],"potions_floor_usage":[6,10,16,16],"damage_taken":[{"damage":0.0,"enemies":"Small Slimes","floor":1.0,"turns":4.0},{"damage":1.0,"enemies":"Cultist","floor":2.0,"turns":5.0},{"damage":0.0,"enemies":"Jaw Worm","floor":4.0,"turns":4.0},{"damage":26,"enemies":"Lagavulin","floor":6,"turns":8},{"damage":4,"enemies":"Lots of Slimes","floor":8,"turns":6},{"damage":18,"enemies":"3 Sentries","floor":10,"turns":11},{"damage":7,"enemies":"Looter","floor":11,"turns":3},{"damage":0,"enemies":"3 Louse","floor":13,"turns":4},{"damage":2,"enemies":"2 Fungi Beasts","floor":14,"turns":4},{"damage":41,"enemies":"Slime Boss","floor":16,"turns":10}],"seed_played":"-6537892649447154453","potions_obtained":[{"floor":1.0,"key":"LiquidMemories"},{"floor":4.0,"key":"Fire Potion"},{"floor":8,"key":"BlessingOfTheForge"},{"floor":14,"key":"Poison Potion"}],"is_trial":false,"path_per_floor":["M","M","?","M","$","E","R","M","T","E","M","?","M","M","R","B"],"character_chosen":"THE_SILENT","items_purchased":["Snake Skull"],"campfire_rested":2,"item_purchase_floors":[5],"current_hp_per_floor":[59,58,49,49,49,23,42,38,38,20,13,13,13,11,30,0,0],"gold":167,"neow_bonus":"HUNDRED_GOLD","is_daily":false,"chose_seed":false,"campfire_upgraded":0,"win_rate":0.0,"timestamp":1611186865,"path_taken":["M","M","?","M","$","E","R","?","T","E","?","?","M","M","R","BOSS"],"items_purchased_type":["Relic"],"build_version":"2020-12-22","purchased_purges":1,"victory":false,"max_hp_per_floor":[66,66,66,66,66,66,66,66,66,66,66,66,66,66,66,66,66],"relic_stats":{"Gremlin Horn":[11,11],"counters":[10,59],"Snake Skull":[23],"obtain_stats":[{"Gremlin Horn":6,"Snake Skull":5,"Paper Crane":10,"Ring of the Snake":0},{"Gremlin Horn":4,"Snake Skull":3,"Paper Crane":6,"Ring of the Snake":0},{"Gremlin Horn":21,"Snake Skull":13,"Paper Crane":38,"Ring of the Snake":0}],"Ring of the Snake":[20]},"card_choices":[{"not_picked":["Eviscerate","Deflect"],"picked":"Bane","floor":1.0},{"not_picked":["Underhanded Strike","Concentrate"],"picked":"Dash","floor":2.0},{"not_picked":["Backflip","Cloak And Dagger"],"picked":"Deadly Poison","floor":4.0},{"not_picked":["Blade Dance","Deadly Poison"],"picked":"Poisoned Stab","floor":6},{"not_picked":["Underhanded Strike","Phantasmal Killer","Bane"],"picked":"SKIP","floor":8},{"not_picked":["Distraction","Dagger Throw"],"picked":"Slice","floor":10},{"not_picked":["Backflip","Deadly Poison"],"picked":"Well Laid Plans","floor":11},{"not_picked":["Distraction","Underhanded Strike","Expertise"],"picked":"SKIP","floor":13},{"not_picked":["Outmaneuver","Setup"],"picked":"Backstab","floor":14}],"player_experience":3089296,"relics_obtained":[{"floor":6,"key":"Gremlin Horn"},{"floor":10,"key":"Paper Crane"}],"event_choices":[{"damage_healed":0.0,"max_hp_gain":0.0,"max_hp_loss":0.0,"gold_gain":0.0,"event_name":"Wheel of Change","player_choice":"Damaged","floor":3.0,"gold_loss":0.0,"damage_taken":9.0},{"damage_healed":0,"gold_gain":50,"player_choice":"Pray","damage_taken":0,"max_hp_gain":0,"max_hp_loss":0,"event_name":"Golden Shrine","floor":12,"gold_loss":0}],"is_beta":false,"boss_relics":[],"items_purged_floors":[5],"is_endless":false,"potions_floor_spawned":[1,4,8,14],"killed_by":"Slime Boss","ascension_level":20}}