{"host":"b5ofb9azpmwqws3x","time":1611124585,"event":{"mods":["BaseMod","Minty Spire (QoL Compilation)"],"gold_per_floor":[117,117,137,157,130,159,176,210,210,222,222,237,237,270,270,270,270],"floor_reached":16,"language":"ENG","playtime":762,"items_purged":[],"score":153,"play_id":"9532eb52-f50f-4631-9ff5-ed26c1128025","local_time":"20210120093625","is_ascension_mode":true,"campfire_choices":[{"floor":11,"key":"REST"},{"data":"Survivor","floor":15,"key":"SMITH"}],"circlet_count":0,"master_deck":["Strike_G","Strike_G","Strike_G","Strike_G","Strike_G","Defend_G","Defend_G","Defend_G","Defend_G","Defend_G","Survivor+1","Neutralize","CurseOfTheBell","Dagger Spray","PiercingWail","Footwork+1","Bane+1","Crippling Poison"],"relics":["Calling Bell","Strawberry","StrikeDummy","The Specimen","Boot","Ornamental Fan","Molten Egg 2","Blue Candle"],"acts_visited":["Exordium"],"potions_floor_usage":[6,14,14,16],"damage_taken":[{"damage":0.0,"enemies":"Cultist","floor":1.0,"turns":3.0},{"damage":0.0,"enemies":"Small Slimes","floor":3.0,"turns":3.0},{"damage":0.0,"enemies":"Jaw Worm","floor":4.0,"turns":5.0},{"damage":17,"enemies":"3 Sentries","floor":6,"turns":10},{"damage":20,"enemies":"Exordium Thugs","floor":7,"turns":5},{"damage":26,"enemies":"Lagavulin","floor":8,"turns":7},{"damage":3,"enemies":"Large Slime","floor":10,"turns":4},{"damage":2,"enemies":"2 Fungi Beasts","floor":12,"turns":4},{"damage":5,"enemies":"3 Sentries","floor":14,"turns":5},{"damage":35,"enemies":"Hexaghost","floor":16,"turns":14}],"seed_played":"2146934689954746232","potions_obtained":[{"floor":3.0,"key":"SkillPotion"},{"floor":7,"key":"Block Potion"},{"floor":8,"key":"PowerPotion"},{"floor":10,"key":"GamblersBrew"}],"is_trial":false,"path_per_floor":["M","?","M","M","?","E","M","E","T","M","R","M","?","E","R","B"],"character_chosen":"THE_SILENT","items_purchased":[],"campfire_rested":1,"item_purchase_floors":[],"current_hp_per_floor":[77,77,77,77,77,60,40,14,14,11,34,32,32,27,27,0,0],"gold":270,"neow_bonus":"BOSS_RELIC","is_daily":false,"chose_seed":false,"campfire_upgraded":1,"win_rate":0.0,"timestamp":1611124585,"path_taken":["M","?","M","M","?","E","M","E","T","M","R","M","?","E","R","BOSS"],"items_purchased_type":[],"build_version":"2020-12-22","purchased_purges":0,"victory":false,"max_hp_per_floor":[77,77,77,77,77,77,77,77,77,77,77,77,77,77,77,77,77],"card_choices":[{"not_picked":["Cloak And Dagger","Phantasmal Killer"],"picked":"Dagger Spray","floor":1.0},{"not_picked":["Outmaneuver","Infinite Blades"],"picked":"PiercingWail","floor":3.0},{"not_picked":["Dagger Spray","Backflip","All Out Attack"],"picked":"SKIP","floor":4.0},{"not_picked":["Flechettes","Deflect","Expertise"],"picked":"SKIP","floor":6},{"not_picked":["Cloak And Dagger","Outmaneuver","Acrobatics"],"picked":"SKIP","floor":7},{"not_picked":["Backflip","Storm of Steel","Caltrops"],"picked":"SKIP","floor":8},{"not_picked":["Sucker Punch+1","Caltrops"],"picked":"Footwork","floor":10},{"not_picked":["Blade Dance","Underhanded Strike+1"],"picked":"Bane+1","floor":12},{"not_picked":["Prepared","Dodge and Roll"],"picked":"Crippling Poison","floor":14}],"player_experience":255349,"relics_obtained":[{"floor":0.0,"key":"Strawberry"},{"floor":0.0,"key":"StrikeDummy"},{"floor":0.0,"key":"The Specimen"},{"floor":6,"key":"Boot"},{"floor":8,"key":"Ornamental Fan"},{"floor":9,"key":"Molten Egg 2"},{"floor":14,"key":"Blue Candle"}],"event_choices":[{"damage_healed":0.0,"max_hp_gain":0.0,"max_hp_loss":0.0,"gold_gain":0.0,"event_name":"The Cleric","player_choice":"Leave","floor":2.0,"gold_loss":0.0,"damage_taken":0.0},{"damage_healed":0.0,"max_hp_gain":0.0,"max_hp_loss":0.0,"gold_gain":0.0,"event_name":"World of Goop","player_choice":"Left Gold","floor":5.0,"gold_loss":27.0,"damage_taken":0.0},{"damage_healed":0,"gold_gain":0,"player_choice":"Grow","damage_taken":0,"max_hp_gain":0,"max_hp_loss":0,"event_name":"Living Wall","floor":13,"gold_loss":0,"cards_upgraded":["Footwork"]}],"is_beta":false,"boss_relics":[],"items_purged_floors":[],"is_endless":false,"potions_floor_spawned":[3,7,8,10],"killed_by":"Hexaghost","ascension_level":5}}