{"host":"oeotdbd679q6m6vu","time":1611136323,"event":{"mods":["Act Like it!","BaseMod","Colored Map","Decade(Õı–°√˜)","Downfall","Friendly Minions","Gensokyo","GifTheSpireLib","Highlight Path","Marisa£®ÏF”Í°°ƒß¿Ì…≥£©","Minty Spire (QoL Compilation)","Rare Cards Sparkle","Reimu£®≤©¿ˆ¡È√Œ£©","StSLib","The Animator","Youmu£®ªÍ∆«—˝√Œ£©"],"gold_per_floor":[99,111,111,123,33,33,33,61,79,79],"floor_reached":9,"language":"ZHS","playtime":569,"items_purged":["animator:Defend"],"score":52,"play_id":"efc0c91f-9b90-49b0-9579-13b7c6a4a5ce","local_time":"20210120045203","is_ascension_mode":true,"campfire_choices":[{"data":"animator:Kazuma","floor":1,"key":"SMITH"},{"data":"animator:Chris","floor":6,"key":"SMITH"}],"circlet_count":0,"master_deck":["animator:Strike_Konosuba","animator:Defend_Konosuba","animator:Strike","animator:Strike","animator:Strike","animator:Defend","animator:Defend","animator:Kazuma+1","animator:Aqua","animator:Verdia","animator:Millim","animator:Rider","animator:Chris+1","animator:EmiyaShirou"],"relics":["animator:LivingPicture","animator:TheMissingPiece","downfall:HeartsMalice"],"acts_visited":["Exordium"],"potions_floor_usage":[],"damage_taken":[{"damage":0,"enemies":"Cultist","floor":2,"turns":1},{"damage":0,"enemies":"Small Slimes","floor":3,"turns":1},{"damage":0,"enemies":"2 Louse","floor":4,"turns":1},{"damage":0,"enemies":"downfall:FleeingMerchant","floor":5,"turns":4},{"damage":42,"enemies":"Lots of Slimes","floor":8,"turns":7},{"damage":13,"enemies":"Lagavulin","floor":9,"turns":7}],"seed_played":"2860345627484959972","potions_obtained":[],"is_trial":false,"path_per_floor":["R","M","M","M","$","R","T","M","E"],"character_chosen":"THE_ANIMATOR","items_purchased":[],"campfire_rested":0,"item_purchase_floors":[],"current_hp_per_floor":[66,66,66,66,67,67,67,28,17,17],"gold":79,"neow_bonus":"THREE_ENEMY_KILL","is_daily":false,"chose_seed":false,"campfire_upgraded":2,"win_rate":0.0,"timestamp":1611136323,"path_taken":["R","M","M","?","?","R","T","M","E"],"items_purchased_type":[],"build_version":"2020-12-22","purchased_purges":1,"victory":false,"max_hp_per_floor":[66,66,66,66,67,67,67,68,68,68],"card_choices":[{"not_picked":["animator:Rider","animator:Togame"],"picked":"animator:Verdia","floor":2},{"not_picked":["animator:NagisaMomoe","animator:Geryuganshoop"],"picked":"animator:Millim","floor":3},{"not_picked":["animator:Vesta","animator:Hakurou"],"picked":"animator:Rider","floor":4},{"not_picked":["animator:Vanir","animator:Aqua"],"picked":"animator:Chris","floor":5},{"not_picked":["animator:Konayuki","animator:Lancer"],"picked":"animator:EmiyaShirou","floor":8}],"player_experience":357227,"relics_obtained":[],"event_choices":[],"is_beta":false,"boss_relics":[],"items_purged_floors":[5],"is_endless":false,"potions_floor_spawned":[],"killed_by":"Lagavulin","ascension_level":2}}