{"host":"qswkx8hggytna0kc","time":1611153524,"event":{"mods":["Aspiration","BaseMod","BetterRewards","Colored Map","Colored Powertips","Highlight Path","Hubris","Mimic Mod","Minty Spire (QoL Compilation)","MostiFishMod","Quick Restart","Replay The Spire","StSLib","SuperFastMode"],"gold_per_floor":[110,123,136,146,156,183,183,193,220,255,255,91,102,133,133,231,231,251,251,268,278,295,325,325,356,356,383,400,400,400,427,427,524,524,542,542,92,0,20,45,45,79,109,141,154,29,29,46,46,46,46,46,346,373,373],"floor_reached":56,"language":"ZHS","playtime":2692,"items_purged":["Strike_P","Strike_P+1","Strike_P+1"],"score":2209,"play_id":"797e7968-2498-49df-8e2d-cba7aaa8670f","local_time":"20210120223844","is_ascension_mode":true,"campfire_choices":[{"data":"MostiFishMod:DustFall","floor":11,"key":"SMITH"},{"data":"JustLucky","floor":15,"key":"SMITH"},{"data":"Alpha","floor":24,"key":"SMITH"},{"data":"TalkToTheHand","floor":29,"key":"SMITH"},{"floor":32,"key":"RECALL"},{"data":"JustLucky","floor":41,"key":"SMITH"},{"data":"JustLucky","floor":47,"key":"SMITH"},{"floor":49,"key":"REST"},{"floor":52,"key":"REST"}],"circlet_count":0,"master_deck":["Defend_P+1","Defend_P+1","Defend_P+1","Defend_P+1","Eruption+1","Vigilance+1","MostiFishMod:PathToVictory+1","FollowUp+1","InnerPeace+1","TalkToTheHand+1","MostiFishMod:DustFall+1","Wireheading+1","Finesse+1","JustLucky+1","ThirdEye+1","Alpha+1","CutThroughFate+1","MostiFishMod:DustFall+1","Replay:Cycle+1","CutThroughFate+1","CutThroughFate+1","Nirvana+1","SignatureMove+1","MostiFishMod:Disappear+1","JustLucky+1","Judgement+1","MostiFishMod:PathToVictory+1","JustLucky+1","JustLucky+1","ForeignInfluence+1","FollowUp+1","ForeignInfluence+1","JustLucky+1","JustLucky+1","Ragnarok+1","Secret Weapon+1"],"relics":["PureWater","DaveBox","DSteel32","aspiration:Nostalgia","Ring of the Snake","SynthV:TestCard","Turnip","hubris:TinFlute","Ancient Tea Set","OneHitWonderSystem","Meat on the Bone","Replay:Baseball","Orichalcum","Nunchaku","hubris:Zylophone","RhineSuit","hubris:Towel","MostiFishMod:AdaptiveDefenses","Boot","Red Mask","Question Card","ReplayTheSpireMod:TigerMarble","hubris:64BitClover","Incense Burner","hubris:CuriousFeather","hubris:NiceRug","Bag of Marbles","Torii","Sling","Replay:Bottled Steam"],"acts_visited":[],"potions_floor_usage":[55,55,55],"damage_taken":[{"damage":1.0,"enemies":"Jaw Worm","floor":1.0,"turns":4.0},{"damage":0.0,"enemies":"Cultist","floor":2.0,"turns":2.0},{"damage":0.0,"enemies":"Small Slimes","floor":3.0,"turns":2.0},{"damage":0.0,"enemies":"3 Louse","floor":4.0,"turns":3.0},{"damage":0.0,"enemies":"Blue Slaver","floor":5.0,"turns":3.0},{"damage":0.0,"enemies":"Lagavulin","floor":6.0,"turns":3.0},{"damage":0,"enemies":"Looter","floor":8,"turns":1},{"damage":0,"enemies":"Replay:BlueRogue","floor":10,"turns":5},{"damage":0,"enemies":"Exordium Wildlife","floor":13,"turns":2},{"damage":4,"enemies":"Gremlin Nob","floor":14,"turns":4},{"damage":3,"enemies":"Hexaghost","floor":16,"turns":8},{"damage":0,"enemies":"Spheric Guardian","floor":18,"turns":3},{"damage":0,"enemies":"2 Thieves","floor":20,"turns":3},{"damage":0,"enemies":"Snake Plant","floor":21,"turns":4},{"damage":0,"enemies":"Shelled Parasite and Fungi","floor":22,"turns":4},{"damage":0,"enemies":"Slavers","floor":23,"turns":3},{"damage":0,"enemies":"Gremlin Leader","floor":25,"turns":4},{"damage":0,"enemies":"Replay:Snechameleon","floor":27,"turns":4},{"damage":0,"enemies":"Centurion and Healer","floor":28,"turns":3},{"damage":0,"enemies":"Slavers","floor":31,"turns":4},{"damage":0,"enemies":"Champ","floor":33,"turns":7},{"damage":0,"enemies":"3 Shapes","floor":35,"turns":3},{"damage":0,"enemies":"3 Darklings","floor":39,"turns":3},{"damage":0,"enemies":"Reptomancer","floor":40,"turns":2},{"damage":0,"enemies":"Nemesis","floor":42,"turns":3},{"damage":0,"enemies":"Spire Growth","floor":43,"turns":5},{"damage":0,"enemies":"Giant Head","floor":44,"turns":3},{"damage":0,"enemies":"Spire Growth","floor":45,"turns":1},{"damage":0,"enemies":"Jaw Worm Horde","floor":48,"turns":2},{"damage":0,"enemies":"Donu and Deca","floor":50,"turns":2},{"damage":0,"enemies":"hubris:Merchant","floor":53,"turns":3},{"damage":0,"enemies":"Shield and Spear","floor":54,"turns":2},{"damage":0,"enemies":"The Heart","floor":55,"turns":5}],"seed_played":"5692246628058425369","potions_obtained":[{"floor":1.0,"key":"Swift Potion"},{"floor":4.0,"key":"PowerPotion"},{"floor":8,"key":"Weak Potion"},{"floor":20,"key":"LiquidMemories"},{"floor":54,"key":"Energy Potion"}],"is_trial":false,"path_per_floor":["M","M","M","M","M","E","?","M","T","E","R","$","M","E","R","B",null,"M","?","M","M","M","E","R","E","T","E","M","R","?","E","R","B",null,"M","?","$","?","M","E","R","E","MIM","E","M","$","R","M","R","B",null,"R","$","E","B",null],"character_chosen":"WATCHER","items_purchased":["Finesse","MostiFishMod:AdaptiveDefenses","JustLucky","Boot"],"campfire_rested":2,"item_purchase_floors":[12,37,37,37],"current_hp_per_floor":[71,71,71,71,71,71,64,64,64,64,64,64,64,60,60,57,1,1,1,1,1,1,1,1,1,1,1,1,1,1,1,1,1,1,1,1,1,1,1,1,1,1,1,1,1,1,1,1,1,1,1,1,1,1,1],"gold":373,"neow_bonus":"NOSTALGIA","is_daily":false,"chose_seed":false,"campfire_upgraded":6,"win_rate":0.0,"timestamp":1611153524,"path_taken":["M","M","M","M","M","E","?","M","T","E","R","$","M","E","R","BOSS","M","?","M","M","?","E","R","E","T","E","M","R","?","E","R","BOSS","M","?","$","?","M","E","R","E","MIM","E","M","?","R","M","R","BOSS","R","$","E","BOSS"],"items_purchased_type":["Card","Relic","Card","Relic"],"build_version":"2020-12-22","purchased_purges":3,"victory":true,"max_hp_per_floor":[72,72,72,72,72,72,72,72,72,72,72,72,72,72,72,72,1,1,1,1,1,1,1,1,1,1,1,1,1,1,1,1,1,1,1,1,1,1,1,1,1,1,1,1,1,1,1,1,1,1,1,1,1,1,1],"card_choices":[{"not_picked":["Consecrate","ThirdEye"],"picked":"MostiFishMod:PathToVictory","floor":1.0},{"not_picked":["EmptyFist","Replay:AtTheReady","PathToVictory","Evaluate"],"picked":"FollowUp","floor":2.0},{"not_picked":["BowlingBash","FlurryOfBlows","Halt","Indignation"],"picked":"InnerPeace","floor":3.0},{"not_picked":["Replay:AtTheReady","MostiFishMod:Clarity","Prostrate","Replay:Battleflow"],"picked":"TalkToTheHand","floor":4.0},{"not_picked":["Fasting2","JustLucky","Replay:DivineShield","FlyingSleeves"],"picked":"MostiFishMod:DustFall","floor":5.0},{"not_picked":["MostiFishMod:LegendTransform","MostiFishMod:Nomercy","Omniscience","CrushJoints"],"picked":"TalkToTheHand","floor":6.0},{"not_picked":["Prostrate","Tantrum","MostiFishMod:Clarity","Worship"],"picked":"Wireheading","floor":8},{"not_picked":["FlyingSleeves","WaveOfTheHand","Evaluate","SignatureMove","CarveReality"],"picked":"SKIP","floor":10},{"not_picked":["SashWhip","Replay:ManipulateFuture","Study","MostiFishMod:Speedup"],"picked":"JustLucky","floor":13},{"not_picked":["TalkToTheHand","Tantrum","LikeWater","Replay:Anticipation"],"picked":"ThirdEye","floor":14},{"not_picked":["Devotion","Replay:AllIn","MostiFishMod:Dust","Wish"],"picked":"Alpha","floor":16},{"not_picked":["EmptyFist","Protect","Halt","SashWhip"],"picked":"CutThroughFate","floor":18},{"not_picked":["MostiFishMod:LegendTransform+1","Halt","ThirdEye+1","Prostrate"],"picked":"Replay:Cycle","floor":20},{"not_picked":["ClearTheMind","Consecrate+1","Replay:AtTheReady","Adaptation"],"picked":"CutThroughFate","floor":21},{"not_picked":["FlyingSleeves","Halt+1","ThirdEye","BowlingBash"],"picked":"CutThroughFate","floor":22},{"not_picked":["MostiFishMod:KamiSmash","Replay:AtTheReady+1","MostiFishMod:Clarity","SashWhip"],"picked":"Nirvana+1","floor":23},{"not_picked":["Fasting2","FlyingSleeves+1","Replay:ManipulateFuture+1","Halt+1"],"picked":"SignatureMove","floor":25},{"not_picked":["Replay:Hum","Pray","ForeignInfluence","FollowUp"],"picked":"MostiFishMod:Disappear","floor":27},{"not_picked":["Wallop","Evaluate","Prostrate","SashWhip+1","Replay:BluntJabs+1"],"picked":"SKIP","floor":28},{"not_picked":["PathToVictory","MostiFishMod:StarOceanP","FlurryOfBlows+1","WaveOfTheHand"],"picked":"JustLucky+1","floor":31},{"not_picked":["MostiFishMod:Unraveling","MostiFishMod:KamiSmash","MostiFishMod:Adaptation","Wish"],"picked":"Judgement","floor":33},{"not_picked":["Adaptation+1","Replay:Anticipation","CrushJoints","Halt+1"],"picked":"MostiFishMod:PathToVictory","floor":35},{"not_picked":["Evaluate+1","PathToVictory+1","Replay:AtTheReady","Replay:Battleflow"],"picked":"JustLucky","floor":39},{"not_picked":["Worship+1","Halt+1","Vault","Replay:Vibes"],"picked":"ForeignInfluence+1","floor":40},{"not_picked":["BowlingBash","Wish","Replay:ManipulateFuture+1","Sanctity+1","PathToVictory"],"picked":"FollowUp+1","floor":42},{"not_picked":["Evaluate","Collect+1","Replay:Vibes+1","WreathOfFlame","Pray"],"picked":"ForeignInfluence+1","floor":44},{"not_picked":["Prostrate","Replay:BluntJabs+1","SpiritShield","Protect","Halt+1"],"picked":"JustLucky","floor":45},{"not_picked":["Replay:AtTheReady+1","Replay:ManipulateFuture","Wallop","Replay:Vibes","SandsOfTime+1"],"picked":"JustLucky+1","floor":48},{"not_picked":[],"picked":"Ragnarok","floor":53},{"not_picked":[],"picked":"Secret Weapon","floor":53},{"not_picked":["Replay:BluntJabs"],"picked":"SKIP","floor":53},{"not_picked":["Protect"],"picked":"SKIP","floor":53},{"not_picked":["Replay:AtTheReady"],"picked":"SKIP","floor":53},{"not_picked":["Nirvana"],"picked":"SKIP","floor":53},{"not_picked":["ReplayTheSpireMod:Trickstab"],"picked":"SKIP","floor":53},{"not_picked":["SashWhip+1","Ragnarok","MostiFishMod:Clarity","CrushJoints+1","EmptyBody+1","Protect+1"],"picked":"SKIP","floor":54},{"not_picked":["SashWhip+1","Ragnarok","MostiFishMod:Clarity","CrushJoints+1","EmptyBody+1","Protect+1"],"picked":"SKIP","floor":54}],"player_experience":355180,"relics_obtained":[{"floor":1.0,"key":"SynthV:TestCard"},{"floor":6.0,"key":"Turnip"},{"floor":10,"key":"hubris:TinFlute"},{"floor":14,"key":"Ancient Tea Set"},{"floor":23,"key":"Meat on the Bone"},{"floor":25,"key":"Replay:Baseball"},{"floor":26,"key":"Orichalcum"},{"floor":27,"key":"Nunchaku"},{"floor":31,"key":"hubris:Zylophone"},{"floor":40,"key":"Question Card"},{"floor":42,"key":"ReplayTheSpireMod:TigerMarble"},{"floor":43,"key":"hubris:64BitClover"},{"floor":43,"key":"Incense Burner"},{"floor":44,"key":"hubris:CuriousFeather"},{"floor":53,"key":"Bag of Marbles"},{"floor":53,"key":"Torii"},{"floor":53,"key":"Sling"},{"floor":54,"key":"Replay:Bottled Steam"}],"event_choices":[{"cards_removed":["Strike_P"],"damage_healed":0.0,"max_hp_gain":0.0,"max_hp_loss":0.0,"gold_gain":0.0,"event_name":"Golden Wing","player_choice":"Card Removal","floor":7.0,"gold_loss":0.0,"damage_taken":7.0},{"damage_healed":0,"gold_gain":0,"player_choice":"Copied","damage_taken":0,"max_hp_gain":0,"max_hp_loss":0,"event_name":"Duplicator","floor":19,"gold_loss":0,"cards_obtained":["MostiFishMod:DustFall"]},{"damage_healed":0,"gold_gain":0,"player_choice":"Paid","damage_taken":0,"relics_obtained":["Red Mask"],"max_hp_gain":0,"max_hp_loss":0,"event_name":"Tomb of Lord Red Mask","floor":38,"gold_loss":92}],"is_beta":false,"boss_relics":[{"not_picked":["TakeMeEscape","Astrolabe"],"picked":"OneHitWonderSystem"},{"not_picked":["NightmareShop","HereWithMe"],"picked":"RhineSuit"}],"items_purged_floors":[12,37,46],"is_endless":false,"potions_floor_spawned":[1,4,8,10,13,16,18,20,27,31,33,35,42,44,45,54],"ascension_level":4}}