{"host":"5ty8fyb0ngp9gspj","time":1611138592,"event":{"mods":["2.2 Compatiblity","AchievementEnabler","Act Like it!","BaseMod","Colored Map","Downfall","Minty Spire (QoL Compilation)","Rare Cards Sparkle","Relic Stats","StSLib","The Jungle","slay the spire mod where everything is the same but ironclad has a cowboy hat"],"gold_per_floor":[118,118,43,60,72,72,91,91,116,151,151,168,168,168,168,168,168],"floor_reached":16,"language":"ENG","playtime":183,"items_purged":["Defend_R"],"score":100,"play_id":"3f629c1a-2c6c-44d6-b9b9-21edb70ecc7d","local_time":"20210120212952","is_ascension_mode":false,"campfire_choices":[{"data":"Thunderclap","floor":6,"key":"SMITH"},{"data":"Strike_R","floor":11,"key":"SMITH"},{"floor":13,"key":"RECALL"},{"floor":15,"key":"REST"}],"circlet_count":0,"master_deck":["Strike_R","Strike_R+1","Strike_R","Strike_R","Defend_R","Defend_R","Defend_R","Bash+1","Thunderclap+1"],"relics":["Burning Blood","NeowsBlessing","hexamod:BolsterEngine","Lantern"],"acts_visited":["Exordium"],"potions_floor_usage":[10,16,16],"damage_taken":[{"damage":0,"enemies":"Small Slimes","floor":1,"turns":1},{"damage":0,"enemies":"Cultist","floor":4,"turns":1},{"damage":0,"enemies":"2 Louse","floor":5,"turns":1},{"damage":16,"enemies":"Large Slime","floor":7,"turns":5},{"damage":26,"enemies":"Gremlin Nob","floor":10,"turns":5},{"damage":13,"enemies":"Red Slaver","floor":12,"turns":2},{"damage":71,"enemies":"Hexaghost","floor":16,"turns":8}],"seed_played":"-1788943192981691226","potions_obtained":[{"floor":1,"key":"BloodPotion"},{"floor":4,"key":"Guardian:BlockOnCardUsePotion"},{"floor":12,"key":"SkillPotion"}],"is_trial":false,"path_per_floor":["M","?","$","M","M","R","M","?","T","E","R","M","R","?","R","B"],"character_chosen":"IRONCLAD","items_purchased":[],"campfire_rested":1,"item_purchase_floors":[],"current_hp_per_floor":[80,80,80,80,80,80,70,70,70,50,50,43,43,36,60,5,5],"gold":168,"neow_bonus":"THREE_ENEMY_KILL","is_daily":false,"chose_seed":false,"campfire_upgraded":2,"win_rate":0.0,"timestamp":1611138592,"path_taken":["M","?","$","M","?","R","M","?","T","E","R","M","R","?","R","BOSS"],"items_purchased_type":[],"build_version":"2020-12-22","purchased_purges":1,"victory":false,"max_hp_per_floor":[80,80,80,80,80,80,80,80,80,80,80,80,80,80,80,80,80],"relic_stats":{"counters":[7,22],"obtain_stats":[{"Lantern":10,"NeowsBlessing":0,"hexamod:BolsterEngine":9,"Burning Blood":0},{"Lantern":5,"NeowsBlessing":0,"hexamod:BolsterEngine":4,"Burning Blood":0},{"Lantern":13,"NeowsBlessing":0,"hexamod:BolsterEngine":8,"Burning Blood":0}],"Burning Blood":18},"card_choices":[{"not_picked":["Dual Wield","Cleave","Shrug It Off"],"picked":"SKIP","floor":1},{"not_picked":["Rampage","Sever Soul","Feel No Pain"],"picked":"SKIP","floor":4},{"not_picked":["Headbutt","Iron Wave"],"picked":"Thunderclap","floor":5},{"not_picked":["Heavy Blade","Power Through","Dark Embrace"],"picked":"SKIP","floor":7},{"not_picked":["True Grit","Flame Barrier","Heavy Blade"],"picked":"SKIP","floor":10},{"not_picked":["Burning Pact","Heavy Blade","Iron Wave"],"picked":"SKIP","floor":12}],"player_experience":412228,"relics_obtained":[{"floor":9,"key":"hexamod:BolsterEngine"},{"floor":10,"key":"Lantern"}],"event_choices":[{"damage_healed":0,"gold_gain":0,"player_choice":"Forge","damage_taken":0,"max_hp_gain":0,"max_hp_loss":0,"event_name":"Accursed Blacksmith","floor":2,"gold_loss":0,"cards_upgraded":["Bash"]},{"damage_healed":0,"gold_gain":0,"player_choice":"Ignored","damage_taken":0,"max_hp_gain":0,"max_hp_loss":0,"event_name":"Golden Idol","floor":8,"gold_loss":0},{"cards_removed":["Strike_R"],"damage_healed":0,"gold_gain":0,"player_choice":"Card Removal","damage_taken":7,"max_hp_gain":0,"max_hp_loss":0,"event_name":"Golden Wing","floor":14,"gold_loss":0}],"is_beta":false,"boss_relics":[],"items_purged_floors":[3],"is_endless":false,"potions_floor_spawned":[1,4,12],"killed_by":"Hexaghost","ascension_level":0}}