{"host":"neshiy0twyn5josp","time":1611146563,"event":{"mods":["AchievementEnabler","Act Like it!","AlwaysNeverKeys","Aspiration","BaseMod","Better Note","Better Silent Start","Better Third Choice","Challenge The Spire","Colored Powertips","Conspire","Emptier Cage","Energized Spire","GifTheSpireLib","Hubris","Minty Spire (QoL Compilation)","Permanent Neow","Quick Restart","Rare Cards Sparkle","Replay The Spire","Reworked Bosses","Spicy Shops","StS++","StSLib","Stuff the Spire"],"gold_per_floor":[112,131,10,10,10,10,30,30,30,30,30,50,50,50,50,50,50],"floor_reached":16,"language":"ENG","playtime":587,"items_purged":[],"score":92,"play_id":"9605f068-9ddf-4b49-b133-d5ef5cd3e4b1","local_time":"20210120044243","is_ascension_mode":true,"campfire_choices":[{"data":"StSpp:Anticipation","floor":6,"key":"SMITH"},{"data":"Neutralize","floor":11,"key":"SMITH"},{"data":"StuffTheSpire:BrimstoneBlast","floor":13,"key":"SMITH"},{"data":"Survivor","floor":15,"key":"SMITH"}],"circlet_count":0,"master_deck":["Strike_G","Strike_G","Strike_G","Strike_G","Defend_G","Defend_G","Defend_G","Survivor+1","Neutralize+1","StSpp:Anticipation+1","StuffTheSpire:BrimstoneBlast+1"],"relics":["Ring of the Snake","Replay:Bottled Flurry","Replay:Accelerometer","FaceOfCleric"],"acts_visited":["Exordium"],"potions_floor_usage":[],"damage_taken":[{"damage":0,"enemies":"Jaw Worm","floor":1,"turns":6},{"damage":0,"enemies":"Cultist","floor":2,"turns":3},{"damage":0,"enemies":"Small Slimes","floor":7,"turns":4},{"damage":0,"enemies":"Looter","floor":12,"turns":4},{"damage":50,"enemies":"Hexaghost","floor":16,"turns":14}],"seed_played":"8851872364676350871","potions_obtained":[{"floor":7,"key":"SmokeBomb"}],"is_trial":false,"path_per_floor":["M","M","$","?","$","R","M","$","T","?","R","M","R","?","R","B"],"character_chosen":"THE_SILENT","items_purchased":["Replay:Bottled Flurry"],"campfire_rested":0,"item_purchase_floors":[3],"current_hp_per_floor":[70,70,70,70,70,70,70,70,70,70,70,70,70,70,70,20,20],"gold":50,"neow_bonus":"REMOVE_CARD","is_daily":false,"chose_seed":false,"campfire_upgraded":4,"win_rate":0.0,"timestamp":1611146563,"path_taken":["M","M","$","?","?","R","M","$","T","?","R","M","R","?","R","BOSS"],"items_purchased_type":["Relic"],"build_version":"2020-12-22","purchased_purges":0,"victory":false,"max_hp_per_floor":[70,70,70,70,70,70,70,70,70,70,70,70,70,70,70,70,70],"card_choices":[{"not_picked":["Slice","Choke","Flying Knee"],"picked":"SKIP","floor":1},{"not_picked":["StuffTheSpire:Python","Flying Knee"],"picked":"StSpp:Anticipation","floor":2},{"not_picked":["StSpp:PoisonousPunch","StuffTheSpire:ReptileScales","Underhanded Strike"],"picked":"SKIP","floor":7},{"not_picked":["Accuracy","Underhanded Strike"],"picked":"StuffTheSpire:BrimstoneBlast","floor":12}],"player_experience":305243,"relics_obtained":[{"floor":9,"key":"Replay:Accelerometer"}],"event_choices":[{"damage_healed":0,"gold_gain":0,"player_choice":"Ignored","damage_taken":0,"max_hp_gain":0,"max_hp_loss":0,"event_name":"WeMeetAgain","floor":4,"gold_loss":0},{"damage_healed":0,"gold_gain":0,"player_choice":"Trade","damage_taken":0,"relics_obtained":["FaceOfCleric"],"max_hp_gain":0,"max_hp_loss":0,"event_name":"FaceTrader","floor":14,"gold_loss":0}],"is_beta":false,"boss_relics":[],"items_purged_floors":[],"is_endless":false,"potions_floor_spawned":[7],"killed_by":"Hexaghost","ascension_level":1}}