{"host":"ewfe3cr33ktd9xzj","time":1611116710,"event":{"mods":["AchievementEnabler","Arknights The Spire","BaseMod","Colored Map","Custom Start","DeckTracker","Minty Spire (QoL Compilation)","Permanent Neow","Quick Restart","Rare Cards Sparkle","StSLib","everything is the same but u backflip on backflip"],"gold_per_floor":[111,186,31,41,51,51,62,92,92,117,117,128,128,128,128,225,225,243,261,38,0,0,0,12,12,38,38,53,53,68,83,83,187,187,204,204,204,222,44,369,369,369,369],"floor_reached":42,"language":"KOR","playtime":1306,"items_purged":["ats:Strike S","ats:Strike V"],"score":486,"play_id":"3b94a881-b39a-489c-ba4a-01d3c016c1ca","local_time":"20210120132510","is_ascension_mode":false,"campfire_choices":[{"data":"ats:Cat Scratch","floor":6.0,"key":"SMITH"},{"data":"ats:Hammer On","floor":11.0,"key":"SMITH"},{"floor":15.0,"key":"REST"},{"data":"ats:Thermite Blade","floor":23.0,"key":"SMITH"},{"data":"ats:Collapsing Strike","floor":25.0,"key":"SMITH"},{"data":"ats:Support Order","floor":27.0,"key":"SMITH"},{"data":"ats:Shadow Raid","floor":32.0,"key":"SMITH"},{"data":"ats:Magnetic Hammer","floor":41,"key":"SMITH"}],"circlet_count":0,"master_deck":["ats:Strike G","ats:Armor Crushing Shot","ats:Defend","ats:Defend","ats:Defend","ats:Defend","ats:Emotion Absorption","ats:Cat Scratch+1","ats:Powerful Strike","ats:Shadow Raid+1","ats:Hammer On+1","ats:Collapsing Strike+1","ats:Wolf Pack","ats:Thermite Blade+1","ats:Curse Doll","ats:Powerful Strike+1","ats:Beaten Up+1","ats:Calcification","ats:Beaten Up+1","ats:Magnetic Hammer+1","ats:Very Hot Blade+1"],"relics":["Sozu","ats:Ability Aura","ats:Originium","Darkstone Periapt","Frozen Egg 2","Pear","Runic Pyramid","ats:Attack","Blue Candle","Strawberry","Black Star","Mango","Dream Catcher","Old Coin"],"acts_visited":["Exordium","TheCity","TheBeyond"],"potions_floor_usage":[],"damage_taken":[{"damage":0.0,"enemies":"Small Slimes","floor":1.0,"turns":4.0},{"damage":3.0,"enemies":"Jaw Worm","floor":4.0,"turns":4.0},{"damage":0.0,"enemies":"2 Louse","floor":5.0,"turns":2.0},{"damage":0.0,"enemies":"2 Fungi Beasts","floor":7.0,"turns":3.0},{"damage":21.0,"enemies":"Gremlin Nob","floor":8.0,"turns":4.0},{"damage":22.0,"enemies":"3 Sentries","floor":10.0,"turns":7.0},{"damage":0.0,"enemies":"Large Slime","floor":12.0,"turns":4.0},{"damage":19.0,"enemies":"Hexaghost","floor":16.0,"turns":8.0},{"damage":17.0,"enemies":"2 Thieves","floor":18.0,"turns":4.0},{"damage":4.0,"enemies":"Spheric Guardian","floor":19.0,"turns":4.0},{"damage":12.0,"enemies":"Centurion and Healer","floor":24.0,"turns":4.0},{"damage":5.0,"enemies":"Snecko","floor":28.0,"turns":5.0},{"damage":0.0,"enemies":"Snake Plant","floor":30.0,"turns":3.0},{"damage":17.0,"enemies":"Centurion and Healer","floor":31.0,"turns":5.0},{"damage":32.0,"enemies":"Automaton","floor":33.0,"turns":10.0},{"damage":2.0,"enemies":"Orb Walker","floor":35.0,"turns":4.0},{"damage":8.0,"enemies":"3 Shapes","floor":38.0,"turns":5.0},{"damage":47.0,"enemies":"Reptomancer","floor":40.0,"turns":8.0},{"damage":46,"enemies":"Giant Head","floor":42,"turns":9}],"seed_played":"2252332354169164720","potions_obtained":[],"is_trial":false,"path_per_floor":["M","?","$","M","M","R","M","E","T","E","R","M","?","?","R","B",null,"M","M","$","?","?","R","M","R","T","R","M","?","M","M","R","B",null,"M","?","T","M","$","E","R","E"],"character_chosen":"DOCTOR_CLASS","items_purchased":["ats:Ability Aura","ats:Attack","ats:Magnetic Hammer"],"campfire_rested":1,"item_purchase_floors":[3,20,39],"current_hp_per_floor":[72,61,61,58,58,58,58,37,37,25,25,25,25,18,42,23,82,65,61,61,61,61,61,49,49,56,56,51,51,51,34,34,2,89,87,87,101,95,95,50,50,6,6],"gold":369,"neow_bonus":"BOSS_RELIC","is_daily":false,"chose_seed":false,"campfire_upgraded":7,"win_rate":0.0,"timestamp":1611116710,"path_taken":["M","?","$","M","M","R","M","E","T","E","R","M","?","?","R","BOSS","M","M","$","?","?","R","M","R","T","R","M","?","M","M","R","BOSS","M","?","?","?","$","E","R","E"],"items_purchased_type":["Relic","Relic","Card"],"build_version":"2020-12-22","purchased_purges":2,"victory":false,"max_hp_per_floor":[72,72,72,72,72,72,72,72,72,82,82,82,82,82,82,82,82,82,82,82,82,82,82,82,82,89,89,89,89,89,89,89,89,89,89,89,103,103,103,103,103,103,103],"card_choices":[{"not_picked":["ats:Apocalypse","ats:Curse Doll","ats:Revitalization"],"picked":"SKIP","floor":1.0},{"not_picked":["ats:LN2 Cannon","ats:Part Time Job"],"picked":"ats:Cat Scratch","floor":4.0},{"not_picked":["ats:Neurotoxin","ats:Consecutive Shot Auto"],"picked":"ats:Powerful Strike","floor":5.0},{"not_picked":["ats:Revitalization","ats:Curse Doll","ats:Powerful Strike"],"picked":"SKIP","floor":7.0},{"not_picked":["ats:Powerful Strike","ats:Flexible Camouflage"],"picked":"ats:Shadow Raid","floor":8.0},{"not_picked":["ats:Childhood Dance","ats:Shell Defense"],"picked":"ats:Hammer On","floor":10.0},{"not_picked":["ats:Healing Strengthening+1","ats:Ambush+1"],"picked":"ats:Collapsing Strike","floor":12.0},{"not_picked":["ats:Ambush+1","ats:Durian"],"picked":"ats:Wolf Pack","floor":16.0},{"not_picked":["ats:Curse Doll","ats:Assault Order"],"picked":"ats:Thermite Blade","floor":18.0},{"not_picked":["ats:Part Time Job+1","ats:Burning Ground+1","ats:Leaping Hammer"],"picked":"SKIP","floor":19.0},{"not_picked":["ats:Hammer On","ats:Powerful Strike"],"picked":"ats:Support Order","floor":24.0},{"not_picked":["ats:Shadow Raid","ats:Burning Ground+1","ats:Curse Doll"],"picked":"SKIP","floor":28.0},{"not_picked":["ats:Shadow Raid","ats:Burning Ground+1"],"picked":"ats:Curse Doll","floor":28.0},{"not_picked":["ats:Poison Spread","ats:Leaping Hammer"],"picked":"ats:Powerful Strike+1","floor":30.0},{"not_picked":["ats:Ignite","ats:Childhood Dance+1"],"picked":"ats:Beaten Up+1","floor":31.0},{"not_picked":["ats:Nebulous Foxfire","ats:Volcano"],"picked":"ats:Calcification","floor":33.0},{"not_picked":["ats:Guardian Obelisk","ats:Powerful Strike","ats:Assault Order+1"],"picked":"SKIP","floor":35.0},{"not_picked":["ats:Flexible Camouflage","ats:Neurotoxin+1"],"picked":"ats:Beaten Up+1","floor":38.0},{"not_picked":["ats:Charging Defense","ats:Blood Oath"],"picked":"ats:Very Hot Blade+1","floor":40.0}],"player_experience":49069,"relics_obtained":[{"floor":8.0,"key":"ats:Originium"},{"floor":8.0,"key":"Darkstone Periapt"},{"floor":9.0,"key":"Frozen Egg 2"},{"floor":10.0,"key":"ats:Originium"},{"floor":10.0,"key":"Pear"},{"floor":26.0,"key":"Strawberry"},{"floor":37.0,"key":"Mango"},{"floor":40.0,"key":"ats:Originium"},{"floor":40.0,"key":"Dream Catcher"},{"floor":40.0,"key":"Old Coin"}],"event_choices":[{"damage_healed":0.0,"max_hp_gain":0.0,"max_hp_loss":0.0,"gold_gain":75.0,"event_name":"World of Goop","player_choice":"Gather Gold","floor":2.0,"gold_loss":0.0,"damage_taken":11.0},{"damage_healed":0.0,"max_hp_gain":0.0,"max_hp_loss":0.0,"gold_gain":0.0,"event_name":"Liars Game","player_choice":"Ignored","floor":13.0,"gold_loss":0.0,"damage_taken":0.0},{"cards_removed":["ats:Strike C"],"damage_healed":0.0,"max_hp_gain":0.0,"max_hp_loss":0.0,"gold_gain":0.0,"event_name":"Golden Wing","player_choice":"Card Removal","floor":14.0,"gold_loss":0.0,"damage_taken":7.0},{"damage_healed":0.0,"max_hp_gain":0.0,"max_hp_loss":0.0,"gold_gain":0.0,"event_name":"Masked Bandits","player_choice":"Paid Fearfully","floor":21.0,"gold_loss":38.0,"damage_taken":0.0},{"damage_healed":0.0,"max_hp_gain":0.0,"max_hp_loss":0.0,"gold_gain":0.0,"event_name":"The Mausoleum","player_choice":"Opened","floor":22.0,"gold_loss":0.0,"damage_taken":0.0,"relics_obtained":["Blue Candle"]},{"damage_healed":0.0,"max_hp_gain":0.0,"max_hp_loss":0.0,"gold_gain":0.0,"event_name":"Vampires","player_choice":"Ignored","floor":29.0,"gold_loss":0.0,"damage_taken":0.0},{"cards_removed":["ats:Support Order"],"damage_healed":0.0,"max_hp_gain":0.0,"max_hp_loss":0.0,"gold_gain":0.0,"event_name":"Falling","player_choice":"Removed Skill","floor":36.0,"gold_loss":0.0,"damage_taken":0.0}],"is_beta":false,"boss_relics":[{"not_picked":["Busted Crown","Ectoplasm"],"picked":"Runic Pyramid"},{"not_picked":["Snecko Eye","Runic Dome"],"picked":"Black Star"}],"items_purged_floors":[20,39],"is_endless":false,"potions_floor_spawned":[4,7,10,16,18,24,28,38,40],"killed_by":"Giant Head","ascension_level":0}}