{"host":"TheHustler","time":1611158660,"event":{"mods":["BaseMod","Block Reminder","Colored Map","Colored Powertips","Minty Spire (QoL Compilation)","Quick Restart","StSLib","SuperFastMode","Unceasing Turn Reminder"],"gold_per_floor":[114,114,114,64,83,83,121,140,140,159,159,178,197,216,216,341,341,360,135,135,154,67,67,86,124,174,174,24,62,74,105,117,254,266,297,309,359,371,421,480,517,576,613,653,712,724,435,454,454,454],"floor_reached":51,"language":"ENG","playtime":1795,"items_purged":["Grand Finale"],"score":1108,"play_id":"a4f0a278-73be-4651-be19-6ed4702ef93a","local_time":"20210120170420","daily_mods":["Shiny","Red Cards","DeadlyEvents"],"is_ascension_mode":false,"campfire_choices":[{"data":"Armaments","floor":6,"key":"SMITH"},{"data":"Barricade","floor":11,"key":"SMITH"},{"data":"Adrenaline","floor":15,"key":"SMITH"},{"data":"Trip","floor":23,"key":"SMITH"},{"floor":27,"key":"REST"},{"floor":32,"key":"REST"},{"data":"Adrenaline","floor":46,"key":"SMITH"},{"data":"After Image","floor":49,"key":"SMITH"}],"circlet_count":0,"master_deck":["Double Tap","Demon Form","Bludgeon","Feed","Limit Break","Corruption+1","Barricade+1","Fiend Fire","Berserk","Impervious","Juggernaut+1","Reaper","Exhume","Offering","Immolate","Venomology","Corpse Explosion","Malaise","Phantasmal Killer","Die Die Die","Adrenaline+1","Envenom","Doppelganger+1","Burst","Wraith Form v2+1","Tools of the Trade","Night Terror","Unload","After Image+1","Bullet Time","Storm of Steel","Glass Knife","A Thousand Cuts","Infernal Blade","Armaments+1","Infinite Blades","Body Slam","Shrug It Off","Thunderclap","Adrenaline+1","Limit Break","Backflip","Trip+1","Adrenaline","Backflip+1","Tactician+1","Adrenaline","Shockwave+1","Shrug It Off","Shrug It Off+1","Outmaneuver+1","Feel No Pain","Feel No Pain"],"relics":["Ring of the Snake","Golden Idol","Regal Pillow","Bronze Scales","SlaversCollar","Snake Skull","Akabeko","MealTicket","ClockworkSouvenir","MawBank","Black Star","Centennial Puzzle","InkBottle","Ancient Tea Set","Bottled Tornado","Anchor","CeramicFish","Toy Ornithopter","Nunchaku","Pen Nib","Orichalcum","Strawberry","Dead Branch","DollysMirror"],"acts_visited":["Exordium","TheCity","TheBeyond"],"potions_floor_usage":[8,8,10,13,18,18,18,25,25,35,37,40,42,44,45,45,50,50,50],"damage_taken":[{"damage":0,"enemies":"2 Louse","floor":1,"turns":1},{"damage":7,"enemies":"Small Slimes","floor":5,"turns":2},{"damage":4,"enemies":"3 Sentries","floor":7,"turns":4},{"damage":0,"enemies":"Cultist","floor":8,"turns":2},{"damage":2,"enemies":"3 Louse","floor":10,"turns":3},{"damage":6,"enemies":"Red Slaver","floor":12,"turns":1},{"damage":0,"enemies":"2 Fungi Beasts","floor":13,"turns":2},{"damage":1,"enemies":"Exordium Thugs","floor":14,"turns":3},{"damage":30,"enemies":"Slime Boss","floor":16,"turns":7},{"damage":0,"enemies":"Spheric Guardian","floor":18,"turns":6},{"damage":3,"enemies":"2 Thieves","floor":21,"turns":3},{"damage":22,"enemies":"Cultist and Chosen","floor":24,"turns":5},{"damage":22,"enemies":"Slavers","floor":25,"turns":2},{"damage":27,"enemies":"Book of Stabbing","floor":29,"turns":6},{"damage":0,"enemies":"Snecko","floor":31,"turns":2},{"damage":56,"enemies":"Automaton","floor":33,"turns":7},{"damage":7,"enemies":"Orb Walker","floor":35,"turns":1},{"damage":27,"enemies":"Giant Head","floor":37,"turns":5},{"damage":18,"enemies":"Nemesis","floor":39,"turns":5},{"damage":3,"enemies":"Giant Head","floor":40,"turns":5},{"damage":0,"enemies":"Nemesis","floor":42,"turns":5},{"damage":4,"enemies":"3 Darklings","floor":44,"turns":4},{"damage":21,"enemies":"Giant Head","floor":45,"turns":8},{"damage":0,"enemies":"4 Shapes","floor":48,"turns":2},{"damage":0,"enemies":"Donu and Deca","floor":50,"turns":3}],"seed_played":"-1760728548950895142","potions_obtained":[{"floor":1,"key":"Fire Potion"},{"floor":5,"key":"Fire Potion"},{"floor":7,"key":"PowerPotion"},{"floor":14,"key":"BlessingOfTheForge"},{"floor":25,"key":"SmokeBomb"},{"floor":35,"key":"Fire Potion"},{"floor":40,"key":"Regen Potion"},{"floor":44,"key":"PowerPotion"},{"floor":45,"key":"Fruit Juice"}],"is_trial":false,"path_per_floor":["M","?","?","?","M","R","E","M","T","M","R","M","M","M","R","B",null,"M","$","?","M","$","R","M","E","T","R","$","E","?","M","R","B",null,"M","?","E","?","E","E","T","E","T","M","E","R","$","M","R","B",null],"character_chosen":"THE_SILENT","items_purchased":["Snake Skull","Trip","ClockworkSouvenir","Feel No Pain","DollysMirror","CultistPotion"],"campfire_rested":2,"item_purchase_floors":[19,22,28,47,47,47],"current_hp_per_floor":[70,56,56,56,49,49,53,53,53,59,59,53,53,52,52,22,74,74,74,74,71,71,71,54,50,50,74,74,47,47,47,74,42,74,67,67,40,40,28,31,31,50,50,51,52,52,67,70,70,89],"gold":454,"neow_bonus":"","is_daily":true,"chose_seed":false,"campfire_upgraded":6,"win_rate":0.0,"timestamp":1611158660,"path_taken":["M","?","?","?","M","R","E","?","T","M","R","?","M","M","R","BOSS","M","$","?","M","$","R","M","?","T","R","$","E","?","M","R","BOSS","M","?","?","?","?","E","?","E","T","?","?","R","$","M","R","BOSS"],"items_purchased_type":["Relic","Card","Relic","Card","Relic","Potion"],"build_version":"2020-12-18","purchased_purges":1,"victory":true,"max_hp_per_floor":[70,70,70,70,70,70,74,74,74,74,74,74,74,74,74,74,74,74,74,74,74,74,74,74,74,74,74,74,74,74,74,74,74,74,74,74,74,74,74,74,74,74,74,74,86,86,86,89,89,89],"card_choices":[{"not_picked":["Carnage","Dagger Throw"],"picked":"Infernal Blade","floor":1},{"not_picked":["Wild Strike","Spot Weakness"],"picked":"Armaments","floor":5},{"not_picked":["Dagger Spray","Backstab"],"picked":"Infinite Blades","floor":7},{"not_picked":["Warcry","Reckless Charge","Cleave"],"picked":"SKIP","floor":8},{"not_picked":["Flying Knee","Headbutt"],"picked":"Body Slam","floor":10},{"not_picked":["Thunderclap","Caltrops","Perfected Strike"],"picked":"SKIP","floor":12},{"not_picked":["Catalyst","Blur"],"picked":"Shrug It Off","floor":13},{"not_picked":["Havoc","Clothesline"],"picked":"Thunderclap","floor":14},{"not_picked":["Storm of Steel","Fiend Fire"],"picked":"Adrenaline","floor":16},{"not_picked":["All Out Attack","Dagger Throw","Dodge and Roll+1"],"picked":"SKIP","floor":18},{"not_picked":["Battle Trance","Armaments"],"picked":"Backflip","floor":21},{"not_picked":["True Grit","Grand Finale","Power Through"],"picked":"SKIP","floor":24},{"not_picked":["Clash","Combust","Wild Strike"],"picked":"SKIP","floor":25},{"not_picked":["Body Slam","Clothesline+1","Flex"],"picked":"SKIP","floor":29},{"not_picked":["Armaments","Wild Strike+1","Headbutt"],"picked":"SKIP","floor":31},{"not_picked":["Corpse Explosion","Berserk"],"picked":"Adrenaline","floor":33},{"not_picked":["Catalyst+1","Acrobatics"],"picked":"Backflip+1","floor":35},{"not_picked":["Phantasmal Killer","Infernal Blade+1"],"picked":"Tactician+1","floor":37},{"not_picked":["Underhanded Strike","Backflip"],"picked":"Adrenaline","floor":39},{"not_picked":["Flying Knee","Calculated Gamble"],"picked":"Shockwave+1","floor":40},{"not_picked":["Cloak And Dagger","Battle Trance"],"picked":"Shrug It Off","floor":42},{"not_picked":["Body Slam+1","Clash"],"picked":"Shrug It Off+1","floor":44},{"not_picked":["Prepared","Deadly Poison"],"picked":"Outmaneuver+1","floor":45},{"not_picked":["Underhanded Strike","True Grit","Bullet Time"],"picked":"SKIP","floor":48}],"player_experience":640859,"relics_obtained":[{"floor":7,"key":"Regal Pillow"},{"floor":9,"key":"Bronze Scales"},{"floor":25,"key":"Akabeko"},{"floor":26,"key":"MealTicket"},{"floor":29,"key":"MawBank"},{"floor":37,"key":"Centennial Puzzle"},{"floor":37,"key":"InkBottle"},{"floor":39,"key":"Ancient Tea Set"},{"floor":39,"key":"Bottled Tornado"},{"floor":40,"key":"Anchor"},{"floor":40,"key":"CeramicFish"},{"floor":41,"key":"Toy Ornithopter"},{"floor":42,"key":"Nunchaku"},{"floor":42,"key":"Pen Nib"},{"floor":43,"key":"Orichalcum"},{"floor":45,"key":"Strawberry"},{"floor":45,"key":"Dead Branch"}],"event_choices":[{"damage_healed":0,"gold_gain":0,"player_choice":"Entered Light","damage_taken":14,"max_hp_gain":0,"max_hp_loss":0,"event_name":"Shining Light","floor":2,"gold_loss":0,"cards_upgraded":["Doppelganger","Juggernaut"]},{"damage_healed":0,"gold_gain":0,"player_choice":"Take Wound","damage_taken":0,"relics_obtained":["Golden Idol"],"max_hp_gain":0,"max_hp_loss":0,"event_name":"Golden Idol","floor":3,"gold_loss":0,"cards_obtained":["Injury"]},{"cards_removed":["Injury"],"damage_healed":0,"gold_gain":0,"player_choice":"Card Removal","damage_taken":0,"max_hp_gain":0,"max_hp_loss":0,"event_name":"The Cleric","floor":4,"gold_loss":50},{"damage_healed":0,"gold_gain":0,"cards_transformed":["Brutality"],"player_choice":"Transformed","damage_taken":0,"max_hp_gain":0,"max_hp_loss":0,"event_name":"Transmorgrifier","floor":20,"gold_loss":0,"cards_obtained":["Limit Break"]},{"damage_healed":0,"gold_gain":0,"player_choice":"Forge","damage_taken":0,"max_hp_gain":0,"max_hp_loss":0,"event_name":"Accursed Blacksmith","floor":30,"gold_loss":0,"cards_upgraded":["Wraith Form v2"]},{"damage_healed":0,"gold_gain":0,"player_choice":"Got Potions","damage_taken":0,"max_hp_gain":0,"max_hp_loss":0,"event_name":"Lab","floor":36,"gold_loss":0},{"damage_healed":0,"gold_gain":0,"player_choice":"Upgraded","damage_taken":0,"max_hp_gain":0,"max_hp_loss":0,"event_name":"Upgrade Shrine","floor":38,"gold_loss":0,"cards_upgraded":["Corruption"]}],"is_beta":true,"boss_relics":[{"not_picked":["Tiny House","Runic Pyramid"],"picked":"SlaversCollar"},{"not_picked":["Velvet Choker","Fusion Hammer"],"picked":"Black Star"}],"items_purged_floors":[19],"is_endless":false,"potions_floor_spawned":[1,5,7,14,16,25,29,33,35,40,44,45],"ascension_level":0}}