{"host":"suojx0p17o4vmgbq","time":1611137191,"event":{"mods":["AchievementEnabler","Act Like it!","BaseMod","Colored Map","Colored Powertips","Friendly Minions","GifTheSpireLib","Highlight Path","Minty Spire (QoL Compilation)","Quick Restart","Rare Cards Sparkle","Relic Stats","Spicy Shops","StSLib"],"gold_per_floor":[110,110,185,200,43,43,81,81,106,120,135,135,153,181,181,284,284,299,314,9,19,19,19,32,32,32,32,32,32,131,142,142,245,245,265,279,279,296,306,306,8,21,21,35,35,49,61,10,10,10],"floor_reached":51,"language":"ZHS","playtime":3300,"items_purged":["Strike_R"],"score":618,"play_id":"62ef88b4-16a2-4961-a74c-2a2756fe68e2","local_time":"20210120180631","is_ascension_mode":false,"campfire_choices":[{"data":"Bash","floor":6.0,"key":"SMITH"},{"data":"Armaments","floor":12.0,"key":"SMITH"},{"data":"Warcry","floor":15.0,"key":"SMITH"},{"data":"Double Tap","floor":23,"key":"SMITH"},{"data":"Reaper","floor":25,"key":"SMITH"},{"data":"J.A.X.","floor":29,"key":"SMITH"},{"data":"Shockwave","floor":32,"key":"SMITH"},{"data":"Heavy Blade","floor":40,"key":"SMITH"},{"floor":49,"key":"REST"}],"circlet_count":0,"master_deck":["Strike_R","Strike_R","Strike_R","Strike_R","Defend_R","Defend_R","Defend_R","Defend_R","Bash+1","Cleave","Armaments+1","Burning Pact","Inflame","Warcry+1","Double Tap+1","Flex+1","Reaper+1","Shockwave+1","J.A.X.+1","Whirlwind+1","Fiend Fire","Armaments+1","Thunderclap+1","Heavy Blade+1","Bloodletting","Warcry+1","Parasite","Blood for Blood+1","Flex"],"relics":["Runic Pyramid","Toolbox","Letter Opener","Strawberry","Odd Mushroom","Sozu","Magic Flower","TheAbacus","Potion Belt","Mercury Hourglass","Bottled Lightning","Cursed Key","Centennial Puzzle","Darkstone Periapt"],"acts_visited":["Exordium","TheCity","TheBeyond"],"potions_floor_usage":[42],"damage_taken":[{"damage":5.0,"enemies":"2 Louse","floor":1.0,"turns":3.0},{"damage":1.0,"enemies":"Jaw Worm","floor":4.0,"turns":3.0},{"damage":1.0,"enemies":"Cultist","floor":7.0,"turns":3.0},{"damage":0.0,"enemies":"2 Fungi Beasts","floor":10.0,"turns":2.0},{"damage":0.0,"enemies":"3 Louse","floor":11.0,"turns":2.0},{"damage":2.0,"enemies":"Blue Slaver","floor":13.0,"turns":3.0},{"damage":14.0,"enemies":"The Mushroom Lair","floor":14.0,"turns":3.0},{"damage":17.0,"enemies":"Slime Boss","floor":16.0,"turns":8.0},{"damage":17.0,"enemies":"Shell Parasite","floor":18.0,"turns":4.0},{"damage":3,"enemies":"3 Byrds","floor":19,"turns":4},{"damage":12,"enemies":"Snake Plant","floor":21,"turns":4},{"damage":30,"enemies":"Sentry and Sphere","floor":24,"turns":4},{"damage":0,"enemies":"3 Cultists","floor":31,"turns":2},{"damage":76,"enemies":"Champ","floor":33,"turns":8},{"damage":12,"enemies":"3 Shapes","floor":35,"turns":1},{"damage":0,"enemies":"3 Darklings","floor":36,"turns":1},{"damage":3,"enemies":"Transient","floor":38,"turns":5},{"damage":48,"enemies":"4 Shapes","floor":39,"turns":3},{"damage":3,"enemies":"3 Darklings","floor":42,"turns":2},{"damage":15,"enemies":"Transient","floor":44,"turns":5},{"damage":44,"enemies":"Writhing Mass","floor":46,"turns":4},{"damage":19,"enemies":"Spire Growth","floor":47,"turns":3},{"damage":102,"enemies":"Donu and Deca","floor":50,"turns":6}],"seed_played":"8756704759040963103","potions_obtained":[{"floor":7.0,"key":"PowerPotion"},{"floor":11.0,"key":"BlessingOfTheForge"},{"floor":14.0,"key":"ElixirPotion"}],"is_trial":false,"path_per_floor":["M","?","?","M","$","R","M","T","T","M","M","R","M","?","R","B",null,"M","M","$","M","?","R","M","R","T","?","T","R","?","M","R","B",null,"M","M","?","M","M","R","$","M","T","M","?","M","M","$","R","B",null],"character_chosen":"IRONCLAD","items_purchased":["Toolbox","Reaper","Magic Flower","TheAbacus","Bloodletting","Centennial Puzzle","Flex"],"campfire_rested":1,"item_purchase_floors":[5,20,20,20,41,41,48],"current_hp_per_floor":[75,80,69,68,68,68,67,67,74,74,74,74,72,58,58,41,92,75,72,72,68,68,68,56,56,56,56,56,56,56,92,92,36,92,80,80,80,92,44,44,44,89,89,83,83,57,61,61,88,13],"gold":10,"neow_bonus":"BOSS_RELIC","is_daily":false,"chose_seed":false,"campfire_upgraded":8,"win_rate":0.0,"timestamp":1611137191,"path_taken":["M","?","?","M","$","R","M","?","T","?","M","R","M","?","R","BOSS","M","M","$","M","?","R","M","R","T","?","?","R","?","M","R","BOSS","M","M","?","M","M","R","$","M","T","M","?","?","M","$","R","BOSS"],"items_purchased_type":["Relic","Card","Relic","Relic","Card","Relic","Card"],"build_version":"2020-12-22","purchased_purges":1,"victory":true,"max_hp_per_floor":[80,85,85,85,85,85,85,85,92,92,92,92,92,92,92,92,92,92,92,92,92,92,92,92,92,92,92,92,92,92,92,92,92,92,92,92,92,92,92,92,92,92,92,92,92,92,92,92,92,92],"relic_stats":{"Sozu":6,"Darkstone Periapt":0,"Centennial Puzzle":[15],"TheAbacus":[42],"counters":[23,83],"Magic Flower":[49],"Letter Opener":[188],"Cursed Key":1,"obtain_stats":[{"Potion Belt":22,"Darkstone Periapt":43,"Magic Flower":20,"Letter Opener":8,"Odd Mushroom":14,"Cursed Key":34,"Burning Blood":0,"Mercury Hourglass":26,"Sozu":17,"Centennial Puzzle":41,"TheAbacus":20,"Strawberry":9,"Toolbox":5,"Bottled Lightning":28,"Runic Pyramid":0},{"Potion Belt":11,"Darkstone Periapt":19,"Magic Flower":10,"Letter Opener":3,"Odd Mushroom":7,"Cursed Key":14,"Burning Blood":0,"Mercury Hourglass":12,"Sozu":8,"Centennial Puzzle":18,"TheAbacus":10,"Strawberry":3,"Toolbox":2,"Bottled Lightning":12,"Runic Pyramid":0},{"Potion Belt":39,"Darkstone Periapt":65,"Magic Flower":35,"Letter Opener":9,"Odd Mushroom":19,"Cursed Key":53,"Burning Blood":0,"Mercury Hourglass":43,"Sozu":27,"Centennial Puzzle":63,"TheAbacus":35,"Strawberry":9,"Toolbox":6,"Bottled Lightning":43,"Runic Pyramid":0}],"Mercury Hourglass":[153]},"card_choices":[{"not_picked":["Combust","Perfected Strike"],"picked":"Cleave","floor":1.0},{"not_picked":["Cleave","Headbutt","Perfected Strike"],"picked":"SKIP","floor":4.0},{"not_picked":["Searing Blow","Cleave"],"picked":"Armaments","floor":7.0},{"not_picked":["Perfected Strike","Twin Strike"],"picked":"Burning Pact","floor":10.0},{"not_picked":["Perfected Strike","Juggernaut"],"picked":"Inflame","floor":11.0},{"not_picked":["Entrench","Clothesline"],"picked":"Warcry","floor":13.0},{"not_picked":["Offering","Limit Break"],"picked":"Double Tap","floor":16.0},{"not_picked":["Twin Strike","Reckless Charge","Feel No Pain"],"picked":"SKIP","floor":18.0},{"not_picked":["Anger","Thunderclap"],"picked":"Flex+1","floor":19},{"not_picked":["Sword Boomerang","Ghostly Armor","Warcry"],"picked":"SKIP","floor":21},{"not_picked":["Feel No Pain","Intimidate"],"picked":"Shockwave","floor":24},{"not_picked":["Clothesline","Rage"],"picked":"Whirlwind+1","floor":31},{"not_picked":["Impervious","Corruption"],"picked":"Fiend Fire","floor":33},{"not_picked":["Dark Embrace","Clash+1"],"picked":"Armaments","floor":35},{"not_picked":["Sword Boomerang+1","Metallicize","Twin Strike+1"],"picked":"SKIP","floor":36},{"not_picked":["True Grit+1","Entrench"],"picked":"Thunderclap+1","floor":38},{"not_picked":["Twin Strike","Anger+1"],"picked":"Heavy Blade","floor":39},{"not_picked":["Seeing Red","Sword Boomerang"],"picked":"Warcry+1","floor":42},{"not_picked":["Impervious","Warcry","True Grit"],"picked":"SKIP","floor":44},{"not_picked":["Sword Boomerang+1","Cleave"],"picked":"Blood for Blood+1","floor":46},{"not_picked":["Disarm","Sword Boomerang","Iron Wave+1"],"picked":"SKIP","floor":47}],"player_experience":34108,"relics_obtained":[{"floor":8.0,"key":"Letter Opener"},{"floor":9.0,"key":"Strawberry"},{"floor":14.0,"key":"Odd Mushroom"},{"floor":26,"key":"Mercury Hourglass"},{"floor":28,"key":"Bottled Lightning"},{"floor":43,"key":"Darkstone Periapt"}],"event_choices":[{"damage_healed":0.0,"max_hp_gain":5.0,"max_hp_loss":0.0,"gold_gain":0.0,"event_name":"Big Fish","player_choice":"Donut","floor":2.0,"gold_loss":0.0,"damage_taken":0.0},{"damage_healed":0.0,"max_hp_gain":0.0,"max_hp_loss":0.0,"gold_gain":75.0,"event_name":"World of Goop","player_choice":"Gather Gold","floor":3.0,"gold_loss":0.0,"damage_taken":11.0},{"damage_healed":0.0,"max_hp_gain":0.0,"max_hp_loss":0.0,"gold_gain":0.0,"event_name":"Mushrooms","player_choice":"Fought Mushrooms","floor":14.0,"gold_loss":0.0,"damage_taken":0.0},{"damage_healed":0,"gold_gain":0,"player_choice":"Opened","damage_taken":0,"relics_obtained":["Potion Belt"],"max_hp_gain":0,"max_hp_loss":0,"event_name":"The Mausoleum","floor":22,"gold_loss":0},{"damage_healed":0,"gold_gain":0,"player_choice":"Obtain J.A.X.","damage_taken":0,"max_hp_gain":0,"max_hp_loss":0,"event_name":"Drug Dealer","floor":27,"gold_loss":0,"cards_obtained":["J.A.X."]},{"damage_healed":0,"gold_gain":99,"player_choice":"Stole From Cult","damage_taken":0,"max_hp_gain":0,"max_hp_loss":0,"event_name":"Nest","floor":30,"gold_loss":0},{"damage_healed":0,"gold_gain":0,"player_choice":"Ignored","damage_taken":0,"max_hp_gain":0,"max_hp_loss":0,"event_name":"Tomb of Lord Red Mask","floor":37,"gold_loss":0},{"damage_healed":0,"gold_gain":0,"player_choice":"Forge","damage_taken":0,"max_hp_gain":0,"max_hp_loss":0,"event_name":"Accursed Blacksmith","floor":45,"gold_loss":0,"cards_upgraded":["Armaments"]}],"is_beta":false,"boss_relics":[{"not_picked":["Snecko Eye","Busted Crown"],"picked":"Sozu"},{"not_picked":["Fusion Hammer","Empty Cage"],"picked":"Cursed Key"}],"items_purged_floors":[41],"is_endless":false,"potions_floor_spawned":[7,11,14,18,31,33,36,39,46],"ascension_level":0}}