{"host":"8aoim7owc9xd4zca","time":1611105040,"event":{"mods":["AchievementEnabler","BaseMod","Colored Powertips","Highlight Path","Minty Spire (QoL Compilation)","Permanent Neow","Rare Cards Sparkle","Replay The Spire","StSLib"],"gold_per_floor":[117,9,26,39,59,59,92,92,119,134,144,144,144,163,163,258,258,243,263,263,263,263],"floor_reached":21,"language":"ENG","playtime":2154,"items_purged":[],"score":192,"play_id":"4bd577a0-10dd-4e29-ae04-12bc81da61d9","local_time":"20210119171040","is_ascension_mode":true,"campfire_choices":[{"floor":6,"key":"REST"},{"floor":8,"key":"REST"},{"floor":12,"key":"REST"},{"floor":15,"key":"DIG"}],"circlet_count":0,"master_deck":["Strike_G","Strike_G","Strike_G","Strike_G","Strike_G","Defend_G","Defend_G","Defend_G","Defend_G","Defend_G","Survivor","Neutralize","Normality","Burst","Noxious Fumes","Noxious Fumes","Acrobatics+1","Prepared","Calculated Gamble","Bane","Draining Mist","Bane","Noxious Fumes","Envenom+1","Backstab","Slice"],"relics":["Ring of the Snake","ReplayTheSpireMod:TigerMarble","Ancient Tea Set","Potion Belt","Eternal Feather","Black Star"],"acts_visited":["Exordium","TheCity"],"potions_floor_usage":[7,7,16,16,18,21],"damage_taken":[{"damage":37,"enemies":"Cultist","floor":1,"turns":9},{"damage":5,"enemies":"Jaw Worm","floor":3,"turns":5},{"damage":2,"enemies":"Small Slimes","floor":4,"turns":4},{"damage":8,"enemies":"Blue Slaver","floor":5,"turns":6},{"damage":18,"enemies":"Lagavulin","floor":7,"turns":6},{"damage":5,"enemies":"Looter","floor":10,"turns":4},{"damage":10,"enemies":"2 Fungi Beasts","floor":11,"turns":6},{"damage":13,"enemies":"Large Slime","floor":14,"turns":4},{"damage":17,"enemies":"Fading Forest","floor":16,"turns":11},{"damage":17,"enemies":"2 Thieves","floor":18,"turns":4},{"damage":19,"enemies":"Chosen","floor":19,"turns":5},{"damage":54,"enemies":"Shelled Parasite and Fungi","floor":21,"turns":5}],"seed_played":"-7084711887399165241","potions_obtained":[{"floor":3,"key":"Adrenaline Potion"},{"floor":5,"key":"Strength Potion"},{"floor":10,"key":"FearPotion"},{"floor":11,"key":"SneckoOil"},{"floor":16,"key":"SkillPotion"},{"floor":19,"key":"Swift Potion"}],"is_trial":false,"path_per_floor":["M","$","M","M","M","R","E","R","T","M","M","R","?","M","R","B",null,"M","M","?","M"],"character_chosen":"THE_SILENT","items_purchased":["Noxious Fumes","Acrobatics+1"],"campfire_rested":3,"item_purchase_floors":[2,2],"current_hp_per_floor":[33,33,28,26,18,39,21,42,42,37,27,48,45,32,32,15,70,53,34,34,0,0],"gold":263,"neow_bonus":"THREE_RARE_CARDS","is_daily":false,"chose_seed":false,"campfire_upgraded":0,"win_rate":0.0,"timestamp":1611105040,"path_taken":["M","?","M","M","?","R","E","R","T","M","M","R","?","M","R","BOSS","M","M","?","?"],"items_purchased_type":["Card","Card"],"build_version":"2020-12-22","purchased_purges":0,"victory":false,"max_hp_per_floor":[70,70,70,70,70,70,70,70,70,70,70,70,70,70,70,70,70,70,70,70,70,70],"card_choices":[{"not_picked":["Glass Knife","Venomology"],"picked":"Burst","floor":0},{"not_picked":["Quick Slash","ReplayTheSpireMod:The Works"],"picked":"Noxious Fumes","floor":1},{"not_picked":["Backflip","Leg Sweep"],"picked":"Prepared","floor":3},{"not_picked":["Cloak And Dagger","Sucker Punch"],"picked":"Calculated Gamble","floor":4},{"not_picked":["Dodge and Roll","Dash"],"picked":"Bane","floor":5},{"not_picked":["Blur","Dagger Spray"],"picked":"Draining Mist","floor":7},{"not_picked":["Flying Knee","Quick Slash"],"picked":"Bane","floor":10},{"not_picked":["After Image","ReplayTheSpireMod:Scrap Shanks"],"picked":"Noxious Fumes","floor":11},{"not_picked":["Dagger Throw","Flying Knee","Hidden Blade"],"picked":"SKIP","floor":14},{"not_picked":["Malaise","Glass Knife"],"picked":"Envenom","floor":16},{"not_picked":["Acrobatics","Cloak And Dagger"],"picked":"Backstab","floor":18},{"not_picked":["Dagger Spray","PiercingWail"],"picked":"Slice","floor":19}],"player_experience":267203,"relics_obtained":[{"floor":7,"key":"ReplayTheSpireMod:TigerMarble"},{"floor":9,"key":"Ancient Tea Set"},{"floor":15,"key":"Eternal Feather"}],"event_choices":[{"damage_healed":0,"gold_gain":0,"player_choice":"Success","damage_taken":3,"relics_obtained":["Potion Belt"],"max_hp_gain":0,"max_hp_loss":0,"event_name":"Scrap Ooze","floor":13,"gold_loss":0},{"damage_healed":0,"gold_gain":0,"player_choice":"Upgraded","damage_taken":0,"max_hp_gain":0,"max_hp_loss":0,"event_name":"Upgrade Shrine","floor":20,"gold_loss":0,"cards_upgraded":["Envenom"]}],"is_beta":false,"boss_relics":[{"not_picked":["Cursed Key","Busted Crown"],"picked":"Black Star"}],"items_purged_floors":[],"is_endless":false,"potions_floor_spawned":[3,5,10,11,16,19],"killed_by":"Shelled Parasite and Fungi","ascension_level":1}}