{"host":"4udtejx3ummmwg8f","time":1611132386,"event":{"mods":["BaseMod","Minty Spire (QoL Compilation)"],"gold_per_floor":[117,134,134,145,44,44,79,79,79,106,106,119,135,151,151,254,254,271,271,196,214,129,154,154,253,324,358,18,18,28,42,42,142,142,152,27,77,77,91,91,122,122,122,151,251,251,199,199,199,199,199],"floor_reached":50,"language":"ENG","playtime":3692,"items_purged":["Decay","Strike_P","Strike_P"],"score":569,"play_id":"dc914527-574a-478e-a002-9aa881427be3","local_time":"20210120191626","daily_mods":["Heirloom","Time Dilation"],"is_ascension_mode":false,"campfire_choices":[{"data":"Eruption","floor":6,"key":"SMITH"},{"floor":8,"key":"REST"},{"data":"CarveReality","floor":11,"key":"SMITH"},{"data":"WindmillStrike","floor":15,"key":"SMITH"},{"floor":24,"key":"REST"},{"floor":29,"key":"REST"},{"floor":32,"key":"REST"},{"floor":40,"key":"REST"},{"floor":42,"key":"REST"},{"floor":49,"key":"REST"}],"circlet_count":0,"master_deck":["Strike_P","Strike_P","Defend_P","Defend_P","Defend_P","Eruption+1","Vigilance","CarveReality+1","ThirdEye","JustLucky+1","FlurryOfBlows","ConjureBlade","DeusExMachina","FlurryOfBlows+1","Indignation","WindmillStrike+1","Alpha","DeceiveReality+1","PathToVictory+1","WaveOfTheHand","InnerPeace","BattleHymn","Consecrate+1","Wish","CutThroughFate+1","ReachHeaven+1","Madness","Madness","Crescendo+1","CrushJoints+1","Conclude+1","BowlingBash+1"],"relics":["PureWater","GoldenEye","Blue Candle","HornCleat","Vajra","Runic Pyramid","Nilry\u0027s Codex","Juzu Bracelet","Lantern","Yang","Peace Pipe","Molten Egg 2","SlaversCollar","WingedGreaves","Whetstone","Darkstone Periapt","Eternal Feather","Letter Opener"],"acts_visited":["Exordium","TheCity","TheBeyond"],"potions_floor_usage":[7,7,10,16,33,37,41],"damage_taken":[{"damage":2,"enemies":"Small Slimes","floor":1,"turns":2},{"damage":0,"enemies":"Cultist","floor":2,"turns":2},{"damage":8,"enemies":"Jaw Worm","floor":4,"turns":3},{"damage":11,"enemies":"3 Sentries","floor":7,"turns":8},{"damage":2,"enemies":"Gremlin Nob","floor":10,"turns":3},{"damage":0,"enemies":"Exordium Thugs","floor":12,"turns":2},{"damage":0,"enemies":"2 Fungi Beasts","floor":13,"turns":1},{"damage":5,"enemies":"Looter","floor":14,"turns":2},{"damage":9,"enemies":"Hexaghost","floor":16,"turns":4},{"damage":0,"enemies":"Spheric Guardian","floor":18,"turns":3},{"damage":5,"enemies":"2 Thieves","floor":21,"turns":4},{"damage":16,"enemies":"Gremlin Leader","floor":23,"turns":4},{"damage":43,"enemies":"Book of Stabbing","floor":27,"turns":6},{"damage":7,"enemies":"Snecko","floor":30,"turns":4},{"damage":11,"enemies":"Chosen and Byrds","floor":31,"turns":3},{"damage":33,"enemies":"Automaton","floor":33,"turns":6},{"damage":0,"enemies":"Orb Walker","floor":35,"turns":3},{"damage":0,"enemies":"Mind Bloom Boss Battle","floor":37,"turns":4},{"damage":27,"enemies":"3 Shapes","floor":39,"turns":5},{"damage":0,"enemies":"Reptomancer","floor":41,"turns":2},{"damage":50,"enemies":"Giant Head","floor":44,"turns":8},{"damage":81,"enemies":"Donu and Deca","floor":50,"turns":3}],"seed_played":"-4505227439023139826","potions_obtained":[{"floor":1,"key":"BlessingOfTheForge"},{"floor":4,"key":"SpeedPotion"},{"floor":7,"key":"CultistPotion"},{"floor":14,"key":"LiquidBronze"},{"floor":27,"key":"FearPotion"},{"floor":30,"key":"Explosive Potion"},{"floor":39,"key":"SkillPotion"}],"is_trial":true,"path_per_floor":["M","M","?","M","$","R","E","R","T","E","R","M","M","M","R","B",null,"M","?","?","M","?","E","R","?","T","E","$","R","M","M","R","B",null,"M","$","?","?","M","R","E","R","T","E","?","?","$","T","R","B"],"character_chosen":"WATCHER","items_purchased":["FlurryOfBlows","Molten Egg 2","BowlingBash+1"],"campfire_rested":7,"item_purchase_floors":[5,28,47],"current_hp_per_floor":[70,70,70,62,62,62,51,72,72,70,70,70,70,65,65,56,72,72,56,56,51,51,35,56,56,56,13,13,34,27,16,37,4,72,72,72,72,63,36,57,57,72,72,22,22,22,22,22,61,0,0],"gold":199,"neow_bonus":"","is_daily":false,"chose_seed":false,"campfire_upgraded":3,"win_rate":0.0,"timestamp":1611132386,"path_taken":["M","M","?","M","?","R","E","R","T","E","R","?","M","M","R","BOSS","M","?","?","M","?","E","R","?","T","E","?","R","M","M","R","BOSS","M","$","?","?","M","R","E","R","T","E","?","?","$","?","R","BOSS"],"items_purchased_type":["Card","Relic","Card"],"build_version":"2020-12-22","purchased_purges":3,"victory":false,"max_hp_per_floor":[72,72,72,72,72,72,72,72,72,72,72,72,72,72,72,72,72,72,72,72,72,72,72,72,72,72,72,72,72,72,72,72,72,72,72,72,72,72,72,72,72,72,72,72,72,72,72,72,72,72,72],"card_choices":[{"not_picked":["Crescendo","JustLucky"],"picked":"CarveReality","floor":1},{"not_picked":["EmptyFist","Consecrate"],"picked":"ThirdEye","floor":2},{"not_picked":["SignatureMove","PathToVictory"],"picked":"JustLucky","floor":4},{"not_picked":["CutThroughFate","WreathOfFlame"],"picked":"ConjureBlade","floor":7},{"not_picked":["Halt","Vault"],"picked":"DeusExMachina","floor":10},{"not_picked":["Protect","Evaluate"],"picked":"FlurryOfBlows","floor":12},{"not_picked":["Adaptation","PathToVictory"],"picked":"Indignation","floor":13},{"not_picked":["EmptyBody","Protect"],"picked":"WindmillStrike","floor":14},{"not_picked":["DeusExMachina","Vault"],"picked":"Alpha","floor":16},{"not_picked":["FlurryOfBlows","Perseverance+1"],"picked":"DeceiveReality+1","floor":18},{"not_picked":["Consecrate+1","EmptyFist"],"picked":"PathToVictory+1","floor":21},{"not_picked":["EmptyFist","Evaluate"],"picked":"WaveOfTheHand","floor":23},{"not_picked":["EmptyMind","ThirdEye"],"picked":"InnerPeace","floor":27},{"not_picked":["Halt","WaveOfTheHand+1"],"picked":"BattleHymn","floor":30},{"not_picked":["Omniscience","Adaptation"],"picked":"Consecrate+1","floor":31},{"not_picked":["Brilliance+1","Alpha"],"picked":"Wish","floor":33},{"not_picked":["WheelKick+1","Fasting2"],"picked":"CutThroughFate+1","floor":35},{"not_picked":["ClearTheMind+1","EmptyBody+1"],"picked":"ReachHeaven+1","floor":37},{"not_picked":["Evaluate+1","Weave+1"],"picked":"Crescendo+1","floor":39},{"not_picked":["Evaluate+1","JustLucky+1"],"picked":"CrushJoints+1","floor":41},{"not_picked":["Halt","Indignation"],"picked":"Conclude+1","floor":44}],"player_experience":99605,"relics_obtained":[{"floor":7,"key":"Blue Candle"},{"floor":9,"key":"HornCleat"},{"floor":10,"key":"Vajra"},{"floor":19,"key":"Nilry\u0027s Codex"},{"floor":23,"key":"Lantern"},{"floor":26,"key":"Yang"},{"floor":27,"key":"Peace Pipe"},{"floor":37,"key":"WingedGreaves"},{"floor":41,"key":"Whetstone"},{"floor":43,"key":"Darkstone Periapt"},{"floor":44,"key":"Eternal Feather"},{"floor":48,"key":"Letter Opener"}],"event_choices":[{"damage_healed":0,"gold_gain":0,"player_choice":"Cursed","damage_taken":0,"max_hp_gain":0,"max_hp_loss":0,"event_name":"Wheel of Change","floor":3,"gold_loss":0,"cards_obtained":["Decay"]},{"damage_healed":0,"gold_gain":0,"player_choice":"Obtained Book","damage_taken":16,"max_hp_gain":0,"max_hp_loss":0,"event_name":"Cursed Tome","floor":19,"gold_loss":0},{"cards_removed":["Defend_P"],"damage_healed":0,"gold_gain":0,"player_choice":"Gave Gold","damage_taken":0,"max_hp_gain":0,"max_hp_loss":0,"event_name":"Beggar","floor":20,"gold_loss":75},{"damage_healed":0,"gold_gain":0,"player_choice":"Obtained Relic","damage_taken":0,"relics_obtained":["Juzu Bracelet"],"max_hp_gain":0,"max_hp_loss":0,"event_name":"Addict","floor":22,"gold_loss":85},{"damage_healed":0,"gold_gain":99,"player_choice":"Stole From Cult","damage_taken":0,"max_hp_gain":0,"max_hp_loss":0,"event_name":"Nest","floor":25,"gold_loss":0},{"damage_healed":0,"gold_gain":0,"player_choice":"Fight","damage_taken":0,"max_hp_gain":0,"max_hp_loss":0,"event_name":"MindBloom","floor":37,"gold_loss":0},{"damage_healed":0,"gold_gain":0,"player_choice":"Embrace Madness","damage_taken":9,"max_hp_gain":0,"max_hp_loss":0,"event_name":"Winding Halls","floor":38,"gold_loss":0,"cards_obtained":["Madness","Madness"]},{"damage_healed":0,"gold_gain":100,"player_choice":"Pray","damage_taken":0,"max_hp_gain":0,"max_hp_loss":0,"event_name":"Golden Shrine","floor":45,"gold_loss":0},{"damage_healed":0,"gold_gain":0,"player_choice":"Ignored","damage_taken":0,"max_hp_gain":0,"max_hp_loss":0,"event_name":"SecretPortal","floor":46,"gold_loss":0}],"is_beta":false,"boss_relics":[{"not_picked":["Velvet Choker","Cursed Key"],"picked":"Runic Pyramid"},{"not_picked":["Snecko Eye","Coffee Dripper"],"picked":"SlaversCollar"}],"items_purged_floors":[5,28,36],"is_endless":false,"potions_floor_spawned":[1,4,7,14,27,30,39],"killed_by":"Donu and Deca","ascension_level":0}}