{"host":"oje6be5eir840l9r","time":1611172573,"event":{"mods":["2.2 Compatiblity","Alarm Clock","BaseMod","Bestiary","Colored Map","DeckTracker","Downfall","Highlight Path","Minty Spire (QoL Compilation)","Random Character Button","Rare Cards Sparkle","StSLib"],"gold_per_floor":[112,127,127,140,140,166,166,166,191,13,88,108,126,156,156,257,257,273,273,288,288,303,303,323,323,323,341,341,118,152,164,176,292,304,334,362,374,397,428,468,495,507,542,654,538,550,583,603,603,603,603,603,39,72,72,72],"floor_reached":55,"language":"POL","playtime":4488,"items_purged":[],"score":834,"play_id":"10560681-93dd-4c6f-9144-0cd378c48a40","local_time":"20210120205613","is_ascension_mode":false,"campfire_choices":[{"floor":7.0,"key":"REST"},{"data":"Apotheosis","floor":15.0,"key":"SMITH"},{"floor":23.0,"key":"RECALL"},{"floor":25.0,"key":"REST"},{"data":"Bash","floor":32.0,"key":"SMITH"},{"floor":42.0,"key":"REST"},{"floor":49,"key":"REST"},{"data":"Seeing Red","floor":52,"key":"SMITH"}],"circlet_count":0,"master_deck":["Strike_R","Strike_R","Strike_R","Strike_R","Defend_R","Defend_R","Defend_R+1","Defend_R","Bash+1","Pummel","Cleave","Entrench+1","Inflame","Apotheosis+1","Disarm","Sword Boomerang","Shrug It Off","Reaper","Shrug It Off","J.A.X.","Pummel+1","Flex+1","Twin Strike+1","Twin Strike","Flame Barrier","Clothesline+1","Barricade","Thunderclap+1","Flame Barrier+1","Sword Boomerang","Seeing Red+1","Body Slam+1","Power Through","Fire Breathing","Flex","Sword Boomerang+1","Inflame","Heavy Blade+1","Twin Strike","Body Slam+1","Trip","Shrug It Off","Iron Wave+1"],"relics":["Burning Blood","MealTicket","Bag of Preparation","Incense Burner","Omamori","War Paint","Dream Catcher","Cursed Key","Pear","Anchor","MawBank","SlaversCollar","Strawberry","Question Card","FossilizedHelix","DollysMirror","Bronze Scales"],"acts_visited":["Exordium","TheCity","TheBeyond","TheEnding"],"potions_floor_usage":[47,48],"damage_taken":[{"damage":8.0,"enemies":"Small Slimes","floor":1.0,"turns":3.0},{"damage":13.0,"enemies":"2 Louse","floor":2.0,"turns":3.0},{"damage":9.0,"enemies":"Jaw Worm","floor":4.0,"turns":4.0},{"damage":29.0,"enemies":"Gremlin Nob","floor":6.0,"turns":6.0},{"damage":11.0,"enemies":"2 Fungi Beasts","floor":12.0,"turns":3.0},{"damage":29.0,"enemies":"Large Slime","floor":13.0,"turns":8.0},{"damage":12.0,"enemies":"Lagavulin","floor":14.0,"turns":6.0},{"damage":4.0,"enemies":"Hexaghost","floor":16.0,"turns":9.0},{"damage":11.0,"enemies":"Spheric Guardian","floor":18.0,"turns":4.0},{"damage":30.0,"enemies":"2 Thieves","floor":20.0,"turns":4.0},{"damage":0.0,"enemies":"Cultist and Chosen","floor":22.0,"turns":5.0},{"damage":24.0,"enemies":"Centurion and Healer","floor":24.0,"turns":4.0},{"damage":5.0,"enemies":"Snake Plant","floor":27.0,"turns":5.0},{"damage":14.0,"enemies":"Gremlin Leader","floor":30.0,"turns":8.0},{"damage":31.0,"enemies":"Automaton","floor":33.0,"turns":11.0},{"damage":9.0,"enemies":"Orb Walker","floor":35.0,"turns":4.0},{"damage":29.0,"enemies":"3 Darklings","floor":36.0,"turns":7.0},{"damage":11.0,"enemies":"Jaw Worm Horde","floor":38.0,"turns":8.0},{"damage":3.0,"enemies":"Maw","floor":39.0,"turns":11.0},{"damage":25.0,"enemies":"Reptomancer","floor":40.0,"turns":8.0},{"damage":2.0,"enemies":"Sphere and 2 Shapes","floor":41.0,"turns":4.0},{"damage":12.0,"enemies":"4 Shapes","floor":46.0,"turns":3.0},{"damage":41,"enemies":"Nemesis","floor":47,"turns":7},{"damage":21,"enemies":"Transient","floor":48,"turns":5},{"damage":92,"enemies":"Donu and Deca","floor":50,"turns":9},{"damage":62,"enemies":"Shield and Spear","floor":54,"turns":7},{"damage":122,"enemies":"The Heart","floor":55,"turns":6}],"seed_played":"4596432937266536283","potions_obtained":[{"floor":1.0,"key":"FairyPotion"},{"floor":6.0,"key":"FearPotion"},{"floor":12.0,"key":"SpeedPotion"},{"floor":22.0,"key":"sneckomod:MuddlingPotion"},{"floor":24.0,"key":"Block Potion"},{"floor":35.0,"key":"AttackPotion"},{"floor":39.0,"key":"sneckomod:MuddlingPotion"},{"floor":40.0,"key":"LiquidMemories"},{"floor":41.0,"key":"AttackPotion"},{"floor":47,"key":"BlessingOfTheForge"}],"is_trial":false,"path_per_floor":["M","M","?","M","?","E","R","?","T","$","?","M","M","E","R","B",null,"M","?","M","?","M","R","M","R","T","M","?","$","E","?","R","B",null,"M","M","?","M","M","E","M","R","T","?","$","M","E","M","R","B",null,"R","$","E","B"],"character_chosen":"IRONCLAD","items_purchased":["Apotheosis","Anchor","Flame Barrier","Fire Breathing","Flex","FossilizedHelix","DollysMirror","Trip","Shrug It Off"],"campfire_rested":4,"item_purchase_floors":[10,29,29,45,45,53,53,53,53],"current_hp_per_floor":[78,71,64,61,61,38,62,62,62,77,66,61,38,32,32,34,80,75,75,51,51,65,65,59,80,90,90,72,87,95,95,95,70,95,95,72,72,79,95,86,90,102,102,102,102,96,61,46,76,10,102,102,102,46,0,0],"gold":72,"neow_bonus":"RANDOM_COMMON_RELIC","is_daily":false,"chose_seed":false,"campfire_upgraded":3,"win_rate":0.0,"timestamp":1611172573,"path_taken":["M","M","?","M","?","E","R","?","T","?","?","M","M","E","R","BOSS","M","?","M","?","?","R","M","R","T","M","?","$","E","?","R","BOSS","M","M","?","M","M","E","M","R","T","?","$","?","E","?","R","BOSS","R","$","E","BOSS"],"items_purchased_type":["Card","Relic","Card","Card","Card","Relic","Relic","Card","Card"],"build_version":"2020-12-22","purchased_purges":0,"victory":false,"max_hp_per_floor":[80,80,80,80,80,80,80,80,80,80,80,80,80,80,80,80,80,80,80,80,80,80,80,80,80,90,90,95,95,95,95,95,95,95,95,95,95,95,95,102,102,102,102,102,102,102,102,102,102,102,102,102,102,102,102,102],"card_choices":[{"not_picked":["Feel No Pain","Dual Wield"],"picked":"Pummel","floor":1.0},{"not_picked":["Battle Trance","Shockwave"],"picked":"Cleave","floor":2.0},{"not_picked":["Bloodletting","Infernal Blade","Anger"],"picked":"SKIP","floor":4.0},{"not_picked":["Second Wind","Burning Pact"],"picked":"Inflame","floor":6.0},{"not_picked":["Warcry","Perfected Strike"],"picked":"Disarm","floor":12.0},{"not_picked":["Rage","Warcry"],"picked":"Sword Boomerang","floor":13.0},{"not_picked":["Body Slam","Clash"],"picked":"Shrug It Off","floor":14.0},{"not_picked":["Berserk","Bludgeon"],"picked":"Reaper","floor":16.0},{"not_picked":["Burning Pact","Reckless Charge"],"picked":"Shrug It Off","floor":18.0},{"not_picked":["Infernal Blade","Body Slam+1"],"picked":"Pummel+1","floor":20.0},{"not_picked":["Pommel Strike","Headbutt+1"],"picked":"Flex+1","floor":22.0},{"not_picked":["Clash+1","Spot Weakness"],"picked":"Twin Strike+1","floor":24.0},{"not_picked":["Pummel","Headbutt"],"picked":"Twin Strike","floor":25.0},{"not_picked":["Thunderclap+1","Fire Breathing+1"],"picked":"Clothesline","floor":27.0},{"not_picked":["Corruption","True Grit"],"picked":"Clothesline+1","floor":30.0},{"not_picked":["Double Tap","Berserk"],"picked":"Barricade","floor":33.0},{"not_picked":["Clothesline","Warcry+1"],"picked":"Thunderclap+1","floor":35.0},{"not_picked":["Headbutt+1","Uppercut+1"],"picked":"Flame Barrier+1","floor":36.0},{"not_picked":["Pommel Strike","Dropkick"],"picked":"Sword Boomerang","floor":38.0},{"not_picked":["Shrug It Off","Headbutt+1"],"picked":"Seeing Red","floor":39.0},{"not_picked":["Blood for Blood+1","Sever Soul"],"picked":"Body Slam+1","floor":40.0},{"not_picked":["Bloodletting+1","True Grit","Bludgeon"],"picked":"SKIP","floor":41.0},{"not_picked":["Thunderclap+1","Blood for Blood"],"picked":"Power Through","floor":42.0},{"not_picked":["Anger+1","Entrench"],"picked":"Sword Boomerang+1","floor":46.0},{"not_picked":["Pommel Strike+1","Pummel"],"picked":"Inflame","floor":47},{"not_picked":["Thunderclap","Shrug It Off+1","Burning Pact"],"picked":"Heavy Blade+1","floor":48},{"not_picked":["Cleave","Blood for Blood","Thunderclap"],"picked":"Twin Strike","floor":49},{"not_picked":["Headbutt","Rupture+1","True Grit+1"],"picked":"Iron Wave+1","floor":54}],"player_experience":44262,"relics_obtained":[{"floor":6.0,"key":"Incense Burner"},{"floor":9.0,"key":"War Paint"},{"floor":14.0,"key":"Dream Catcher"},{"floor":26.0,"key":"Pear"},{"floor":30.0,"key":"MawBank"},{"floor":40.0,"key":"Strawberry"},{"floor":47,"key":"Question Card"},{"floor":54,"key":"Bronze Scales"}],"event_choices":[{"damage_healed":0.0,"max_hp_gain":0.0,"max_hp_loss":0.0,"gold_gain":0.0,"event_name":"Scrap Ooze","player_choice":"Success","floor":3.0,"gold_loss":0.0,"damage_taken":7.0,"relics_obtained":["Bag of Preparation"]},{"damage_healed":0.0,"max_hp_gain":0.0,"max_hp_loss":0.0,"gold_gain":0.0,"cards_transformed":["Strike_R"],"event_name":"Living Wall","player_choice":"Change","floor":5.0,"gold_loss":0.0,"damage_taken":0.0,"cards_obtained":["Entrench"]},{"damage_healed":0.0,"max_hp_gain":0.0,"max_hp_loss":0.0,"gold_gain":0.0,"event_name":"Big Fish","player_choice":"Box","floor":8.0,"gold_loss":0.0,"damage_taken":0.0,"relics_obtained":["Omamori"],"cards_obtained":["Regret"]},{"damage_healed":0.0,"max_hp_gain":0.0,"max_hp_loss":0.0,"gold_gain":75.0,"event_name":"World of Goop","player_choice":"Gather Gold","floor":11.0,"gold_loss":0.0,"damage_taken":11.0},{"damage_healed":0.0,"max_hp_gain":0.0,"max_hp_loss":0.0,"gold_gain":0.0,"event_name":"Drug Dealer","player_choice":"Obtain J.A.X.","floor":19.0,"gold_loss":0.0,"damage_taken":0.0,"cards_obtained":["J.A.X."]},{"cards_removed":["Regret"],"damage_healed":0.0,"max_hp_gain":0.0,"max_hp_loss":0.0,"gold_gain":0.0,"event_name":"Fountain of Cleansing","player_choice":"Removed Curses","floor":21.0,"gold_loss":0.0,"damage_taken":0.0},{"damage_healed":0.0,"max_hp_gain":5.0,"max_hp_loss":0.0,"gold_gain":0.0,"event_name":"Forgotten Altar","player_choice":"Shed Blood","floor":28.0,"gold_loss":0.0,"damage_taken":23.0},{"damage_healed":0.0,"max_hp_gain":0.0,"max_hp_loss":0.0,"gold_gain":0.0,"event_name":"Beggar","player_choice":"Ignored","floor":31.0,"gold_loss":0.0,"damage_taken":0.0},{"cards_removed":["Clothesline"],"damage_healed":0.0,"max_hp_gain":0.0,"max_hp_loss":0.0,"gold_gain":0.0,"event_name":"Falling","player_choice":"Removed Attack","floor":37.0,"gold_loss":0.0,"damage_taken":0.0},{"damage_healed":0.0,"max_hp_gain":0.0,"max_hp_loss":0.0,"gold_gain":100.0,"event_name":"Golden Shrine","player_choice":"Pray","floor":44.0,"gold_loss":0.0,"damage_taken":0.0}],"is_beta":false,"boss_relics":[{"not_picked":["Busted Crown","Mark of Pain"],"picked":"Cursed Key"},{"not_picked":["Snecko Eye","Coffee Dripper"],"picked":"SlaversCollar"}],"items_purged_floors":[],"is_endless":false,"potions_floor_spawned":[1,6,12,22,24,35,39,40,41,47],"killed_by":"The Heart","ascension_level":0}}