{"host":"fzku1ofsxv8lro8o","time":1611126510,"event":{"mods":["BaseMod","Colored Map","Downfall","Minty Spire (QoL Compilation)","Relic Stats","StSLib","everything is the same but u backflip on backflip"],"gold_per_floor":[99,111,128,148,159,159,159,159],"floor_reached":6,"language":"ENG","playtime":414,"items_purged":[],"score":40,"play_id":"14c76c5c-5adb-454d-9a56-cd6503db5583","local_time":"20210120100830","is_ascension_mode":true,"campfire_choices":[{"data":"Slimebound:Darklings","floor":1,"key":"SMITH"}],"circlet_count":0,"master_deck":["Slimebound:Strike_Slimebound","Slimebound:Strike_Slimebound","Slimebound:Strike_Slimebound","Slimebound:Tackle","Slimebound:Defend_Slimebound","Slimebound:Defend_Slimebound","Slimebound:Defend_Slimebound","Slimebound:Defend_Slimebound","Slimebound:Split","Slimebound:CorrosiveSpit","Slimebound:Darklings+1","Slimebound:LivingWall","Slimebound:DisruptingSlam"],"relics":["Slimebound:AbsorbEndCombat"],"acts_visited":["Exordium"],"potions_floor_usage":[6,6],"damage_taken":[{"damage":2,"enemies":"2 Louse","floor":2,"turns":4},{"damage":3,"enemies":"Small Slimes","floor":3,"turns":2},{"damage":9,"enemies":"Jaw Worm","floor":4,"turns":3},{"damage":7,"enemies":"2 Fungi Beasts","floor":5,"turns":4},{"damage":62,"enemies":"Gremlin Nob","floor":6,"turns":5}],"seed_played":"-425363478646098847","potions_obtained":[{"floor":3,"key":"Swift Potion"},{"floor":5,"key":"EntropicBrew"}],"is_trial":false,"path_per_floor":["R","M","M","M","M","E"],"character_chosen":"SLIMEBOUND","items_purchased":[],"campfire_rested":0,"item_purchase_floors":[],"current_hp_per_floor":[59,57,58,53,48,0,0,0],"gold":159,"neow_bonus":"THREE_RARE_CARDS","is_daily":false,"chose_seed":false,"campfire_upgraded":1,"win_rate":0.0,"timestamp":1611126510,"path_taken":["R","M","M","M","M","E"],"items_purchased_type":[],"build_version":"2020-12-22","purchased_purges":0,"victory":false,"max_hp_per_floor":[59,59,59,59,59,59,59,59],"relic_stats":{"counters":[5,17],"obtain_stats":[{"Slimebound:AbsorbEndCombat":0},{"Slimebound:AbsorbEndCombat":0},{"Slimebound:AbsorbEndCombat":0}]},"card_choices":[{"not_picked":["Slimebound:PrepareCrush","Slimebound:Overexert"],"picked":"Slimebound:Darklings","floor":0},{"not_picked":["Slimebound:SamplingLick","Slimebound:SplitLeeching","Slimebound:GoopTackle"],"picked":"SKIP","floor":2},{"not_picked":["Slimebound:FinishingTackle","Slimebound:RollThrough"],"picked":"Slimebound:LivingWall","floor":3},{"not_picked":["Slimebound:LivingWall","Slimebound:GoopSpray"],"picked":"Slimebound:DisruptingSlam","floor":4},{"not_picked":["Slimebound:RainOfGoop","Slimebound:DisruptingSlam","Slimebound:HauntingLick"],"picked":"SKIP","floor":5}],"player_experience":886004,"relics_obtained":[],"event_choices":[],"is_beta":false,"boss_relics":[],"items_purged_floors":[],"is_endless":false,"potions_floor_spawned":[3,5],"killed_by":"Gremlin Nob","ascension_level":1}}