{"host":"l5xpox9cbdko122s","time":1611175153,"event":{"mods":["AchievementEnabler","BaseMod","Better Skull","Colored Map","Colored Powertips","Curses Come First","Displayed Cursed Tome","Hermit","Highlight Path","Minty Spire (QoL Compilation)","Quick Restart","Shop Mod","StSLib"],"gold_per_floor":[118,193,211,222,222,222,222,222],"floor_reached":7,"language":"ENG","playtime":339,"items_purged":[],"score":41,"play_id":"0697df8d-1802-4511-a339-48ab8aed5ee8","local_time":"20210120153913","is_ascension_mode":false,"campfire_choices":[{"floor":6,"key":"RECALL"}],"circlet_count":0,"master_deck":["hermit:Strike_Hermit","hermit:Strike_Hermit","hermit:Strike_Hermit","hermit:Strike_Hermit","hermit:Defend_Hermit","hermit:Defend_Hermit","hermit:Defend_Hermit","hermit:Defend_Hermit","hermit:Snapshot","hermit:Covet","CurseOfTheBell"],"relics":["Calling Bell","Turnip","Question Card","Blood Vial","hermit:Horseshoe"],"acts_visited":["Exordium"],"potions_floor_usage":[],"damage_taken":[{"damage":3,"enemies":"Jaw Worm","floor":1,"turns":3},{"damage":2,"enemies":"Small Slimes","floor":3,"turns":3},{"damage":0,"enemies":"Cultist","floor":4,"turns":3},{"damage":59,"enemies":"Lagavulin","floor":7,"turns":9}],"seed_played":"-7928983708638037891","potions_obtained":[],"is_trial":false,"path_per_floor":["M","?","M","M","?","R","E"],"character_chosen":"HERMIT","items_purchased":[],"campfire_rested":0,"item_purchase_floors":[],"current_hp_per_floor":[72,61,61,63,51,51,0,0],"gold":222,"neow_bonus":"BOSS_RELIC","is_daily":false,"chose_seed":false,"campfire_upgraded":0,"win_rate":0.0,"timestamp":1611175153,"path_taken":["M","?","M","M","?","R","E"],"items_purchased_type":[],"build_version":"2020-12-22","purchased_purges":0,"victory":false,"max_hp_per_floor":[75,75,75,75,75,75,75,75],"card_choices":[{"not_picked":["hermit:Headshot","hermit:Glare","hermit:RoundhouseKick","hermit:HighCaliber"],"picked":"SKIP","floor":1},{"not_picked":["hermit:Horror","hermit:Vantage","hermit:SprayPray","hermit:Glare"],"picked":"SKIP","floor":3},{"not_picked":["hermit:Gambit","hermit:Feint","hermit:Gestalt","hermit:Snipe"],"picked":"SKIP","floor":4}],"player_experience":160356,"relics_obtained":[{"floor":0,"key":"Turnip"},{"floor":0,"key":"Question Card"},{"floor":0,"key":"Blood Vial"}],"event_choices":[{"damage_healed":0,"gold_gain":75,"player_choice":"Gather Gold","damage_taken":11,"max_hp_gain":0,"max_hp_loss":0,"event_name":"World of Goop","floor":2,"gold_loss":0},{"damage_healed":0,"gold_gain":0,"player_choice":"Success","damage_taken":12,"relics_obtained":["hermit:Horseshoe"],"max_hp_gain":0,"max_hp_loss":0,"event_name":"Scrap Ooze","floor":5,"gold_loss":0}],"is_beta":false,"boss_relics":[],"items_purged_floors":[],"is_endless":false,"potions_floor_spawned":[],"killed_by":"Lagavulin","ascension_level":0}}