{"host":"f0gpob8hq9vgebej","time":1611161983,"event":{"mods":["AchievementEnabler","BaseMod","Minty Spire (QoL Compilation)","Quick Restart","SuperFastMode"],"gold_per_floor":[119,44,58,74,84,84,117,117,144,144,158,158,58,58,58,154,154,168,93,0,0,48,48,48,48,48,48,58,69,69,69],"floor_reached":30,"language":"KOR","playtime":430,"items_purged":["Shame","Strike_R"],"score":442,"play_id":"048a1820-2fec-4986-9c28-e40528d7059c","local_time":"20210121015943","is_ascension_mode":true,"campfire_choices":[{"data":"Fire Breathing","floor":6.0,"key":"SMITH"},{"data":"Pommel Strike","floor":10.0,"key":"SMITH"},{"floor":15.0,"key":"REST"},{"data":"Limit Break","floor":24,"key":"SMITH"},{"data":"Sword Boomerang","floor":27,"key":"SMITH"}],"circlet_count":0,"master_deck":["AscendersBane","Strike_R","Strike_R","Defend_R","Defend_R","Defend_R","Bash","Carnage","Fire Breathing+1","Pommel Strike+1","Wild Strike","Armaments","Limit Break+1","Sword Boomerang+1","Writhe","Flex"],"relics":["Burning Blood","Lizard Tail","Oddly Smooth Stone","Bag of Marbles","Tiny Chest","Empty Cage","Bronze Scales","Calipers","InkBottle"],"acts_visited":["Exordium","TheCity"],"potions_floor_usage":[],"damage_taken":[{"damage":9.0,"enemies":"2 Louse","floor":1.0,"turns":3.0},{"damage":12.0,"enemies":"Jaw Worm","floor":3.0,"turns":2.0},{"damage":10.0,"enemies":"Small Slimes","floor":4.0,"turns":4.0},{"damage":7.0,"enemies":"Looter","floor":5.0,"turns":4.0},{"damage":35.0,"enemies":"3 Sentries","floor":7.0,"turns":5.0},{"damage":14.0,"enemies":"Blue Slaver","floor":11.0,"turns":3.0},{"damage":0.0,"enemies":"Slime Boss","floor":16.0,"turns":5.0},{"damage":16,"enemies":"2 Thieves","floor":18,"turns":5},{"damage":12,"enemies":"Chosen","floor":28,"turns":4},{"damage":39,"enemies":"Centurion and Healer","floor":29,"turns":7},{"damage":0,"enemies":"Cultist and Chosen","floor":30,"turns":1}],"seed_played":"3591974626774447666","potions_obtained":[{"floor":1.0,"key":"Explosive Potion"},{"floor":3.0,"key":"LiquidBronze"},{"floor":4.0,"key":"SteroidPotion"}],"is_trial":false,"path_per_floor":["M","$","M","M","M","R","E","?","T","R","M","?","$","?","R","B",null,"M","?","?","?","T","?","R","?","T","R","M","M","M"],"character_chosen":"IRONCLAD","items_purchased":[],"campfire_rested":1,"item_purchase_floors":[],"current_hp_per_floor":[69,69,63,59,58,58,29,29,29,29,21,21,21,21,45,51,73,63,63,63,48,48,48,48,48,48,48,42,9,9,9],"gold":69,"neow_bonus":"ONE_RARE_RELIC","is_daily":false,"chose_seed":false,"campfire_upgraded":4,"win_rate":0.0,"timestamp":1611161983,"path_taken":["M","$","M","M","M","R","E","?","T","R","M","?","$","?","R","BOSS","M","?","?","?","?","?","R","?","T","R","?","M","M"],"items_purchased_type":[],"build_version":"2020-12-22","purchased_purges":2,"victory":false,"max_hp_per_floor":[80,80,80,80,80,80,80,80,80,80,80,80,80,80,80,80,80,80,80,80,85,85,85,85,85,85,85,85,85,85,85],"card_choices":[{"not_picked":["Burning Pact","Headbutt"],"picked":"Carnage","floor":1.0},{"not_picked":["Carnage","Perfected Strike"],"picked":"Fire Breathing","floor":3.0},{"not_picked":["Body Slam","Entrench"],"picked":"Flex","floor":4.0},{"not_picked":["Clash","Cleave"],"picked":"Pommel Strike","floor":5.0},{"not_picked":["Burning Pact","Dropkick"],"picked":"Wild Strike","floor":7.0},{"not_picked":["Pommel Strike","Carnage"],"picked":"Armaments","floor":11.0},{"not_picked":["Double Tap","Exhume"],"picked":"Limit Break","floor":16.0},{"not_picked":["Twin Strike+1","Perfected Strike"],"picked":"Sword Boomerang","floor":18},{"not_picked":["True Grit","Perfected Strike","Flame Barrier"],"picked":"SKIP","floor":28},{"not_picked":["Twin Strike","Body Slam"],"picked":"Flex","floor":29}],"player_experience":185710,"relics_obtained":[{"floor":7.0,"key":"Oddly Smooth Stone"},{"floor":9.0,"key":"Bag of Marbles"},{"floor":22,"key":"Bronze Scales"},{"floor":26,"key":"InkBottle"}],"event_choices":[{"damage_healed":0.0,"max_hp_gain":0.0,"max_hp_loss":0.0,"gold_gain":0.0,"event_name":"Liars Game","player_choice":"Ignored","floor":8.0,"gold_loss":0.0,"damage_taken":0.0},{"damage_healed":0.0,"max_hp_gain":0.0,"max_hp_loss":0.0,"gold_gain":0.0,"event_name":"Golden Idol","player_choice":"Ignored","floor":12.0,"gold_loss":0.0,"damage_taken":0.0},{"damage_healed":0.0,"max_hp_gain":0.0,"max_hp_loss":0.0,"gold_gain":0.0,"event_name":"Dead Adventurer","player_choice":"Searched \u00272\u0027 times","floor":14.0,"gold_loss":0.0,"damage_taken":0.0,"relics_obtained":["Tiny Chest"]},{"cards_removed":["Strike_R"],"damage_healed":0,"gold_gain":0,"player_choice":"Gave Gold","damage_taken":0,"max_hp_gain":0,"max_hp_loss":0,"event_name":"Beggar","floor":19,"gold_loss":75},{"damage_healed":0,"gold_gain":0,"player_choice":"Paid Fearfully","damage_taken":0,"max_hp_gain":0,"max_hp_loss":0,"event_name":"Masked Bandits","floor":20,"gold_loss":93},{"damage_healed":0,"gold_gain":0,"player_choice":"Shed Blood","damage_taken":20,"max_hp_gain":5,"max_hp_loss":0,"event_name":"Forgotten Altar","floor":21,"gold_loss":0},{"cards_removed":["Flex"],"damage_healed":0,"gold_gain":0,"player_choice":"Elegance","damage_taken":0,"max_hp_gain":0,"max_hp_loss":0,"event_name":"Back to Basics","floor":23,"gold_loss":0},{"damage_healed":0,"gold_gain":0,"player_choice":"Opened","damage_taken":0,"relics_obtained":["Calipers"],"max_hp_gain":0,"max_hp_loss":0,"event_name":"The Mausoleum","floor":25,"gold_loss":0,"cards_obtained":["Writhe"]}],"is_beta":false,"boss_relics":[{"not_picked":["Cursed Key","SlaversCollar"],"picked":"Empty Cage"}],"items_purged_floors":[2,13],"is_endless":false,"potions_floor_spawned":[1,3,4,11],"killed_by":"Cultist and Chosen","ascension_level":12}}