{"host":"d6c1my71jrq4jqot","time":1611178071,"event":{"mods":["AchievementEnabler","BaseMod","Colored Powertips","Minty Spire (QoL Compilation)","Relic Stats","Slay the Relics Exporter"],"gold_per_floor":[112,37,47,47,47,76,76,105,105,105,105],"floor_reached":10,"language":"ENG","playtime":425,"items_purged":[],"score":137,"play_id":"35ca7f72-4153-4b8f-8894-63a237f41615","local_time":"20210120192751","is_ascension_mode":true,"campfire_choices":[{"data":"Dash","floor":7,"key":"SMITH"}],"circlet_count":0,"master_deck":["AscendersBane","Strike_G","Strike_G","Strike_G","Strike_G","Strike_G","Defend_G","Defend_G","Defend_G","Defend_G","Survivor","Neutralize","Dash+1","Dagger Spray","Flying Knee","Blade Dance"],"relics":["Ring of the Snake","Nunchaku","TungstenRod","Smiling Mask","Orichalcum","FossilizedHelix"],"acts_visited":["Exordium"],"potions_floor_usage":[6,8],"damage_taken":[{"damage":1,"enemies":"Small Slimes","floor":1,"turns":6},{"damage":1,"enemies":"Jaw Worm","floor":3,"turns":5},{"damage":21,"enemies":"Gremlin Nob","floor":6,"turns":5},{"damage":27,"enemies":"Lagavulin","floor":8,"turns":11},{"damage":9,"enemies":"3 Sentries","floor":10,"turns":2}],"seed_played":"8791124625738424920","potions_obtained":[{"floor":1,"key":"Dexterity Potion"},{"floor":3,"key":"LiquidMemories"}],"is_trial":false,"path_per_floor":["M","?","M","?","$","E","R","E","T","E"],"character_chosen":"THE_SILENT","items_purchased":[],"campfire_rested":0,"item_purchase_floors":[],"current_hp_per_floor":[58,58,57,52,52,31,31,4,4,0,0],"gold":105,"neow_bonus":"RANDOM_COMMON_RELIC","is_daily":false,"chose_seed":false,"campfire_upgraded":1,"win_rate":0.0,"timestamp":1611178071,"path_taken":["M","?","M","?","$","E","R","E","T","E"],"items_purchased_type":[],"build_version":"2020-12-22","purchased_purges":0,"victory":false,"max_hp_per_floor":[66,66,66,66,66,66,66,66,66,66,66],"relic_stats":{"Nunchaku":[6],"counters":[5,29],"Orichalcum":[6],"Smiling Mask":0,"obtain_stats":[{"Nunchaku":0,"Orichalcum":8,"Smiling Mask":6,"TungstenRod":4,"FossilizedHelix":9,"Ring of the Snake":0},{"Nunchaku":0,"Orichalcum":4,"Smiling Mask":3,"TungstenRod":2,"FossilizedHelix":4,"Ring of the Snake":0},{"Nunchaku":0,"Orichalcum":27,"Smiling Mask":16,"TungstenRod":11,"FossilizedHelix":27,"Ring of the Snake":0}],"TungstenRod":9,"Ring of the Snake":[10]},"card_choices":[{"not_picked":["Deflect","Outmaneuver"],"picked":"Dash","floor":1},{"not_picked":["Sucker Punch","PiercingWail"],"picked":"Dagger Spray","floor":3},{"not_picked":["Concentrate","Deadly Poison"],"picked":"Flying Knee","floor":6},{"not_picked":["Bane","Concentrate"],"picked":"Blade Dance","floor":8}],"player_experience":640593,"relics_obtained":[{"floor":6,"key":"Smiling Mask"},{"floor":8,"key":"Orichalcum"},{"floor":9,"key":"FossilizedHelix"}],"event_choices":[{"cards_removed":["Defend_G"],"damage_healed":0,"gold_gain":0,"player_choice":"Card Removal","damage_taken":0,"max_hp_gain":0,"max_hp_loss":0,"event_name":"The Cleric","floor":2,"gold_loss":75},{"damage_healed":0,"gold_gain":0,"player_choice":"Success","damage_taken":5,"relics_obtained":["TungstenRod"],"max_hp_gain":0,"max_hp_loss":0,"event_name":"Scrap Ooze","floor":4,"gold_loss":0}],"is_beta":false,"boss_relics":[],"items_purged_floors":[],"is_endless":false,"potions_floor_spawned":[1,3],"killed_by":"3 Sentries","ascension_level":17}}