{"host":"dmp5wkeaoxsk0qwa","time":1611132340,"event":{"mods":["AchievementEnabler","BaseMod","BetterRewards","Colored Map","Colored Powertips","Curses Come First","Minty Spire (QoL Compilation)","Permanent Neow","Quick Restart","Replay The Spire","Shop Mod","StSLib"],"gold_per_floor":[117,117,117,133,18,49,49,83,83,93,112,112,127,194,194,290,290,305,305,323,323,335,366,366,366,366,377,390,410,179,179,179,276,276,287,301,1300,1300,1300,1332,550,550,550],"floor_reached":42,"language":"ENG","playtime":2608,"items_purged":["Normality"],"score":531,"play_id":"18de35be-3f25-475f-9252-1567bda5e495","local_time":"20210120094540","is_ascension_mode":false,"campfire_choices":[{"floor":12.0,"key":"REST"},{"floor":15.0,"key":"REST"},{"floor":25,"key":"REST"},{"floor":32,"key":"REST"}],"circlet_count":0,"master_deck":["Strike_P","Strike_P","Strike_P","Strike_P","Defend_P+1","Defend_P","Defend_P+1","Defend_P","Eruption+1","Vigilance","WheelKick","ClearTheMind","LikeWater","CarveReality","Vengeance","Establishment","FearNoEvil","ConjureBlade","BattleHymn","Adaptation","Replay:Battleflow","FlurryOfBlows","Ragnarok","Halt+1","Replay:BluntJabs","Consecrate+1","Replay:LoomingThreat","ReplayTheSpireMod:Restless Dread","Amnesia","FlyingSleeves+1","Crescendo","TalkToTheHand","EmptyBody","Replay:Vibes","Replay:DivineShield","LessonLearned","WheelKick+1","FlurryOfBlows+1","Normality","Panacea","Eruption","Replay:Hum+1"],"relics":["PureWater","NeowsBlessing","CaptainsWheel","Mango","Question Card","Ornamental Fan","Cursed Key","Pantograph","ReplayTheSpireMod:Lightbulb","Dream Catcher","Sling","Black Star","Juzu Bracelet","Replay:Bottled Steam","PreservedInsect","Sundial","PrismaticShard","MerchantsRug"],"acts_visited":["Exordium","TheCity","TheBeyond"],"potions_floor_usage":[23,27,33,42],"damage_taken":[{"damage":0.0,"enemies":"2 Louse","floor":1.0,"turns":1.0},{"damage":0.0,"enemies":"Small Slimes","floor":4.0,"turns":1.0},{"damage":0.0,"enemies":"Lagavulin","floor":6.0,"turns":1.0},{"damage":32.0,"enemies":"Gremlin Nob","floor":8.0,"turns":5.0},{"damage":0.0,"enemies":"Cultist","floor":10.0,"turns":2.0},{"damage":0.0,"enemies":"3 Louse","floor":11.0,"turns":1.0},{"damage":0.0,"enemies":"Exordium Wildlife","floor":13.0,"turns":2.0},{"damage":110.0,"enemies":"Hexaghost","floor":16.0,"turns":6.0},{"damage":0,"enemies":"Spheric Guardian","floor":18,"turns":2},{"damage":3,"enemies":"Shell Parasite","floor":20,"turns":4},{"damage":2,"enemies":"3 Cultists","floor":22,"turns":4},{"damage":50,"enemies":"Gremlin Leader","floor":23,"turns":5},{"damage":0,"enemies":"Sentry and Sphere","floor":27,"turns":3},{"damage":16,"enemies":"Centurion and Healer","floor":28,"turns":4},{"damage":27,"enemies":"Shelled Parasite and Fungi","floor":29,"turns":3},{"damage":51,"enemies":"Champ","floor":33,"turns":7},{"damage":21,"enemies":"Orb Walker","floor":35,"turns":4},{"damage":8,"enemies":"3 Shapes","floor":36,"turns":3},{"damage":50,"enemies":"Reptomancer","floor":40,"turns":6},{"damage":34,"enemies":"Giant Head","floor":42,"turns":5}],"seed_played":"8169348896145206565","potions_obtained":[{"floor":4.0,"key":"Explosive Potion"},{"floor":8.0,"key":"Ancient Potion"},{"floor":10.0,"key":"Adrenaline Potion"},{"floor":13.0,"key":"FairyPotion"},{"floor":16.0,"key":"Adrenaline Potion"},{"floor":18,"key":"SkillPotion"},{"floor":27,"key":"Swift Potion"},{"floor":29,"key":"FearPotion"}],"is_trial":false,"path_per_floor":["M","?","?","M","$","E","?","E","T","M","M","R","M","?","R","B",null,"M","?","M","?","M","E","?","R","T","M","M","M","$","?","R","B",null,"M","M","?","?","?","E","$","E"],"character_chosen":"WATCHER","items_purchased":["LikeWater","CarveReality","Sling","EmptyBody","Replay:Vibes","PreservedInsect","Sundial","PrismaticShard","MerchantsRug"],"campfire_rested":4,"item_purchase_floors":[5,5,30,30,30,41,41,41,41],"current_hp_per_floor":[72,58,58,58,58,58,58,40,40,40,40,65,65,65,86,7,86,86,86,83,80,78,28,28,53,53,53,37,10,10,10,35,9,86,65,57,57,57,57,7,7,0,0],"gold":550,"neow_bonus":"THREE_ENEMY_KILL","is_daily":false,"chose_seed":false,"campfire_upgraded":0,"win_rate":0.0,"timestamp":1611132340,"path_taken":["M","?","?","M","$","E","?","E","T","M","M","R","?","?","R","BOSS","M","?","M","?","?","E","?","R","T","M","M","M","?","?","R","BOSS","M","M","?","?","?","E","$","E"],"items_purchased_type":["Card","Card","Relic","Card","Card","Relic","Relic","Relic","Relic"],"build_version":"2020-12-22","purchased_purges":1,"victory":false,"max_hp_per_floor":[72,72,72,72,72,72,72,86,86,86,86,86,86,86,86,86,86,86,86,86,86,86,86,86,86,86,86,86,86,86,86,86,86,86,86,86,86,86,86,86,86,86,86],"card_choices":[{"not_picked":["Replay:BluntJabs","Replay:Battleflow"],"picked":"WheelKick","floor":1.0},{"not_picked":["FlurryOfBlows","Replay:BluntJabs"],"picked":"ClearTheMind","floor":4.0},{"not_picked":["Replay:AtTheReady","Halt"],"picked":"Vengeance","floor":6.0},{"not_picked":["Consecrate","Evaluate"],"picked":"ConjureBlade","floor":8.0},{"not_picked":["EmptyMind","EmptyBody","Replay:BluntJabs"],"picked":"BattleHymn","floor":10.0},{"not_picked":["Consecrate","Perseverance","EmptyBody"],"picked":"Adaptation","floor":11.0},{"not_picked":["Consecrate","Replay:AtTheReady","FollowUp"],"picked":"Replay:Battleflow","floor":13.0},{"not_picked":["Halt","ClearTheMind","TalkToTheHand"],"picked":"FlurryOfBlows","floor":14.0},{"not_picked":["Establishment","Scrawl","Replay:LoomingThreat"],"picked":"Ragnarok","floor":16.0},{"not_picked":["EmptyFist+1","Replay:ManipulateFuture","WaveOfTheHand"],"picked":"Halt+1","floor":18},{"not_picked":["Consecrate","Replay:Cycle","Adaptation"],"picked":"Replay:BluntJabs","floor":20},{"not_picked":["Halt","Omniscience","ThirdEye"],"picked":"Consecrate+1","floor":22},{"not_picked":["Replay:Battleflow","Replay:ManipulateFuture","FlurryOfBlows"],"picked":"Replay:LoomingThreat","floor":23},{"not_picked":["Evaluate","Perseverance","EmptyFist"],"picked":"FlyingSleeves+1","floor":27},{"not_picked":["LikeWater","ClearTheMind","Consecrate"],"picked":"Crescendo","floor":28},{"not_picked":["Replay:BluntJabs","ClearTheMind","Crescendo"],"picked":"TalkToTheHand","floor":29},{"not_picked":["Wallop","Protect+1","Tantrum"],"picked":"Replay:DivineShield","floor":32},{"not_picked":["Omniscience","Replay:LoomingThreat","Scrawl"],"picked":"LessonLearned","floor":33},{"not_picked":["Meditate+1","EmptyBody","Evaluate+1"],"picked":"WheelKick+1","floor":35},{"not_picked":["EmptyBody+1","Evaluate","TalkToTheHand"],"picked":"FlurryOfBlows+1","floor":36},{"not_picked":["Adaptation","FearNoEvil","Replay:Cycle+1"],"picked":"Replay:Hum+1","floor":40}],"player_experience":64774,"relics_obtained":[{"floor":6.0,"key":"CaptainsWheel"},{"floor":8.0,"key":"Mango"},{"floor":9.0,"key":"Question Card"},{"floor":14.0,"key":"Ornamental Fan"},{"floor":23,"key":"Pantograph"},{"floor":26,"key":"Dream Catcher"},{"floor":40,"key":"Juzu Bracelet"},{"floor":40,"key":"Replay:Bottled Steam"}],"event_choices":[{"damage_healed":0.0,"max_hp_gain":0.0,"max_hp_loss":0.0,"gold_gain":0.0,"event_name":"Shining Light","player_choice":"Entered Light","floor":2.0,"gold_loss":0.0,"damage_taken":14.0,"cards_upgraded":["Defend_P","Eruption"]},{"damage_healed":0.0,"max_hp_gain":0.0,"max_hp_loss":0.0,"gold_gain":0.0,"event_name":"Match and Keep!","player_choice":"2 cards matched","floor":7.0,"gold_loss":0.0,"damage_taken":0.0,"cards_obtained":["Establishment","FearNoEvil"]},{"damage_healed":0,"gold_gain":0,"player_choice":"Ignored","damage_taken":0,"max_hp_gain":0,"max_hp_loss":0,"event_name":"Ghosts","floor":19,"gold_loss":0},{"damage_healed":0,"gold_gain":0,"player_choice":"Punched","damage_taken":3,"max_hp_gain":0,"max_hp_loss":0,"event_name":"Designer","floor":21,"gold_loss":0},{"damage_healed":0,"gold_gain":0,"player_choice":"Ignored","damage_taken":0,"max_hp_gain":0,"max_hp_loss":0,"event_name":"Cursed Tome","floor":31,"gold_loss":0},{"damage_healed":0,"gold_gain":999,"player_choice":"Gold","damage_taken":0,"max_hp_gain":0,"max_hp_loss":0,"event_name":"MindBloom","floor":37,"gold_loss":0,"cards_obtained":["Normality","Normality"]},{"damage_healed":0,"gold_gain":0,"player_choice":"Ignored","damage_taken":0,"max_hp_gain":0,"max_hp_loss":0,"event_name":"Tomb of Lord Red Mask","floor":38,"gold_loss":0},{"damage_healed":0,"gold_gain":0,"player_choice":"2 cards matched","damage_taken":0,"max_hp_gain":0,"max_hp_loss":0,"event_name":"Match and Keep!","floor":39,"gold_loss":0,"cards_obtained":["Panacea","Eruption"]}],"is_beta":false,"boss_relics":[{"not_picked":["Replay:Bronze Core","Snecko Eye"],"picked":"Cursed Key"},{"not_picked":["Tiny House","Painkiller Herb"],"picked":"Black Star"}],"items_purged_floors":[41],"is_endless":false,"potions_floor_spawned":[4,8,10,13,16,18,27,29],"killed_by":"Giant Head","ascension_level":0}}