{"host":"u4zac1ah2fyo4jwu","time":1611153337,"event":{"mods":["AchievementEnabler","BaseMod","Keyboard Shortcuts","Minty Spire (QoL Compilation)","Quick Restart","Rare Cards Sparkle","SuperFastMode"],"gold_per_floor":[115,141,160,180,195,195,220,220,220,495,511,527,537,54,54,152,152,169,181,96,116,131,131,131],"floor_reached":23,"language":"KOR","playtime":827,"items_purged":[],"score":197,"play_id":"ae2049df-2d1f-4640-80b2-b517b7c0628f","local_time":"20210120233537","is_ascension_mode":false,"campfire_choices":[{"data":"Static Discharge","floor":6,"key":"SMITH"},{"floor":8,"key":"REST"},{"floor":15,"key":"REST"}],"circlet_count":0,"master_deck":["Strike_B","Strike_B","Strike_B","Defend_B","Defend_B","Defend_B","Zap","Dualcast","Defragment","Redo","Streamline","Static Discharge+1","Genetic Algorithm","Auto Shields","Steam","Beam Cell","Bandage Up","All For One","Shame","Aggregate+1","Beam Cell+1","Conserve Battery","Rip and Tear+1","Go for the Eyes","Conserve Battery"],"relics":["Cracked Core","Bag of Preparation","Ice Cream","Bronze Scales","Matryoshka","Astrolabe","Potion Belt"],"acts_visited":["Exordium","TheCity"],"potions_floor_usage":[3,7,16,18,21,22],"damage_taken":[{"damage":1,"enemies":"Cultist","floor":1,"turns":4},{"damage":8,"enemies":"Jaw Worm","floor":3,"turns":3},{"damage":9,"enemies":"2 Louse","floor":4,"turns":3},{"damage":13,"enemies":"Exordium Wildlife","floor":5,"turns":4},{"damage":34,"enemies":"Gremlin Nob","floor":7,"turns":3},{"damage":20,"enemies":"Red Slaver","floor":11,"turns":3},{"damage":4,"enemies":"Large Slime","floor":12,"turns":5},{"damage":9,"enemies":"2 Fungi Beasts","floor":13,"turns":3},{"damage":34,"enemies":"Slime Boss","floor":16,"turns":8},{"damage":8,"enemies":"3 Byrds","floor":18,"turns":3},{"damage":18,"enemies":"2 Thieves","floor":19,"turns":4},{"damage":29,"enemies":"Centurion and Healer","floor":21,"turns":6},{"damage":30,"enemies":"Sentry and Sphere","floor":22,"turns":4},{"damage":18,"enemies":"Snecko","floor":23,"turns":3}],"seed_played":"-2576928232211861990","potions_obtained":[{"floor":1,"key":"SteroidPotion"},{"floor":3,"key":"LiquidBronze"},{"floor":12,"key":"Dexterity Potion"},{"floor":16,"key":"LiquidMemories"},{"floor":19,"key":"ColorlessPotion"},{"floor":21,"key":"Strength Potion"}],"is_trial":false,"path_per_floor":["M","T","M","M","M","R","E","R","T","?","M","M","M","$","R","B",null,"M","M","?","M","M","M"],"character_chosen":"DEFECT","items_purchased":["Bronze Scales","Matryoshka","Bandage Up"],"campfire_rested":2,"item_purchase_floors":[14,14,14],"current_hp_per_floor":[81,81,73,64,51,51,17,41,41,41,21,17,8,8,32,2,82,78,64,64,39,13,0,0],"gold":131,"neow_bonus":"TEN_PERCENT_HP_BONUS","is_daily":false,"chose_seed":false,"campfire_upgraded":1,"win_rate":0.0,"timestamp":1611153337,"path_taken":["M","?","M","M","M","R","E","R","T","?","?","M","M","$","R","BOSS","M","M","?","M","M","M"],"items_purchased_type":["Relic","Relic","Card"],"build_version":"2020-12-22","purchased_purges":0,"victory":false,"max_hp_per_floor":[82,82,82,82,82,82,82,82,82,82,82,82,82,82,82,82,82,82,82,82,82,82,82,82],"card_choices":[{"not_picked":["Consume","Compile Driver"],"picked":"Defragment","floor":1},{"not_picked":["Hologram","Streamline"],"picked":"Redo","floor":3},{"not_picked":["Skim","Stack"],"picked":"Streamline","floor":4},{"not_picked":["Double Energy","Lockon"],"picked":"Static Discharge","floor":5},{"not_picked":["Tempest","Cold Snap"],"picked":"Genetic Algorithm","floor":7},{"not_picked":["Chaos","FTL"],"picked":"Auto Shields","floor":11},{"not_picked":["Darkness","Double Energy"],"picked":"Steam","floor":12},{"not_picked":["Stack","Streamline"],"picked":"Beam Cell","floor":13},{"not_picked":["Reboot","Fission"],"picked":"All For One","floor":16},{"not_picked":["Doom and Gloom","Coolheaded"],"picked":"Conserve Battery","floor":18},{"not_picked":["Hello World","Aggregate"],"picked":"Rip and Tear+1","floor":19},{"not_picked":["Compile Driver+1","Ball Lightning"],"picked":"Go for the Eyes","floor":21},{"not_picked":["Steam","Streamline"],"picked":"Conserve Battery","floor":22}],"player_experience":16020,"relics_obtained":[{"floor":2,"key":"Bag of Preparation"},{"floor":9,"key":"Ice Cream"}],"event_choices":[{"damage_healed":0,"gold_gain":275,"player_choice":"Desecrate","damage_taken":0,"max_hp_gain":0,"max_hp_loss":0,"event_name":"Golden Shrine","floor":10,"gold_loss":0,"cards_obtained":["Regret"]},{"damage_healed":0,"gold_gain":0,"player_choice":"Obtained Relic","damage_taken":0,"relics_obtained":["Potion Belt"],"max_hp_gain":0,"max_hp_loss":0,"event_name":"Addict","floor":20,"gold_loss":85}],"is_beta":false,"boss_relics":[{"not_picked":["Black Star","Coffee Dripper"],"picked":"Astrolabe"}],"items_purged_floors":[],"is_endless":false,"potions_floor_spawned":[1,3,12,16,19,21],"killed_by":"Snecko","ascension_level":0}}