{"host":"rzpi613efy9j52u4","time":1611165442,"event":{"mods":["Aspiration","BaseMod","BetterRewards","Colored Powertips","Downfall","Googly Eyes","Hubris","Minty Spire (QoL Compilation)","Rare Cards Sparkle","Shop Mod","StSLib","The Disciple","The Hierophant","The Poker Player"],"gold_per_floor":[118,130,305,305,315,315,315,315,338,364,56,73,92,47,47,145,145,164,164,179,179,179],"floor_reached":21,"language":"ENG","playtime":1905,"items_purged":[],"score":204,"play_id":"9313e4ab-5e53-4c54-a8fd-162d0f33e65d","local_time":"20210120125722","daily_mods":["downfall:Improvised","Red Cards","Night Terrors"],"is_ascension_mode":false,"campfire_choices":[{"data":"DevaForm","floor":6,"key":"SMITH"},{"data":"Echo Form","floor":8,"key":"SMITH"},{"data":"Slimebound:DuplicatedForm","floor":15,"key":"SMITH"}],"circlet_count":0,"master_deck":["Demon Form","Wraith Form v2","Echo Form+1","DevaForm+1","PokerPlayerMod:GamblerForm","bronze:Verify","Guardian:ConstructionForm","OracleForm","Slimebound:DuplicatedForm+1","sneckomod:SerpentMind","hexamod:HexaLevel","champ:GladiatorForm","Strike_Br","Strike_Br","Strike_Br","Strike_Br","Defend_Br","Defend_Br","Defend_Br","Defend_Br","SecondHand","PatternShift","Guardian:ExploitGems","Guardian:ExploitGems","sneckomod:UnknownCommonAttack","sneckomod:UnknownCommonAttack","sneckomod:UnknownCommonAttack","sneckomod:UnknownCommonSkill","sneckomod:UnknownCommonSkill","sneckomod:UnknownCommonSkill","sneckomod:UnknownUncommonAttack","sneckomod:UnknownUncommonSkill","sneckomod:UnknownUncommonPower","sneckomod:Unknown","Carnage","hierophant:Smite","Doubt","sneckomod:UnknownUncommonPower","Reinforced Body","Guardian:Orbwalk","Creative AI","champ:GladiatorStyle","LockedBlood","hierophant:Empathy","hexamod:ForkedFlame","champ:RageSigil+1","Slimebound:HauntingLick+1"],"relics":["Chronometer","Guardian:PickAxe","champ:ChampStancesModRelic","NeowsBlessing","Boot","BlueBox","OrangePellets","Orichalcum","expansioncontent:StudyCardRelic"],"acts_visited":["Exordium","TheCity"],"potions_floor_usage":[10,12,13],"damage_taken":[{"damage":25,"enemies":"2 Louse","floor":1,"turns":2},{"damage":5,"enemies":"Small Slimes","floor":2,"turns":1},{"damage":0,"enemies":"Cultist","floor":5,"turns":1},{"damage":48,"enemies":"Lagavulin","floor":10,"turns":8},{"damage":22,"enemies":"2 Fungi Beasts","floor":12,"turns":7},{"damage":16,"enemies":"Large Slime","floor":13,"turns":7},{"damage":10,"enemies":"Looter","floor":14,"turns":5},{"damage":49,"enemies":"Slime Boss","floor":16,"turns":12},{"damage":54,"enemies":"3 Byrds","floor":18,"turns":7},{"damage":31,"enemies":"Spheric Guardian","floor":20,"turns":9},{"damage":12,"enemies":"Snake Plant","floor":21,"turns":1}],"seed_played":"2221423609647563190","potions_obtained":[{"floor":5,"key":"Block Potion"},{"floor":10,"key":"Energy Potion"},{"floor":12,"key":"AttackPotion"}],"is_trial":true,"path_per_floor":["M","M","?","?","M","R","?","R","T","E","$","M","M","M","R","B",null,"M","?","M","M"],"character_chosen":"CHRONO_CLASS","items_purchased":["OrangePellets","Orichalcum"],"campfire_rested":0,"item_purchase_floors":[11,11],"current_hp_per_floor":[65,60,60,65,65,65,75,75,75,57,57,57,56,46,46,9,75,36,29,4,0,0],"gold":179,"neow_bonus":"","is_daily":false,"chose_seed":false,"campfire_upgraded":3,"win_rate":0.0,"timestamp":1611165442,"path_taken":["M","M","?","?","M","R","?","R","T","E","$","M","?","M","R","BOSS","M","?","M","M"],"items_purchased_type":["Relic","Relic"],"build_version":"2020-12-13","purchased_purges":0,"victory":false,"max_hp_per_floor":[65,65,65,65,65,65,75,75,75,75,75,75,75,75,75,75,75,75,75,75,75,75],"card_choices":[{"not_picked":["champ:StanceDance","hierophant:Glossolalia"],"picked":"Carnage","floor":1},{"not_picked":["Reinforced Body","hexamod:GhostLash"],"picked":"hierophant:Smite","floor":2},{"not_picked":["Guardian:Orbwalk","champ:FocusedBerserking"],"picked":"sneckomod:UnknownUncommonPower","floor":5},{"not_picked":["hexamod:BacktrackSmack","Deadly Poison"],"picked":"Creative AI","floor":10},{"not_picked":["Slimebound:SplitMire","hierophant:ThreeLashes"],"picked":"champ:GladiatorStyle","floor":12},{"not_picked":["Slimebound:LeechEnergy","Guardian:RevengeProtocol"],"picked":"LockedBlood","floor":13},{"not_picked":["Guardian:TemporalShield","bronze:Constructor"],"picked":"hierophant:Empathy","floor":14},{"not_picked":["Slimebound:MinionMaster","champ:Improvising"],"picked":"hexamod:ForkedFlame","floor":16},{"not_picked":["Guardian:Orbwalk","bronze:BitShift"],"picked":"champ:RageSigil+1","floor":18},{"not_picked":["Gash","PrimeTime"],"picked":"Slimebound:HauntingLick+1","floor":20}],"player_experience":56537,"relics_obtained":[{"floor":9,"key":"Boot"},{"floor":10,"key":"BlueBox"}],"event_choices":[{"damage_healed":0,"gold_gain":175,"player_choice":"AGREE","damage_taken":0,"max_hp_gain":0,"max_hp_loss":0,"event_name":"Liars Game","floor":3,"gold_loss":0,"cards_obtained":["Doubt"]},{"cards_removed":["PokerPlayerMod:StackedDeck"],"damage_healed":0,"gold_gain":0,"player_choice":"Offered Rare","damage_taken":0,"max_hp_gain":10,"max_hp_loss":0,"event_name":"Bonfire Elementals","floor":7,"gold_loss":0},{"damage_healed":0,"gold_gain":0,"player_choice":"Damaged","damage_taken":7,"max_hp_gain":0,"max_hp_loss":0,"event_name":"Wheel of Change","floor":19,"gold_loss":0}],"is_beta":false,"boss_relics":[{"not_picked":["aspiration:RunicSpoon","hubris:CrackedHourglass"],"picked":"expansioncontent:StudyCardRelic"}],"items_purged_floors":[],"is_endless":false,"potions_floor_spawned":[5,10,12],"killed_by":"Snake Plant","ascension_level":0}}