{"host":"6nlkmf8brg11b1z4","time":1611182897,"event":{"mods":["AchievementEnabler","Act Like it!","BaseMod","BetterRewards","Downfall","Hermit","Key Reminder","Minty Spire (QoL Compilation)","Relic Filter","StSLib"],"gold_per_floor":[117,117,132,82,4,17,17,31,31,31,49,80,93,118,118,213,213,224,224,237,255,269,294,28,28,51,151,184,203,233,233,233,329,329,348,361,371,388,402,402,430,442,454,516,324,324,334,334,334,334,334],"floor_reached":50,"language":"ENG","playtime":2548,"items_purged":["hermit:Defend_Hermit","hermit:Defend_Hermit"],"score":619,"play_id":"06ff390b-ad11-440f-9f94-1aa99ebcc6b2","local_time":"20210120234817","is_ascension_mode":false,"campfire_choices":[{"floor":10.0,"key":"REST"},{"data":"hermit:CalledShot","floor":15.0,"key":"SMITH"},{"data":"hermit:GoldenBullet","floor":25.0,"key":"SMITH"},{"data":"hermit:Ricochet","floor":32.0,"key":"SMITH"},{"floor":40,"key":"REST"},{"floor":42,"key":"REST"},{"floor":46,"key":"REST"},{"floor":49,"key":"RECALL"}],"circlet_count":0,"master_deck":["hermit:Strike_Hermit+1","hermit:Strike_Hermit","hermit:Strike_Hermit","hermit:Defend_Hermit+1","hermit:Snapshot","hermit:Covet+1","hermit:HighCaliber","hermit:Misfire","hermit:GoldenBullet+1","hermit:Ricochet","hermit:FlashPowder","hermit:SprayPray","hermit:Ricochet+1","hermit:Snipe+1","hermit:RoundhouseKick","hermit:Deadeye","hermit:CalledShot+1","hermit:Ricochet","hermit:FlashPowder+1","hermit:Enervate+1","hermit:Manifest+1","hermit:Quickdraw+1","hermit:FinalCanter","hermit:Snipe+1"],"relics":["hermit:Momento","Orichalcum","Toxic Egg 2","Tiny Chest","Bronze Scales","Busted Crown","Lantern","Membership Card","Bag of Marbles","War Paint","hermit:CharredGlove","Meat on the Bone","Pen Nib","MealTicket","Fusion Hammer","MawBank","Molten Egg 2","Turnip","Centennial Puzzle"],"acts_visited":["Exordium","TheCity","TheBeyond"],"potions_floor_usage":[],"damage_taken":[{"damage":0.0,"enemies":"2 Louse","floor":1.0,"turns":2.0},{"damage":8.0,"enemies":"Small Slimes","floor":3.0,"turns":2.0},{"damage":3.0,"enemies":"Jaw Worm","floor":6.0,"turns":2.0},{"damage":9.0,"enemies":"Large Slime","floor":8.0,"turns":4.0},{"damage":0.0,"enemies":"3 Louse","floor":11.0,"turns":2.0},{"damage":0.0,"enemies":"Gremlin Nob","floor":12.0,"turns":2.0},{"damage":1.0,"enemies":"Blue Slaver","floor":13.0,"turns":2.0},{"damage":3.0,"enemies":"3 Sentries","floor":14.0,"turns":3.0},{"damage":31.0,"enemies":"Hexaghost","floor":16.0,"turns":8.0},{"damage":0.0,"enemies":"3 Byrds","floor":18.0,"turns":3.0},{"damage":14.0,"enemies":"2 Thieves","floor":20.0,"turns":2.0},{"damage":15.0,"enemies":"Snake Plant","floor":21.0,"turns":3.0},{"damage":0.0,"enemies":"Cultist and Chosen","floor":22.0,"turns":5.0},{"damage":0.0,"enemies":"Gremlin Leader","floor":23.0,"turns":7.0},{"damage":9.0,"enemies":"Colosseum Slavers","floor":27.0,"turns":2.0},{"damage":3.0,"enemies":"Colosseum Nobs","floor":27.0,"turns":3.0},{"damage":6.0,"enemies":"Slavers","floor":28.0,"turns":4.0},{"damage":1.0,"enemies":"Centurion and Healer","floor":29.0,"turns":3.0},{"damage":0.0,"enemies":"Book of Stabbing","floor":30.0,"turns":2.0},{"damage":38.0,"enemies":"Automaton","floor":33.0,"turns":5.0},{"damage":8.0,"enemies":"3 Shapes","floor":35.0,"turns":3.0},{"damage":13.0,"enemies":"3 Darklings","floor":36.0,"turns":3.0},{"damage":17.0,"enemies":"4 Shapes","floor":37.0,"turns":4.0},{"damage":35,"enemies":"Maw","floor":38,"turns":7},{"damage":4,"enemies":"Jaw Worm Horde","floor":39,"turns":2},{"damage":10,"enemies":"Nemesis","floor":41,"turns":5},{"damage":0,"enemies":"Mind Bloom Boss Battle","floor":44,"turns":4},{"damage":30,"enemies":"Transient","floor":47,"turns":5},{"damage":46,"enemies":"Awakened One","floor":50,"turns":6}],"seed_played":"-7907358194575369964","potions_obtained":[{"floor":1.0,"key":"Strength Potion"},{"floor":8.0,"key":"DistilledChaos"},{"floor":13.0,"key":"LiquidMemories"},{"floor":14.0,"key":"Dexterity Potion"},{"floor":18.0,"key":"Weak Potion"},{"floor":28.0,"key":"FearPotion"},{"floor":36.0,"key":"BlessingOfTheForge"},{"floor":39,"key":"Guardian:BlockOnCardUsePotion"}],"is_trial":false,"path_per_floor":["M","?","M","?","$","M","?","M","T","R","M","E","M","E","R","B",null,"M","?","M","M","M","E","$","R","T","?","E","M","E","T","R","B",null,"M","M","M","M","M","R","E","R","T","?","$","R","M","?","R","B"],"character_chosen":"HERMIT","items_purchased":["hermit:HighCaliber","hermit:Misfire","hermit:FlashPowder","Membership Card","Bag of Marbles","Centennial Puzzle","hermit:Snipe+1","Energy Potion","FearPotion"],"campfire_rested":4,"item_purchase_floors":[0,0,5,24,24,45,45,45,45],"current_hp_per_floor":[75,60,52,52,52,49,37,28,28,50,50,50,49,46,46,15,75,75,75,61,46,46,46,46,46,46,34,40,39,39,39,39,13,75,67,54,49,26,34,56,46,68,68,68,75,75,45,45,45,0,0],"gold":334,"neow_bonus":"","is_daily":false,"chose_seed":false,"campfire_upgraded":3,"win_rate":0.0,"timestamp":1611182897,"path_taken":["M","?","M","?","$","M","?","M","T","R","M","E","?","E","R","BOSS","M","?","M","M","M","E","$","R","T","?","E","M","E","?","R","BOSS","M","M","M","M","M","R","E","R","T","?","$","R","M","?","R","BOSS"],"items_purchased_type":["Card","Card","Card","Relic","Relic","Relic","Card","Potion","Potion"],"build_version":"2020-12-22","purchased_purges":2,"victory":false,"max_hp_per_floor":[75,75,75,75,75,75,75,75,75,75,75,75,75,75,75,75,75,75,75,75,75,75,75,75,75,75,75,75,75,75,75,75,75,75,75,75,75,75,75,75,75,75,75,75,75,75,75,75,75,75,75],"card_choices":[{"not_picked":["hermit:ItchyTrigger","hermit:Gestalt"],"picked":"hermit:GoldenBullet","floor":1.0},{"not_picked":["hermit:Feint","hermit:HoleUp"],"picked":"hermit:Ricochet","floor":3.0},{"not_picked":["hermit:FlashPowder","hermit:Feint"],"picked":"hermit:SprayPray","floor":6.0},{"not_picked":["hermit:ItchyTrigger","hermit:Quickdraw"],"picked":"hermit:Ricochet","floor":8.0},{"not_picked":["hermit:Cheat+1","hermit:Feint+1"],"picked":"hermit:Snipe+1","floor":11.0},{"not_picked":["hermit:HighNoon","hermit:Maintenance+1"],"picked":"hermit:RoundhouseKick","floor":12.0},{"not_picked":["hermit:Shortfuse","hermit:Ricochet"],"picked":"hermit:Deadeye","floor":13.0},{"not_picked":["hermit:Desperado","hermit:LowProfile+1"],"picked":"hermit:CalledShot","floor":14.0},{"not_picked":[],"picked":"hermit:Ricochet","floor":18.0},{"not_picked":["hermit:SprayPray"],"picked":"SKIP","floor":20.0},{"not_picked":[],"picked":"hermit:FlashPowder+1","floor":21.0},{"not_picked":["hermit:Cheat+1"],"picked":"SKIP","floor":22.0},{"not_picked":[],"picked":"hermit:Enervate+1","floor":23.0},{"not_picked":[],"picked":"hermit:Manifest+1","floor":27.0},{"not_picked":[],"picked":"hermit:Quickdraw+1","floor":28.0},{"not_picked":["hermit:Manifest+1"],"picked":"SKIP","floor":29.0},{"not_picked":["hermit:Malice"],"picked":"SKIP","floor":30.0},{"not_picked":[],"picked":"hermit:FinalCanter","floor":33.0},{"not_picked":["hermit:Glare+1"],"picked":"SKIP","floor":35.0},{"not_picked":["hermit:Roulette"],"picked":"SKIP","floor":36.0},{"not_picked":["hermit:FullyLoaded+1"],"picked":"SKIP","floor":37},{"not_picked":["hermit:BigShot+1"],"picked":"SKIP","floor":38},{"not_picked":["hermit:Maintenance+1"],"picked":"SKIP","floor":39},{"not_picked":["hermit:WideOpen+1"],"picked":"SKIP","floor":41},{"not_picked":["hermit:Showdown+1"],"picked":"SKIP","floor":47}],"player_experience":406285,"relics_obtained":[{"floor":9.0,"key":"Toxic Egg 2"},{"floor":12.0,"key":"Tiny Chest"},{"floor":14.0,"key":"Bronze Scales"},{"floor":23.0,"key":"Lantern"},{"floor":26.0,"key":"War Paint"},{"floor":27.0,"key":"hermit:CharredGlove"},{"floor":27.0,"key":"Meat on the Bone"},{"floor":28.0,"key":"Pen Nib"},{"floor":30.0,"key":"MealTicket"},{"floor":41,"key":"MawBank"},{"floor":43,"key":"Molten Egg 2"},{"floor":44,"key":"Turnip"}],"event_choices":[{"damage_healed":0.0,"max_hp_gain":0.0,"max_hp_loss":0.0,"gold_gain":0.0,"event_name":"Shining Light","player_choice":"Entered Light","floor":2.0,"gold_loss":0.0,"damage_taken":15.0,"cards_upgraded":["hermit:Strike_Hermit","hermit:Defend_Hermit"]},{"cards_removed":["hermit:Strike_Hermit"],"damage_healed":0.0,"max_hp_gain":0.0,"max_hp_loss":0.0,"gold_gain":0.0,"event_name":"The Cleric","player_choice":"Card Removal","floor":4.0,"gold_loss":50.0,"damage_taken":0.0},{"damage_healed":0.0,"max_hp_gain":0.0,"max_hp_loss":0.0,"gold_gain":0.0,"event_name":"Scrap Ooze","player_choice":"Success","floor":7.0,"gold_loss":0.0,"damage_taken":12.0,"relics_obtained":["Orichalcum"]},{"damage_healed":0.0,"max_hp_gain":0.0,"max_hp_loss":0.0,"gold_gain":0.0,"event_name":"Cursed Tome","player_choice":"Ignored","floor":19.0,"gold_loss":0.0,"damage_taken":0.0},{"damage_healed":0.0,"max_hp_gain":0.0,"max_hp_loss":0.0,"gold_gain":0.0,"event_name":"Colosseum","player_choice":"Fight","floor":27.0,"gold_loss":0.0,"damage_taken":0.0},{"damage_healed":0.0,"max_hp_gain":0.0,"max_hp_loss":0.0,"gold_gain":0.0,"event_name":"Colosseum","player_choice":"Fought Nobs","floor":27.0,"gold_loss":0.0,"damage_taken":0.0},{"damage_healed":0,"gold_gain":0,"player_choice":"Fight","damage_taken":0,"max_hp_gain":0,"max_hp_loss":0,"event_name":"MindBloom","floor":44,"gold_loss":0},{"cards_removed":["hermit:Defend_Hermit"],"damage_healed":0,"gold_gain":0,"player_choice":"Removed Skill","damage_taken":0,"max_hp_gain":0,"max_hp_loss":0,"event_name":"Falling","floor":48,"gold_loss":0}],"is_beta":false,"boss_relics":[{"not_picked":["Empty Cage","Black Star"],"picked":"Busted Crown"},{"not_picked":["Snecko Eye","hermit:BartenderGlass"],"picked":"Fusion Hammer"}],"items_purged_floors":[24,45],"is_endless":false,"potions_floor_spawned":[1,8,13,14,18,21,27,28,29,30,36,39],"killed_by":"Awakened One","ascension_level":0}}