{"host":"9pqy5lt7vda52ebm","time":1611121021,"event":{"mods":["BaseMod","Downfall","Minty Spire (QoL Compilation)","Optimize The Spire","Quick Restart","StSLib"],"gold_per_floor":[99,109,34,45,57,57,104,54,81,256,166,16,34,60,79,180,180,30,30,30],"floor_reached":18,"language":"ENG","playtime":2144,"items_purged":["Doubt"],"score":170,"play_id":"75953a98-7033-4099-9f13-56cbc6e4433e","local_time":"20210120003701","is_ascension_mode":false,"campfire_choices":[{"floor":1,"key":"RECALL"},{"data":"Slimebound:Grow","floor":8,"key":"SMITH"},{"data":"Slimebound:ForwardTackle","floor":12,"key":"SMITH"}],"circlet_count":0,"master_deck":["Slimebound:Strike_Slimebound","Slimebound:Strike_Slimebound","Slimebound:Strike_Slimebound","Slimebound:Tackle","Slimebound:Defend_Slimebound+1","Slimebound:Defend_Slimebound+1","Slimebound:Defend_Slimebound","Slimebound:Defend_Slimebound","Slimebound:Split","Slimebound:CorrosiveSpit","Slimebound:LivingWall","Slimebound:Prepare+1","Slimebound:Grow+1","downfall:Malfunctioning","Slimebound:SplitAcid","Slimebound:ForwardTackle+1","Slimebound:PressTheAttack","Slimebound:Grow","Slimebound:MinionMaster"],"relics":["Slimebound:AbsorbEndCombat","Slimebound:GreedOozeRelic","Centennial Puzzle","Ice Cream","downfall:HeartBlessingRed","Tiny Chest","Fusion Hammer","downfall:HeartBlessingGreen"],"acts_visited":["Exordium","TheCity"],"potions_floor_usage":[],"damage_taken":[{"damage":0,"enemies":"2 Louse","floor":2,"turns":3},{"damage":0,"enemies":"Small Slimes","floor":4,"turns":3},{"damage":1,"enemies":"Jaw Worm","floor":5,"turns":3},{"damage":2,"enemies":"Gremlin Nob","floor":9,"turns":5},{"damage":6,"enemies":"downfall:FleeingMerchant","floor":11,"turns":4},{"damage":0,"enemies":"Blue Slaver","floor":13,"turns":3},{"damage":3,"enemies":"3 Sentries","floor":14,"turns":7},{"damage":13,"enemies":"Exordium Thugs","floor":15,"turns":4},{"damage":26,"enemies":"SI_SHIV_ARCHETYPE","floor":16,"turns":7}],"seed_played":"-6378911376849306144","potions_obtained":[{"floor":9,"key":"SteroidPotion"},{"floor":13,"key":"Ancient Potion"},{"floor":14,"key":"hexamod:SoulburnPotion"}],"is_trial":false,"path_per_floor":["R","M","?","M","M","?","T","R","E","?","$","R","M","E","M","B",null,"R"],"character_chosen":"SLIMEBOUND","items_purchased":[],"campfire_rested":0,"item_purchase_floors":[],"current_hp_per_floor":[71,71,71,71,71,71,71,71,71,71,69,69,69,68,57,39,71,71,71,71],"gold":30,"neow_bonus":"TEN_PERCENT_HP_BONUS","is_daily":false,"chose_seed":false,"campfire_upgraded":2,"win_rate":0.0,"timestamp":1611121021,"path_taken":["R","M","?","M","M","?","T","R","E","?","$","R","M","E","M","BOSS","R"],"items_purchased_type":[],"build_version":"2020-12-22","purchased_purges":1,"victory":false,"max_hp_per_floor":[71,71,71,71,71,71,71,71,71,71,71,71,71,71,71,71,71,71,71,71],"card_choices":[{"not_picked":["Slimebound:GoopTackle","Slimebound:FinishingTackle"],"picked":"Slimebound:LivingWall","floor":2},{"not_picked":["Slimebound:ItLooksTasty","Slimebound:SamplingLick"],"picked":"Slimebound:Prepare","floor":4},{"not_picked":["Slimebound:FinishingTackle","Slimebound:RollThrough"],"picked":"Slimebound:Grow","floor":5},{"not_picked":["Slimebound:SlimeSpikes","Slimebound:SplitMire"],"picked":"Slimebound:SplitAcid","floor":9},{"not_picked":["Slimebound:LivingWall","Slimebound:GrowthPunch"],"picked":"Slimebound:ForwardTackle","floor":11},{"not_picked":["Slimebound:SplitLeeching","Slimebound:FinishingTackle"],"picked":"Slimebound:PressTheAttack","floor":13},{"not_picked":["Slimebound:FinishingTackle","Slimebound:AcidTongue"],"picked":"Slimebound:Grow","floor":14},{"not_picked":["Slimebound:SplitBruiser","Slimebound:SlimeSpikes","Slimebound:LeechingTouch"],"picked":"SKIP","floor":15},{"not_picked":["Slimebound:LeechLife","Slimebound:WasteNot"],"picked":"Slimebound:MinionMaster","floor":16}],"player_experience":312921,"relics_obtained":[{"floor":7,"key":"Centennial Puzzle"},{"floor":9,"key":"Ice Cream"},{"floor":14,"key":"Tiny Chest"}],"event_choices":[],"is_beta":false,"boss_relics":[{"not_picked":["Empty Cage","Astrolabe"],"picked":"Fusion Hammer"}],"items_purged_floors":[11],"is_endless":false,"potions_floor_spawned":[9,13,14,16],"ascension_level":0}}