{"host":"5dk97cf2ubw2v967","time":1611158031,"event":{"mods":["AlwaysNeverKeys","BaseMod","Better Altar","Better Vampires","Block Reminder","Colored Powertips","Downfall","Googly Eyes","Highlight Path","Minty Spire (QoL Compilation)","Permanent Neow","Potion Indicator Mod","Quick Restart","Relic Filter","Relic Stats","Say the Spire","Spicy Shops","StSLib","Waifu the Spire","everything is the same but u backflip on backflip"],"gold_per_floor":[99,112,21,21,21,21,21,21,40,40,40,40,67,83,96,192,192,92,105,122,107,107,132,132,167,180,45,45,62,62,75,85,188,188,88,102,102,120,120,120,120,20,32,32,32,50,50,69,85,85,85,119,5,5,5,5],"floor_reached":57,"language":"ENG","playtime":3376,"items_purged":["Guardian:Strike_Guardian","Guardian:Strike_Guardian"],"score":1532,"play_id":"d81877ff-d46f-4869-9698-d14111ddcd94","local_time":"20210120155351","is_ascension_mode":true,"campfire_choices":[{"data":"Guardian:TwinSlam","floor":1,"key":"SMITH"},{"data":"Guardian:FloatingOrbs","floor":10,"key":"SMITH"},{"floor":12,"key":"REST"},{"floor":18,"key":"RECALL"},{"data":"Guardian:FloatingOrbs","floor":28,"key":"SMITH"},{"floor":30,"key":"REST"},{"data":"Guardian:BronzeArmor","floor":35,"key":"SMITH"},{"data":"expansioncontent:Chronoboost","floor":42,"key":"SMITH"},{"data":"Guardian:ArmoredProtocol","floor":45,"key":"SMITH"},{"data":"Guardian:EvasiveProtocol","floor":47,"key":"SMITH"},{"data":"expansioncontent:LastStand","floor":54,"key":"SMITH"}],"circlet_count":0,"master_deck":["Guardian:Strike_Guardian+1","Guardian:Strike_Guardian+1","Guardian:Defend_Guardian","Guardian:Defend_Guardian","Guardian:Defend_Guardian","Guardian:CurlUp","Guardian:TwinSlam+1","Guardian:FloatingOrbs+1","Guardian:BronzeArmor+1","Guardian:ExploitGems","Guardian:Reroute","Guardian:ArmoredProtocol+1","Guardian:EvasiveProtocol+1","Guardian:SpikerProtocol","Guardian:PiercingHide+1","Guardian:FloatingOrbs+1","Guardian:Repulse+1","Guardian:FloatingOrbs+1","Guardian:ExploitGems","CurseOfTheBell","expansioncontent:LastStand","expansioncontent:LastStand+1","expansioncontent:Chronoboost+1","Guardian:DonusPower+1","Guardian:FuturePlans+1","Guardian:TimeCapacitor","Guardian:Orbwalk"],"relics":["Busted Crown","downfall:ShatteredFragment","Frozen Eye","Shuriken","TungstenRod","Akabeko","Guardian:StasisSlotReductionRelic","downfall:HeartBlessingGreen","CultistMask","Whetstone","Question Card","DollysMirror","Calling Bell","Toy Ornithopter","HornCleat","Dead Branch","downfall:HeartBlessingRed","Blood Vial","downfall:HeartBlessingBlue","Anchor"],"acts_visited":["Exordium","TheCity","TheBeyond","TheEnding"],"potions_floor_usage":[21,21,23,25,38,39,50,56,56],"damage_taken":[{"damage":0,"enemies":"Cultist","floor":2,"turns":3},{"damage":0,"enemies":"downfall:FleeingMerchant","floor":3,"turns":4},{"damage":2,"enemies":"Jaw Worm","floor":9,"turns":2},{"damage":5,"enemies":"3 Sentries","floor":13,"turns":5},{"damage":0,"enemies":"Small Slimes","floor":14,"turns":1},{"damage":0,"enemies":"2 Fungi Beasts","floor":15,"turns":2},{"damage":17,"enemies":"IC_STATUS_ARCHETYPE","floor":16,"turns":6},{"damage":0,"enemies":"Shell Parasite","floor":19,"turns":3},{"damage":1,"enemies":"3 Cultists","floor":20,"turns":5},{"damage":0,"enemies":"downfall:FleeingMerchant","floor":21,"turns":4},{"damage":16,"enemies":"Slavers","floor":23,"turns":5},{"damage":17,"enemies":"Book of Stabbing","floor":25,"turns":5},{"damage":0,"enemies":"Cultist and Chosen","floor":26,"turns":5},{"damage":0,"enemies":"downfall:FleeingMerchant","floor":27,"turns":4},{"damage":7,"enemies":"Snake Plant","floor":29,"turns":3},{"damage":0,"enemies":"downfall:FleeingMerchant","floor":31,"turns":1},{"damage":7,"enemies":"Snecko","floor":32,"turns":3},{"damage":7,"enemies":"WA_ARCHETYPE_CALM","floor":33,"turns":7},{"damage":0,"enemies":"Orb Walker","floor":36,"turns":3},{"damage":2,"enemies":"3 Darklings","floor":38,"turns":3},{"damage":0,"enemies":"Jaw Worm Horde","floor":39,"turns":1},{"damage":0,"enemies":"Maw","floor":43,"turns":5},{"damage":0,"enemies":"3 Darklings","floor":46,"turns":3},{"damage":10,"enemies":"4 Shapes","floor":48,"turns":4},{"damage":5,"enemies":"Writhing Mass","floor":49,"turns":5},{"damage":4,"enemies":"DF_ARCHETYPE_ORBS","floor":50,"turns":6},{"damage":2,"enemies":"downfall:CharBossMerchant","floor":52,"turns":6},{"damage":0,"enemies":"downfall:NeowBoss","floor":55,"turns":4},{"damage":52,"enemies":"downfall:NeowBossFinal","floor":56,"turns":6}],"seed_played":"438855652574565693","potions_obtained":[{"floor":9,"key":"champ:CounterPotion"},{"floor":13,"key":"champ:CounterPotion"},{"floor":14,"key":"DuplicationPotion"},{"floor":23,"key":"Dexterity Potion"},{"floor":25,"key":"Slimebound:ThreeZeroPotion"},{"floor":32,"key":"AttackPotion"},{"floor":37,"key":"Guardian:DefensiveModePotion"},{"floor":37,"key":"Strength Potion"},{"floor":37,"key":"SmokeBomb"},{"floor":48,"key":"PowerPotion"},{"floor":49,"key":"Ancient Potion"}],"is_trial":false,"path_per_floor":["R","M","$","?","?","?","T","?","M","R","T","R","E","M","M","B",null,"R","M","M","$","?","E","T","E","M","$","R","M","R","$","M","B",null,"R","M","?","M","M","?","T","R","M","$","R","M","R","M","M","B",null,"E","$","R","B","B",null],"character_chosen":"GUARDIAN","items_purchased":["Guardian:FloatingOrbs","Guardian:FloatingOrbs","DollysMirror","Guardian:Orbwalk"],"campfire_rested":2,"item_purchase_floors":[3,27,31,53],"current_hp_per_floor":[72,72,72,48,48,45,45,45,43,43,43,67,62,62,62,45,71,71,71,70,70,70,54,54,37,37,37,37,30,54,54,47,40,70,70,70,70,73,78,69,69,79,81,81,81,83,83,75,72,75,86,86,86,86,88,38],"gold":5,"neow_bonus":"BOSS_RELIC","is_daily":false,"chose_seed":false,"campfire_upgraded":8,"win_rate":0.0,"timestamp":1611158031,"path_taken":["R","M","$","?","?","?","T","?","M","R","?","R","E","M","M","BOSS","R","M","M","$","?","E","T","E","M","$","R","M","R","?","M","BOSS","R","M","?","?","M","?","T","R","M","$","R","M","R","M","M","BOSS","E","$","R","BOSS","BOSS"],"items_purchased_type":["Card","Card","Relic","Card"],"build_version":"2020-12-22","purchased_purges":2,"victory":true,"max_hp_per_floor":[80,80,80,80,80,80,80,80,80,80,80,80,80,80,80,80,80,80,80,80,80,80,80,80,80,80,80,80,80,80,80,80,80,80,80,80,80,80,80,80,80,90,90,90,90,90,90,90,90,90,90,90,90,90,90,90],"relic_stats":{"Blood Vial":16,"Busted Crown":64,"counters":[29,114],"Shuriken":[103],"Dead Branch":[176],"Whetstone":["Guardian:Strike_Guardian","Guardian:Strike_Guardian"],"Question Card":20,"obtain_stats":[{"Guardian:StasisSlotReductionRelic":17,"downfall:ShatteredFragment":4,"downfall:HeartBlessingRed":35,"Dead Branch":34,"Guardian:ModeShifter":0,"downfall:HeartBlessingGreen":18,"Whetstone":23,"Question Card":25,"Akabeko":13,"Calling Bell":34,"Blood Vial":41,"Frozen Eye":6,"Anchor":52,"Busted Crown":0,"HornCleat":34,"Shuriken":7,"DollysMirror":31,"downfall:HeartBlessingBlue":42,"CultistMask":22,"TungstenRod":11,"Toy Ornithopter":34},{"Guardian:StasisSlotReductionRelic":7,"downfall:ShatteredFragment":2,"downfall:HeartBlessingRed":18,"Dead Branch":18,"Guardian:ModeShifter":0,"downfall:HeartBlessingGreen":7,"Whetstone":11,"Question Card":12,"Akabeko":4,"Calling Bell":18,"Blood Vial":21,"Frozen Eye":2,"Anchor":27,"Busted Crown":0,"HornCleat":18,"Shuriken":2,"DollysMirror":16,"downfall:HeartBlessingBlue":21,"CultistMask":10,"TungstenRod":3,"Toy Ornithopter":18},{"Guardian:StasisSlotReductionRelic":23,"downfall:ShatteredFragment":7,"downfall:HeartBlessingRed":68,"Dead Branch":68,"Guardian:ModeShifter":0,"downfall:HeartBlessingGreen":23,"Whetstone":40,"Question Card":45,"Akabeko":14,"Calling Bell":68,"Blood Vial":75,"Frozen Eye":7,"Anchor":104,"Busted Crown":0,"HornCleat":68,"Shuriken":7,"DollysMirror":58,"downfall:HeartBlessingBlue":75,"CultistMask":35,"TungstenRod":9,"Toy Ornithopter":68}],"TungstenRod":26,"Toy Ornithopter":15},"card_choices":[{"not_picked":["Guardian:PrimingBeam"],"picked":"SKIP","floor":2},{"not_picked":[],"picked":"Guardian:Gem_Purple","floor":3},{"not_picked":["Guardian:BodySlam"],"picked":"SKIP","floor":9},{"not_picked":[],"picked":"Guardian:BronzeArmor","floor":13},{"not_picked":[],"picked":"Guardian:Gem_Cyan","floor":14},{"not_picked":["Guardian:RefractedBeam"],"picked":"SKIP","floor":15},{"not_picked":[],"picked":"Guardian:ExploitGems","floor":16},{"not_picked":[],"picked":"Guardian:Reroute","floor":19},{"not_picked":[],"picked":"Guardian:Gem_Cyan","floor":20},{"not_picked":[],"picked":"Guardian:ArmoredProtocol","floor":21},{"not_picked":[],"picked":"Guardian:EvasiveProtocol","floor":23},{"not_picked":[],"picked":"Guardian:SpikerProtocol","floor":25},{"not_picked":["Guardian:TemporalStrike","Guardian:BodySlam"],"picked":"SKIP","floor":26},{"not_picked":["Guardian:ShieldCharger"],"picked":"Guardian:PiercingHide+1","floor":27},{"not_picked":["Guardian:TimeBomb"],"picked":"Guardian:Repulse+1","floor":29},{"not_picked":["Guardian:FastForward","Guardian:RollAttack"],"picked":"SKIP","floor":31},{"not_picked":["Guardian:GuardianWhirl","Guardian:Gem_Yellow"],"picked":"SKIP","floor":32},{"not_picked":["Guardian:GemFire"],"picked":"Guardian:ExploitGems","floor":33},{"not_picked":["Guardian:BodySlam","Guardian:CrystalBeam"],"picked":"SKIP","floor":36},{"not_picked":["Guardian:Planning+1"],"picked":"Guardian:Gem_Crimson","floor":38},{"not_picked":["expansioncontent:HyperBeam"],"picked":"expansioncontent:LastStand","floor":40},{"not_picked":["expansioncontent:HyperBeam"],"picked":"expansioncontent:LastStand","floor":40},{"not_picked":["expansioncontent:HyperBeam"],"picked":"expansioncontent:Chronoboost","floor":40},{"not_picked":["Guardian:Reroute"],"picked":"Guardian:DonusPower+1","floor":43},{"not_picked":["Guardian:RollAttack"],"picked":"Guardian:FuturePlans+1","floor":46},{"not_picked":["Guardian:BaubleBeam","Guardian:Preprogram+1"],"picked":"SKIP","floor":48},{"not_picked":["Guardian:Incinerate+1"],"picked":"Guardian:TimeCapacitor","floor":49},{"not_picked":["Guardian:TemporalStrike","Guardian:RefractedBeam"],"picked":"SKIP","floor":52}],"player_experience":1243484,"relics_obtained":[{"floor":7,"key":"Shuriken"},{"floor":11,"key":"TungstenRod"},{"floor":13,"key":"Akabeko"},{"floor":23,"key":"Whetstone"},{"floor":25,"key":"Question Card"},{"floor":34,"key":"Toy Ornithopter"},{"floor":34,"key":"HornCleat"},{"floor":34,"key":"Dead Branch"},{"floor":41,"key":"Blood Vial"},{"floor":52,"key":"Anchor"}],"event_choices":[{"damage_healed":0,"gold_gain":0,"player_choice":"Success","damage_taken":3,"relics_obtained":["Frozen Eye"],"max_hp_gain":0,"max_hp_loss":0,"event_name":"Scrap Ooze","floor":6,"gold_loss":0},{"damage_healed":0,"gold_gain":0,"player_choice":"Trade","damage_taken":0,"relics_obtained":["CultistMask"],"max_hp_gain":0,"max_hp_loss":0,"event_name":"FaceTrader","floor":22,"gold_loss":0},{"damage_healed":0,"gold_gain":0,"player_choice":"Got Potions","damage_taken":0,"max_hp_gain":0,"max_hp_loss":0,"event_name":"Lab","floor":37,"gold_loss":0}],"is_beta":false,"boss_relics":[{"not_picked":["Runic Dome","SacredBark"],"picked":"Guardian:StasisSlotReductionRelic"},{"not_picked":["Runic Pyramid","Cursed Key"],"picked":"Calling Bell"}],"items_purged_floors":[31,31],"is_endless":false,"potions_floor_spawned":[9,13,14,23,25,32,39,48,49],"ascension_level":9}}