{"host":"9ndbo4kgsfoemf7y","time":1611137702,"event":{"mods":["AchievementEnabler","BaseMod","Colored Map","DeckTracker","Keyboard Shortcuts","Minty Spire (QoL Compilation)","Permanent Neow","Quick Restart","Relic Stats","StSLib","SuperFastMode"],"gold_per_floor":[118,118,132,149,169,169,200,200,200,216,216,243,243,17,17,118,118,155,155,199,55,55,55],"floor_reached":22,"language":"KOR","playtime":538,"items_purged":[],"score":219,"play_id":"518298ca-b05a-4c95-b1e2-e7e0803f531a","local_time":"20210120191502","is_ascension_mode":false,"campfire_choices":[{"data":"Bash","floor":6,"key":"SMITH"},{"data":"Limit Break","floor":8,"key":"SMITH"},{"data":"1","floor":13,"key":"LIFT"},{"data":"2","floor":15,"key":"LIFT"}],"circlet_count":0,"master_deck":["Strike_R","Strike_R","Strike_R","Strike_R","Defend_R","Defend_R","Defend_R","Defend_R","Bash+1","Pommel Strike","Perfected Strike","Cleave","Limit Break+1","Perfected Strike+1","Perfected Strike+1","HandOfGreed+1","Limit Break","Perfected Strike+1","Reaper+1"],"relics":["Burning Blood","Girya","Pantograph","Molten Egg 2","Black Star"],"acts_visited":["Exordium","TheCity"],"potions_floor_usage":[12,20,22],"damage_taken":[{"damage":1,"enemies":"Cultist","floor":1,"turns":3},{"damage":11,"enemies":"Jaw Worm","floor":3,"turns":2},{"damage":10,"enemies":"Small Slimes","floor":4,"turns":3},{"damage":12,"enemies":"Exordium Thugs","floor":5,"turns":4},{"damage":20,"enemies":"Gremlin Nob","floor":7,"turns":4},{"damage":5,"enemies":"Looter","floor":10,"turns":3},{"damage":13,"enemies":"3 Sentries","floor":12,"turns":5},{"damage":36,"enemies":"The Guardian","floor":16,"turns":7},{"damage":25,"enemies":"2 Thieves","floor":18,"turns":3},{"damage":54,"enemies":"3 Byrds","floor":20,"turns":5},{"damage":18,"enemies":"Shelled Parasite and Fungi","floor":22,"turns":2}],"seed_played":"5819430131962683662","potions_obtained":[{"floor":4,"key":"Explosive Potion"},{"floor":10,"key":"SkillPotion"},{"floor":12,"key":"HeartOfIron"},{"floor":16,"key":"Ancient Potion"}],"is_trial":false,"path_per_floor":["M","?","M","M","M","R","E","R","T","M","?","E","R","$","R","B",null,"M","?","M","$","M"],"character_chosen":"IRONCLAD","items_purchased":["Perfected Strike+1","HandOfGreed+1","Reaper+1"],"campfire_rested":0,"item_purchase_floors":[14,14,21],"current_hp_per_floor":[80,85,80,76,70,70,56,56,56,57,50,43,43,43,43,38,85,66,66,18,18,0,0],"gold":55,"neow_bonus":"THREE_CARDS","is_daily":false,"chose_seed":false,"campfire_upgraded":2,"win_rate":0.0,"timestamp":1611137702,"path_taken":["M","?","M","M","M","R","E","R","T","M","?","E","R","$","R","BOSS","M","?","M","?","M"],"items_purchased_type":["Card","Card","Card"],"build_version":"2020-12-22","purchased_purges":0,"victory":false,"max_hp_per_floor":[80,85,85,85,85,85,85,85,85,85,85,85,85,85,85,85,85,85,85,85,85,85,85],"relic_stats":{"counters":[11,41],"Pantograph":25,"Black Star":0,"obtain_stats":[{"Girya":7,"Pantograph":9,"Molten Egg 2":12,"Black Star":17,"Burning Blood":0},{"Girya":5,"Pantograph":5,"Molten Egg 2":7,"Black Star":8,"Burning Blood":0},{"Girya":16,"Pantograph":16,"Molten Egg 2":24,"Black Star":31,"Burning Blood":0}],"Burning Blood":55},"card_choices":[{"not_picked":["Flex","Headbutt"],"picked":"Pommel Strike","floor":0},{"not_picked":["Sword Boomerang","Dual Wield","Spot Weakness"],"picked":"SKIP","floor":1},{"not_picked":["Headbutt","Clothesline"],"picked":"Perfected Strike","floor":3},{"not_picked":["Shrug It Off","True Grit"],"picked":"Cleave","floor":4},{"not_picked":["Cleave","Warcry","Fire Breathing"],"picked":"SKIP","floor":5},{"not_picked":["Ghostly Armor","Flex"],"picked":"Limit Break","floor":7},{"not_picked":["Metallicize","True Grit","Iron Wave"],"picked":"SKIP","floor":10},{"not_picked":["Iron Wave+1","Whirlwind+1"],"picked":"Perfected Strike+1","floor":12},{"not_picked":["Demon Form","Exhume"],"picked":"Limit Break","floor":16},{"not_picked":["Flex","Intimidate","Anger+1"],"picked":"SKIP","floor":18},{"not_picked":["Spot Weakness","Body Slam+1","Hemokinesis+1"],"picked":"SKIP","floor":20}],"player_experience":833683,"relics_obtained":[{"floor":7,"key":"Girya"},{"floor":9,"key":"Pantograph"},{"floor":12,"key":"Molten Egg 2"}],"event_choices":[{"damage_healed":0,"gold_gain":0,"player_choice":"Donut","damage_taken":0,"max_hp_gain":5,"max_hp_loss":0,"event_name":"Big Fish","floor":2,"gold_loss":0},{"cards_removed":["Strike_R"],"damage_healed":0,"gold_gain":0,"player_choice":"Card Removal","damage_taken":7,"max_hp_gain":0,"max_hp_loss":0,"event_name":"Golden Wing","floor":11,"gold_loss":0},{"damage_healed":0,"gold_gain":0,"player_choice":"Read","damage_taken":0,"max_hp_gain":0,"max_hp_loss":0,"event_name":"The Library","floor":19,"gold_loss":0,"cards_obtained":["Perfected Strike"]}],"is_beta":false,"boss_relics":[{"not_picked":["Philosopher\u0027s Stone","SacredBark"],"picked":"Black Star"}],"items_purged_floors":[],"is_endless":false,"potions_floor_spawned":[4,10,12,16,18],"killed_by":"Shelled Parasite and Fungi","ascension_level":0}}