{"host":"6azrrw3tf7wb0f4b","time":1611113348,"event":{"mods":["BaseMod","DeckTracker","Minty Spire (QoL Compilation)","SuperFastMode"],"gold_per_floor":[114,114,64,79,79,79,26,26,50,79,105,105,119,136,136,214,214,234,234,248,262,277,277,277],"floor_reached":23,"language":"KOR","playtime":479,"items_purged":[],"score":315,"play_id":"2aa28a13-1162-41ba-be33-30d235907e19","local_time":"20210120122908","is_ascension_mode":true,"campfire_choices":[{"data":"Zap","floor":6,"key":"SMITH"},{"data":"Dualcast","floor":8,"key":"SMITH"},{"floor":12,"key":"REST"},{"data":"Streamline","floor":15,"key":"SMITH"}],"circlet_count":0,"master_deck":["AscendersBane","Strike_B","Strike_B","Strike_B","Defend_B","Defend_B+1","Defend_B+1","Zap+1","Dualcast+1","Glacier","Turbo","Ball Lightning","Auto Shields","Streamline+1","Rebound","Cold Snap","All For One","Defragment","Go for the Eyes"],"relics":["Cracked Core","Regal Pillow","Ancient Tea Set","Blood Vial","Dream Catcher","Sozu"],"acts_visited":["Exordium","TheCity"],"potions_floor_usage":[10,16,23],"damage_taken":[{"damage":3,"enemies":"2 Louse","floor":1,"turns":2},{"damage":0,"enemies":"Small Slimes","floor":4,"turns":4},{"damage":17,"enemies":"Lagavulin","floor":10,"turns":6},{"damage":1,"enemies":"Jaw Worm","floor":13,"turns":2},{"damage":13,"enemies":"3 Louse","floor":14,"turns":3},{"damage":25,"enemies":"The Guardian","floor":16,"turns":13},{"damage":5,"enemies":"Chosen","floor":18,"turns":4},{"damage":8,"enemies":"Spheric Guardian","floor":20,"turns":4},{"damage":12,"enemies":"Centurion and Healer","floor":21,"turns":6},{"damage":9,"enemies":"Snake Plant","floor":22,"turns":5},{"damage":43,"enemies":"Gremlin Leader","floor":23,"turns":6}],"seed_played":"712800094961187351","potions_obtained":[{"floor":4,"key":"ColorlessPotion"},{"floor":10,"key":"SkillPotion"},{"floor":13,"key":"EssenceOfDarkness"}],"is_trial":false,"path_per_floor":["M","?","?","M","?","R","$","R","T","E","T","R","M","M","R","B",null,"M","?","M","M","M","E"],"character_chosen":"DEFECT","items_purchased":["Ball Lightning"],"campfire_rested":1,"item_purchase_floors":[7],"current_hp_per_floor":[65,50,50,50,50,50,50,50,50,33,33,70,71,60,60,37,66,63,63,57,47,40,0,0],"gold":277,"neow_bonus":"RANDOM_COMMON_RELIC","is_daily":false,"chose_seed":false,"campfire_upgraded":3,"win_rate":0.0,"timestamp":1611113348,"path_taken":["M","?","?","M","?","R","$","R","T","E","?","R","?","M","R","BOSS","M","?","M","M","M","E"],"items_purchased_type":["Card"],"build_version":"2020-12-22","purchased_purges":0,"victory":false,"max_hp_per_floor":[75,75,75,75,75,75,75,75,75,75,75,75,75,75,75,75,75,75,75,75,75,75,75,75],"card_choices":[{"not_picked":["Beam Cell","Stack"],"picked":"Glacier","floor":1},{"not_picked":["Leap","Scrape"],"picked":"Turbo","floor":4},{"not_picked":["Recycle","Turbo"],"picked":"Auto Shields","floor":10},{"not_picked":["Steam","Auto Shields"],"picked":"Streamline","floor":12},{"not_picked":["Recycle","Stack"],"picked":"Rebound","floor":13},{"not_picked":["Genetic Algorithm","Consume"],"picked":"Cold Snap","floor":14},{"not_picked":["Buffer","Reboot"],"picked":"All For One","floor":16},{"not_picked":["Hello World","Rebound"],"picked":"Defragment","floor":18},{"not_picked":["Conserve Battery","Turbo"],"picked":"Go for the Eyes","floor":20},{"not_picked":["Streamline","Conserve Battery","Hello World"],"picked":"SKIP","floor":21},{"not_picked":["Rebound","Darkness","Gash"],"picked":"SKIP","floor":22}],"player_experience":731013,"relics_obtained":[{"floor":9,"key":"Ancient Tea Set"},{"floor":10,"key":"Blood Vial"},{"floor":11,"key":"Dream Catcher"}],"event_choices":[{"damage_healed":0,"gold_gain":0,"player_choice":"Entered Light","damage_taken":15,"max_hp_gain":0,"max_hp_loss":0,"event_name":"Shining Light","floor":2,"gold_loss":0,"cards_upgraded":["Defend_B","Defend_B"]},{"cards_removed":["Defend_B"],"damage_healed":0,"gold_gain":0,"player_choice":"Card Removal","damage_taken":0,"max_hp_gain":0,"max_hp_loss":0,"event_name":"The Cleric","floor":3,"gold_loss":50},{"damage_healed":0,"gold_gain":0,"player_choice":"Ignored","damage_taken":0,"max_hp_gain":0,"max_hp_loss":0,"event_name":"Liars Game","floor":5,"gold_loss":0},{"cards_removed":["Strike_B"],"damage_healed":0,"gold_gain":0,"player_choice":"Elegance","damage_taken":0,"max_hp_gain":0,"max_hp_loss":0,"event_name":"Back to Basics","floor":19,"gold_loss":0}],"is_beta":false,"boss_relics":[{"not_picked":["SacredBark","Ectoplasm"],"picked":"Sozu"}],"items_purged_floors":[],"is_endless":false,"potions_floor_spawned":[4,10,13,20],"killed_by":"Gremlin Leader","ascension_level":13}}