{"host":"y89x8uui45kcjy42","time":1611145233,"event":{"mods":["2.2 Compatiblity","BaseMod","CapriCore","Colored Map","Colored Powertips","Custom Start","Friendly Minions","Keyboard Shortcuts","Minty Spire (QoL Compilation)","Relic Stats","Replay The Spire","Slay the Relics Exporter","StSLib","SuperFastMode","Uncapped"],"gold_per_floor":[115,115,133,133,133,133,133,133,160,672,772,798,816,845,845,916,916,926,926,926,339,354,354,366,366],"floor_reached":24,"language":"KOR","playtime":380,"items_purged":["Strike_B","Strike_B"],"score":575,"play_id":"a9c3e4ba-91c4-4ed9-bf84-36f1d0cfefd8","local_time":"20210120212033","is_ascension_mode":true,"campfire_choices":[{"data":"Defragment","floor":6,"key":"SMITH"},{"data":"Zap","floor":8,"key":"SMITH"},{"data":"Barrage","floor":15,"key":"SMITH"},{"data":"Coolheaded","floor":23,"key":"SMITH"}],"circlet_count":0,"master_deck":["AscendersBane","Strike_B","Defend_B","Defend_B","Defend_B","Defend_B","Zap+1","Coolheaded+1","Defragment+1","ReplayRNGCard+1","Capacitor","Barrage+1","Echo Form","AbeCurse"],"relics":["FrozenCore","Inserter","Coffee Dripper","NeowsBlessing","WingedGreaves","Chemical X","Replay:Baseball","TheAbacus","Bronze Scales","Mercury Hourglass","ReplayTheSpireMod:Lightbulb","Abe\u0027s Treasure","Omamori","Necronomicon","Regal Pillow","Replay:Frozen Program","Anchor","Replay:Bandana"],"acts_visited":["Exordium","TheCity"],"potions_floor_usage":[],"damage_taken":[{"damage":0,"enemies":"Jaw Worm","floor":1,"turns":1},{"damage":0,"enemies":"Cultist","floor":3,"turns":1},{"damage":0,"enemies":"Gremlin Nob","floor":12,"turns":1},{"damage":0,"enemies":"Small Slimes","floor":13,"turns":2},{"damage":6,"enemies":"3 Sentries","floor":14,"turns":4},{"damage":0,"enemies":"The Guardian","floor":16,"turns":6},{"damage":3,"enemies":"Spheric Guardian","floor":18,"turns":3},{"damage":11,"enemies":"3 Byrds","floor":22,"turns":3},{"damage":38,"enemies":"Cultist and Chosen","floor":24,"turns":3}],"seed_played":"-4873974541624707051","potions_obtained":[{"floor":3,"key":"SpeedPotion"},{"floor":12,"key":"FocusPotion"}],"is_trial":false,"path_per_floor":["M","?","M","?","?","R","?","R","T","$","?","E","M","E","R","B",null,"M","?","?","$","M","R","M"],"character_chosen":"DEFECT","items_purchased":["TheAbacus","Bronze Scales","LiquidMemories","Replay:Frozen Program","Anchor","Replay:Bandana"],"campfire_rested":0,"item_purchase_floors":[10,10,10,21,21,21],"current_hp_per_floor":[64,64,64,69,69,69,69,69,69,69,69,69,69,63,63,63,73,70,49,49,49,38,38,0,0],"gold":366,"neow_bonus":"THREE_ENEMY_KILL","is_daily":false,"chose_seed":false,"campfire_upgraded":4,"win_rate":0.0,"timestamp":1611145233,"path_taken":["M","?","?","?","?","R","?","R","T","$","?","E","?","E","R","BOSS","M","?","?","$","M","R","?"],"items_purchased_type":["Relic","Relic","Potion","Relic","Relic","Relic"],"build_version":"2020-12-22","purchased_purges":2,"victory":false,"max_hp_per_floor":[71,71,71,76,76,76,76,76,76,76,76,76,76,76,76,76,76,76,76,76,76,76,76,76,76],"relic_stats":{"Regal Pillow":0,"Inserter":[12],"TheAbacus":[30],"counters":[9,22],"Bronze Scales":[89],"Necronomicon":[0],"Chemical X":[12],"obtain_stats":[{"Regal Pillow":20,"Inserter":0,"NeowsBlessing":0,"Omamori":19,"FrozenCore":0,"Mercury Hourglass":12,"Replay:Baseball":9,"Anchor":21,"Replay:Bandana":21,"TheAbacus":10,"Replay:Frozen Program":21,"Bronze Scales":10,"WingedGreaves":1,"Coffee Dripper":0,"Necronomicon":19,"Chemical X":3,"Cracked Core":0,"ReplayTheSpireMod:Lightbulb":14,"Abe\u0027s Treasure":17},{"Regal Pillow":7,"Inserter":0,"NeowsBlessing":0,"Omamori":7,"FrozenCore":0,"Mercury Hourglass":3,"Replay:Baseball":2,"Anchor":7,"Replay:Bandana":7,"TheAbacus":2,"Replay:Frozen Program":7,"Bronze Scales":2,"WingedGreaves":1,"Coffee Dripper":0,"Necronomicon":7,"Chemical X":2,"Cracked Core":0,"ReplayTheSpireMod:Lightbulb":5,"Abe\u0027s Treasure":6},{"Regal Pillow":17,"Inserter":0,"NeowsBlessing":0,"Omamori":17,"FrozenCore":0,"Mercury Hourglass":3,"Replay:Baseball":2,"Anchor":17,"Replay:Bandana":17,"TheAbacus":2,"Replay:Frozen Program":17,"Bronze Scales":2,"WingedGreaves":1,"Coffee Dripper":0,"Necronomicon":17,"Chemical X":2,"Cracked Core":0,"ReplayTheSpireMod:Lightbulb":9,"Abe\u0027s Treasure":14}],"FrozenCore":[8],"Mercury Hourglass":[96]},"card_choices":[{"not_picked":["Sunder","Ball Lightning"],"picked":"Coolheaded","floor":1},{"not_picked":["ReplayTheSpireMod:Reroute Power","Storm"],"picked":"Defragment","floor":3},{"not_picked":["Cold Snap","Panic Button","Thunder Strike"],"picked":"SKIP","floor":12},{"not_picked":["Cold Snap","Hologram"],"picked":"Capacitor","floor":13},{"not_picked":["Capacitor","Self Repair"],"picked":"Barrage","floor":14},{"not_picked":["Core Surge","Buffer"],"picked":"Echo Form","floor":16},{"not_picked":["Streamline","Beam Cell","Fusion"],"picked":"SKIP","floor":18},{"not_picked":["Leap","Time Bomb","Barrage"],"picked":"SKIP","floor":22}],"player_experience":636814,"relics_obtained":[{"floor":9,"key":"Replay:Baseball"},{"floor":12,"key":"Mercury Hourglass"},{"floor":14,"key":"ReplayTheSpireMod:Lightbulb"},{"floor":19,"key":"Necronomicon"}],"event_choices":[{"damage_healed":0,"gold_gain":0,"cards_transformed":["Strike_B"],"player_choice":"Transformed","damage_taken":0,"max_hp_gain":0,"max_hp_loss":0,"event_name":"Transmorgrifier","floor":2,"gold_loss":0,"cards_obtained":["Tempest"]},{"damage_healed":0,"gold_gain":0,"player_choice":"Donut","damage_taken":0,"max_hp_gain":5,"max_hp_loss":0,"event_name":"Big Fish","floor":4,"gold_loss":0},{"damage_healed":0,"gold_gain":100,"player_choice":"Gold","damage_taken":0,"max_hp_gain":0,"max_hp_loss":0,"event_name":"Wheel of Change","floor":11,"gold_loss":0},{"damage_healed":0,"gold_gain":0,"player_choice":"Obtained Book","damage_taken":21,"max_hp_gain":0,"max_hp_loss":0,"event_name":"Cursed Tome","floor":19,"gold_loss":0},{"cards_removed":["Tempest"],"damage_healed":0,"gold_gain":0,"player_choice":"Gave Card","damage_taken":0,"relics_obtained":["Regal Pillow"],"max_hp_gain":0,"max_hp_loss":0,"event_name":"WeMeetAgain","floor":20,"gold_loss":0}],"is_beta":false,"boss_relics":[{"not_picked":["SlaversCollar","Sozu"],"picked":"Abe\u0027s Treasure"}],"items_purged_floors":[10,21],"is_endless":false,"potions_floor_spawned":[3,12,22],"killed_by":"Cultist and Chosen","ascension_level":20}}