{"host":"vyjryxuuuxkt43k4","time":1611163973,"event":{"mods":["AchievementEnabler","BaseMod","Colored Map","DeckTracker","Keyboard Shortcuts","Minty Spire (QoL Compilation)","Permanent Neow","Quick Restart","StSLib","SuperFastMode","everything is the same but u backflip on backflip"],"gold_per_floor":[113,113,130,130,147,176,187,220,243,243,243,258,277,202,202,302,302,318,334,334,54,4,4,23,58,58,91,122,122,122,160,160,264,264,285,340,366,366,366],"floor_reached":38,"language":"KOR","playtime":1755,"items_purged":["Strike_G","Strike_G"],"score":618,"play_id":"82573d20-13b8-4ae7-b7c0-2b1b6abbd95b","local_time":"20210121023253","is_ascension_mode":true,"campfire_choices":[{"floor":11,"key":"REST"},{"floor":15,"key":"REST"},{"data":"Bouncing Flask","floor":23,"key":"SMITH"},{"floor":30,"key":"REST"},{"floor":32,"key":"REST"}],"circlet_count":0,"master_deck":["Strike_G","Strike_G","Defend_G","Defend_G","Defend_G","Defend_G","Defend_G","Survivor","Neutralize","Dagger Throw+1","Backflip","Neutralize","PiercingWail","Dark Shackles","Dagger Spray","Slice","Dodge and Roll","Bouncing Flask+1","Dagger Spray","Malaise","Choke+1","Calculated Gamble+1","Footwork","Endless Agony+1","Crippling Poison","Skewer","Unload","Acrobatics","Grand Finale","Tactician","PiercingWail"],"relics":["Ring of the Snake","NeowsBlessing","Boot","Tiny Chest","Happy Flower","StrikeDummy","HoveringKite","Lee\u0027s Waffle","Bronze Scales","CeramicFish","Kunai","Prayer Wheel","Pen Nib","Runic Pyramid","Nunchaku"],"acts_visited":["Exordium","TheCity","TheBeyond"],"potions_floor_usage":[16,24,33,38,38],"damage_taken":[{"damage":0,"enemies":"Small Slimes","floor":1,"turns":1},{"damage":0,"enemies":"Cultist","floor":3,"turns":1},{"damage":0,"enemies":"Jaw Worm","floor":5,"turns":1},{"damage":20,"enemies":"3 Sentries","floor":6,"turns":10},{"damage":7,"enemies":"3 Louse","floor":7,"turns":3},{"damage":26,"enemies":"Gremlin Nob","floor":8,"turns":5},{"damage":0,"enemies":"Exordium Thugs","floor":12,"turns":5},{"damage":8,"enemies":"Exordium Wildlife","floor":13,"turns":4},{"damage":26,"enemies":"Slime Boss","floor":16,"turns":11},{"damage":9,"enemies":"Chosen","floor":18,"turns":6},{"damage":15,"enemies":"Shell Parasite","floor":19,"turns":6},{"damage":0,"enemies":"Cultist and Chosen","floor":24,"turns":3},{"damage":31,"enemies":"Gremlin Leader","floor":25,"turns":7},{"damage":37,"enemies":"Slavers","floor":27,"turns":5},{"damage":6,"enemies":"Centurion and Healer","floor":28,"turns":7},{"damage":8,"enemies":"3 Cultists","floor":31,"turns":5},{"damage":78,"enemies":"Collector","floor":33,"turns":9},{"damage":32,"enemies":"3 Darklings","floor":35,"turns":8},{"damage":25,"enemies":"3 Shapes","floor":37,"turns":4},{"damage":3,"enemies":"Sphere and 2 Shapes","floor":38,"turns":3}],"seed_played":"7942124416117019893","potions_obtained":[{"floor":3,"key":"Ancient Potion"},{"floor":7,"key":"FairyPotion"},{"floor":12,"key":"Swift Potion"},{"floor":18,"key":"DistilledChaos"},{"floor":31,"key":"Block Potion"},{"floor":33,"key":"LiquidMemories"},{"floor":37,"key":"CunningPotion"}],"is_trial":false,"path_per_floor":["M","?","M","?","M","E","M","E","T","T","R","M","M","$","R","B",null,"M","M","?","$","?","R","M","E","T","E","M","T","R","M","R","B",null,"M","T","M","M"],"character_chosen":"THE_SILENT","items_purchased":["Lee\u0027s Waffle","Footwork"],"campfire_rested":4,"item_purchase_floors":[21,21],"current_hp_per_floor":[63,63,63,63,63,43,36,10,10,10,31,31,23,23,44,18,57,48,33,33,77,77,77,77,46,46,9,3,3,26,18,41,4,59,27,27,2,0,0],"gold":366,"neow_bonus":"THREE_ENEMY_KILL","is_daily":false,"chose_seed":false,"campfire_upgraded":1,"win_rate":0.0,"timestamp":1611163973,"path_taken":["M","?","M","?","?","E","M","E","T","?","R","M","M","$","R","BOSS","M","M","?","$","?","R","M","E","T","E","M","?","R","?","R","BOSS","M","?","?","M"],"items_purchased_type":["Relic","Card"],"build_version":"2020-12-22","purchased_purges":2,"victory":false,"max_hp_per_floor":[70,70,70,70,70,70,70,70,70,70,70,70,70,70,70,70,70,70,70,70,77,77,77,77,77,77,77,77,77,77,77,77,77,77,77,77,77,77,77],"card_choices":[{"not_picked":["Acrobatics","Underhanded Strike"],"picked":"Dagger Throw","floor":1},{"not_picked":["Dagger Throw","PiercingWail"],"picked":"Backflip","floor":3},{"not_picked":["Poisoned Stab","Blade Dance"],"picked":"Dagger Spray","floor":5},{"not_picked":["Backflip","Deadly Poison"],"picked":"Slice","floor":6},{"not_picked":["Tactician","Outmaneuver"],"picked":"Dodge and Roll","floor":7},{"not_picked":["Wraith Form v2","Underhanded Strike","Dagger Throw"],"picked":"SKIP","floor":8},{"not_picked":["Caltrops","Prepared"],"picked":"Bouncing Flask","floor":12},{"not_picked":["Riddle With Holes","Poisoned Stab"],"picked":"Dagger Spray","floor":13},{"not_picked":["Venomology","Bullet Time"],"picked":"Malaise","floor":16},{"not_picked":["Masterful Stab","Quick Slash+1"],"picked":"Choke+1","floor":18},{"not_picked":["Backflip","Riddle With Holes"],"picked":"Calculated Gamble+1","floor":19},{"not_picked":["Deflect","Underhanded Strike","All Out Attack"],"picked":"SKIP","floor":24},{"not_picked":["Storm of Steel","Dagger Throw"],"picked":"Endless Agony+1","floor":25},{"not_picked":["Cloak And Dagger","Slice","Flying Knee"],"picked":"SKIP","floor":27},{"not_picked":["Underhanded Strike","Noxious Fumes"],"picked":"Crippling Poison","floor":28},{"not_picked":["Infinite Blades","Bane"],"picked":"Skewer","floor":28},{"not_picked":["Tactician","Poisoned Stab"],"picked":"Unload","floor":31},{"not_picked":["Skewer","Flying Knee"],"picked":"Acrobatics","floor":31},{"not_picked":["Corpse Explosion","Unload"],"picked":"Grand Finale","floor":33},{"not_picked":["Dagger Spray","PiercingWail+1"],"picked":"Tactician","floor":35},{"not_picked":["Riddle With Holes","Bane","Cloak And Dagger"],"picked":"SKIP","floor":35},{"not_picked":["Crippling Poison","Riddle With Holes"],"picked":"PiercingWail","floor":37},{"not_picked":["Cloak And Dagger+1","Dash","Choke+1"],"picked":"SKIP","floor":37}],"player_experience":175787,"relics_obtained":[{"floor":6,"key":"Boot"},{"floor":8,"key":"Tiny Chest"},{"floor":9,"key":"Happy Flower"},{"floor":10,"key":"StrikeDummy"},{"floor":25,"key":"CeramicFish"},{"floor":26,"key":"Kunai"},{"floor":27,"key":"Prayer Wheel"},{"floor":29,"key":"Pen Nib"},{"floor":36,"key":"Nunchaku"}],"event_choices":[{"damage_healed":0,"gold_gain":0,"player_choice":"Grow","damage_taken":0,"max_hp_gain":0,"max_hp_loss":0,"event_name":"Living Wall","floor":2,"gold_loss":0,"cards_upgraded":["Dagger Throw"]},{"damage_healed":0,"gold_gain":0,"player_choice":"3 cards matched","damage_taken":0,"max_hp_gain":0,"max_hp_loss":0,"event_name":"Match and Keep!","floor":4,"gold_loss":0,"cards_obtained":["Neutralize","PiercingWail","Dark Shackles"]},{"cards_removed":["Strike_G"],"damage_healed":0,"gold_gain":0,"player_choice":"Elegance","damage_taken":0,"max_hp_gain":0,"max_hp_loss":0,"event_name":"Back to Basics","floor":20,"gold_loss":0},{"damage_healed":0,"gold_gain":0,"player_choice":"Paid Gold","damage_taken":0,"relics_obtained":["Bronze Scales"],"max_hp_gain":0,"max_hp_loss":0,"event_name":"WeMeetAgain","floor":22,"gold_loss":50}],"is_beta":false,"boss_relics":[{"not_picked":["Calling Bell","SlaversCollar"],"picked":"HoveringKite"},{"not_picked":["Philosopher\u0027s Stone","Black Star"],"picked":"Runic Pyramid"}],"items_purged_floors":[14,21],"is_endless":false,"potions_floor_spawned":[3,7,12,18,31,33,37],"killed_by":"Sphere and 2 Shapes","ascension_level":9}}