{"host":"jfbo3eu2ui08ej1u","time":1611116049,"event":{"mods":["2.2 Compatiblity","AchievementEnabler","Act Like it!","Aspiration","BaseMod","Better Altar","Better Match","Better Note","Better Sensory Stone","Better Skull","Better Third Choice","Block Reminder","Colored Map","Colored Powertips","Conspire","DeckTracker","Displayed Cursed Tome","Energized Spire","Fox Events","GifTheSpireLib","Hubris","Infinite Spire","Marked Mod","Minty Spire (QoL Compilation)","Pale of the Ancients","Poor People Problems","Quick Restart","Relic Filter","Reorder Act Four","Replay The Spire","Shop Mod","Spicy Shops","Spire Arcade","StSLib","Stuff the Spire","The Blue Laboratory","The Disciple","The Forsaken","The Hierophant","The Marked","Uncapped","Unceasing Turn Reminder","Wandering Minibosses"],"gold_per_floor":[110,126,126,146,71,71,98,98,151,165,192,72,72,107,107,183,183,199,210,4,18,18,49,49,77,125,125,141,58,75,75,75,152,152,171,171,216,216,91,91,121,136,160,160,189,207,207,223,223,223,223,223,223],"floor_reached":52,"language":"ENG","playtime":1874,"items_purged":["conspire:Blindness","StuffTheSpire:GlassShard+1","Scrape","Strike_B"],"score":1381,"play_id":"b358dbde-8a52-4a06-b2c7-39f9d1465a3c","local_time":"20210119231409","is_ascension_mode":true,"campfire_choices":[{"data":"StuffTheSpire:GlassShard","floor":6.0,"key":"SMITH"},{"floor":8.0,"key":"REST"},{"floor":15.0,"key":"REST"},{"data":"Dualcast","floor":24.0,"key":"SMITH"},{"data":"Capacitor","floor":27.0,"key":"SMITH"},{"floor":32.0,"key":"REST"},{"floor":40.0,"key":"REST"},{"floor":44.0,"key":"REST"},{"data":"Loop","floor":47.0,"key":"SMITH"},{"data":"Zap","floor":49.0,"key":"SMITH"}],"circlet_count":0,"master_deck":["AscendersBane","Strike_B","Strike_B","Strike_B","Defend_B","Defend_B","Defend_B","Defend_B","Zap+1","Dualcast+1","Panic Button","Chill+1","Echo Form","Self Repair","Redo+1","Turbo+1","Rebound","hubris:PowerSurge+1","StuffTheSpire:ForEach+1","ReplayTheSpireMod:Omega Cannon","Ball Lightning+1","ReplayTheSpireMod:Calculation Training+1","StuffTheSpire:LoadUp+1","Panic Button+1","StuffTheSpire:LoadUp+1","Capacitor+1","Loop+1","ReplayTheSpireMod:Private Reserves+1","hubris:EnhanceAbility","Reboot+1","infinitespire:Collect+1","Coolheaded+1"],"relics":["Cracked Core","Toxic Egg 2","DataDisk","hubris:BallOfYels","Boot","ReplayTheSpireMod:CursedCoin","StuffTheSpire:DarkSteelAnvil","hubris:VirtuousBlindfold","ReplayFunnel","StuffTheSpire:HeavyRock","hubris:Teleporter","Bag of Marbles","Busted Crown","hubris:Icosahedron","StuffTheSpire:Nightcore","Strange Spoon","conspire:SpecialSausage","Replay:Ringing Soul","Replay:Baseball","conspire:InfiniteJournal","paleoftheancients:Timepiece","Oddly Smooth Stone","Gremlin Horn"],"acts_visited":["TheCity","TheBeyond","paleoftheancients:PaleOfTheAncients"],"potions_floor_usage":[],"damage_taken":[{"damage":7.0,"enemies":"Cultist","floor":1.0,"turns":5.0},{"damage":0.0,"enemies":"2 Louse","floor":2.0,"turns":2.0},{"damage":0.0,"enemies":"conspire:RoseBush","floor":4.0,"turns":4.0},{"damage":22.0,"enemies":"Lagavulin","floor":7.0,"turns":6.0},{"damage":7.0,"enemies":"Blue Slaver","floor":10.0,"turns":2.0},{"damage":21.0,"enemies":"conspire:MimicChest","floor":11.0,"turns":5.0},{"damage":10.0,"enemies":"3 Sentries","floor":14.0,"turns":7.0},{"damage":25.0,"enemies":"Slime Boss","floor":16.0,"turns":10.0},{"damage":0.0,"enemies":"2 Thieves","floor":18.0,"turns":2.0},{"damage":0.0,"enemies":"Chosen","floor":19.0,"turns":3.0},{"damage":35.0,"enemies":"Snake Plant","floor":21.0,"turns":5.0},{"damage":8.0,"enemies":"Gremlin Leader","floor":23.0,"turns":4.0},{"damage":4.0,"enemies":"conspire:SneckoGhost","floor":25.0,"turns":3.0},{"damage":24.0,"enemies":"conspire:HollyBat","floor":28.0,"turns":7.0},{"damage":0.0,"enemies":"3 Cultists","floor":30.0,"turns":2.0},{"damage":49.0,"enemies":"conspire:MysteriousRune","floor":33.0,"turns":8.0},{"damage":0.0,"enemies":"3 Darklings","floor":35.0,"turns":2.0},{"damage":35.0,"enemies":"2 Orb Walkers","floor":37.0,"turns":4.0},{"damage":26.0,"enemies":"Giant Head","floor":41.0,"turns":5.0},{"damage":0.0,"enemies":"Orb Walker","floor":42.0,"turns":2.0},{"damage":8.0,"enemies":"Nemesis","floor":45.0,"turns":3.0},{"damage":0.0,"enemies":"Jaw Worm Horde","floor":46.0,"turns":2.0},{"damage":8.0,"enemies":"Spire Growth","floor":48.0,"turns":5.0},{"damage":32.0,"enemies":"Awakened One","floor":50.0,"turns":9.0},{"damage":70,"enemies":"Awakened One","floor":51,"turns":7},{"damage":82,"enemies":"Awakened One","floor":52,"turns":3}],"seed_played":"3947244684413320363","potions_obtained":[{"floor":1.0,"key":"blueLaboratory:TeslaPotion"},{"floor":2.0,"key":"Elixir"},{"floor":11.0,"key":"FearPotion"},{"floor":21.0,"key":"blueLaboratory:CoolantVial"},{"floor":33.0,"key":"Milkshake"},{"floor":35.0,"key":"Adrenaline Potion"},{"floor":42.0,"key":"Toxic Potion"}],"is_trial":false,"path_per_floor":["M","M","?","M","?","R","E","R","T","M","?","$","?","E","R","B",null,"M","M","$","M","?","E","R","E","T","R","M","$","M","?","R","B",null,"M","?","?","AVR","$","R","E","M","T","R","E","M","R","M","R","B","M","M"],"character_chosen":"DEFECT","items_purchased":["ReplayTheSpireMod:CursedCoin","Turbo+1","Rebound","hubris:PowerSurge+1","blueLaboratory:FruitPunch","StuffTheSpire:LoadUp+1","Loop"],"campfire_rested":5,"item_purchase_floors":[12,12,12,12,20,20,29],"current_hp_per_floor":[57,57,57,57,57,57,35,56,56,49,35,35,35,32,53,35,62,69,71,71,45,45,44,44,40,40,40,23,23,30,30,51,16,59,59,59,31,31,31,52,36,43,43,65,64,64,64,63,63,67,76,0,0],"gold":223,"neow_bonus":"THREE_CARDS","is_daily":false,"chose_seed":false,"campfire_upgraded":5,"win_rate":0.0,"timestamp":1611116049,"path_taken":["M","M","?","M","?","R","E","R","T","M","?","?","?","E","R","BOSS","M","M","$","M","?","E","R","E","T","R","M","?","?","?","R","BOSS","M","?","?","AVR","?","R","E","M","T","R","E","M","R","?","R","BOSS","M","M"],"items_purchased_type":["Relic","Card","Card","Card","Potion","Card","Card"],"build_version":"2020-12-22","purchased_purges":4,"victory":false,"max_hp_per_floor":[71,71,71,71,71,71,71,71,71,71,71,71,71,71,71,71,71,71,71,71,73,73,73,73,73,73,73,73,73,73,73,73,73,73,73,73,73,73,73,73,76,76,76,76,76,76,76,76,76,76,76,76,76],"card_choices":[{"not_picked":["hubris:PowerSurge","StuffTheSpire:LoadUp"],"picked":"Panic Button","floor":0.0},{"not_picked":["Beam Cell","StuffTheSpire:LoadUp"],"picked":"StuffTheSpire:GlassShard","floor":1.0},{"not_picked":["ReplaySolidLightProjector","Hello World"],"picked":"Scrape","floor":2.0},{"not_picked":["BootSequence+1","StuffTheSpire:SnapShoot+1"],"picked":"Chill+1","floor":4.0},{"not_picked":["Coolheaded+1","ReplayTheSpireMod:Reroute Power+1"],"picked":"Echo Form","floor":7.0},{"not_picked":["ReplayGash","Gash"],"picked":"Self Repair","floor":10.0},{"not_picked":["BasicCrystalCard+1","Panic Button+1"],"picked":"Redo+1","floor":11.0},{"not_picked":["Barrage","Compile Driver"],"picked":"StuffTheSpire:ForEach+1","floor":14.0},{"not_picked":["StuffTheSpire:LaunchingStrike","hubris:SpecializedCircuitry"],"picked":"ReplayTheSpireMod:Omega Cannon","floor":16.0},{"not_picked":["Steam+1","Barrage"],"picked":"Ball Lightning+1","floor":18.0},{"not_picked":["Chaos+1","Sweeping Beam"],"picked":"ReplayTheSpireMod:Calculation Training+1","floor":19.0},{"not_picked":["Sweeping Beam+1","Barrage"],"picked":"Panic Button+1","floor":21.0},{"not_picked":["Darkness+1","ReplayGash"],"picked":"StuffTheSpire:LoadUp+1","floor":23.0},{"not_picked":["Chill+1","Streamline"],"picked":"Capacitor","floor":25.0},{"not_picked":["Defragment","Conserve Battery+1","Time Bomb+1"],"picked":"SKIP","floor":28.0},{"not_picked":["StuffTheSpire:Purify+1","Beam Cell","Barrage"],"picked":"SKIP","floor":30.0},{"not_picked":["StuffTheSpire:PlasmaPulse+1","hubris:Insight+1"],"picked":"ReplayTheSpireMod:Private Reserves+1","floor":31.0},{"not_picked":["Mind Blast","Dramatic Entrance"],"picked":"hubris:EnhanceAbility","floor":31.0},{"not_picked":["Echo Form","StuffTheSpire:LaunchingStrike"],"picked":"Reboot+1","floor":33.0},{"not_picked":["Time Bomb+1"],"picked":"SKIP","floor":35.0},{"not_picked":[],"picked":"Coolheaded+1","floor":41.0},{"not_picked":["Barrage"],"picked":"SKIP","floor":42.0},{"not_picked":["StuffTheSpire:Plugnplay+1"],"picked":"SKIP","floor":45.0},{"not_picked":["StuffTheSpire:Rend+1"],"picked":"SKIP","floor":46.0},{"not_picked":["Force Field+1"],"picked":"SKIP","floor":48.0}],"player_experience":1208727,"relics_obtained":[{"floor":7.0,"key":"DataDisk"},{"floor":9.0,"key":"hubris:BallOfYels"},{"floor":11.0,"key":"Boot"},{"floor":14.0,"key":"StuffTheSpire:DarkSteelAnvil"},{"floor":23.0,"key":"StuffTheSpire:HeavyRock"},{"floor":25.0,"key":"hubris:Teleporter"},{"floor":26.0,"key":"Bag of Marbles"},{"floor":37.0,"key":"StuffTheSpire:Nightcore"},{"floor":41.0,"key":"Replay:Ringing Soul"},{"floor":43.0,"key":"Replay:Baseball"},{"floor":45.0,"key":"conspire:InfiniteJournal"}],"event_choices":[{"cards_removed":["StuffTheSpire:CuriosityCurse"],"damage_healed":0.0,"max_hp_gain":0.0,"max_hp_loss":0.0,"gold_gain":0.0,"event_name":"The Cleric","player_choice":"Card Removal","floor":5.0,"gold_loss":75.0,"damage_taken":0.0},{"damage_healed":35.0,"max_hp_gain":0.0,"max_hp_loss":71.0,"gold_gain":0.0,"event_name":"betterThird:BetterShining","player_choice":"Leave","floor":13.0,"gold_loss":0.0,"damage_taken":0.0},{"damage_healed":0.0,"max_hp_gain":0.0,"max_hp_loss":0.0,"gold_gain":0.0,"event_name":"WeMeetAgain","player_choice":"Gave Potion","floor":22.0,"gold_loss":0.0,"damage_taken":0.0,"relics_obtained":["ReplayFunnel"]},{"damage_healed":0.0,"max_hp_gain":0.0,"max_hp_loss":0.0,"gold_gain":2.0,"event_name":"betterStone:BetterStone","player_choice":"1","floor":31.0,"gold_loss":0.0,"damage_taken":0.0},{"damage_healed":0.0,"max_hp_gain":0.0,"max_hp_loss":0.0,"gold_gain":0.0,"event_name":"Mysterious Sphere","player_choice":"Fight","floor":37.0,"gold_loss":0.0,"damage_taken":0.0}],"is_beta":false,"boss_relics":[{"not_picked":["hubris:BlackHole","aspiration:PoetsPen_weak"],"picked":"hubris:VirtuousBlindfold"},{"not_picked":["ReplayTheSpireMod:SealedPack","ReplayTheSpireMod:DimensionalGlitch"],"picked":"Busted Crown"}],"items_purged_floors":[12,20,38,39],"is_endless":false,"potions_floor_spawned":[1,2,10,11,16,18,19,21,33,35,42,45],"killed_by":"Awakened One","ascension_level":18}}