{"host":"4gr5irrdjh39ysed","time":1611100843,"event":{"mods":["AchievementEnabler","BaseMod","Colored Map","Downfall","Hermit","Minty Spire (QoL Compilation)","Random Character Button","StSLib","The Construct","The Cursed","The Disciple","The Hierophant","The Mystic","The Necromancer","The Runesmith"],"gold_per_floor":[110,122,47,47,47,47,57,57,84,127,127,161,161,239,239,330,330,355,378,378,378,303,303,36,36,62,62,42,42,65,84,84,180,180,199,199,74,89,114,114,0,34,60,60,100,116,61,86,86,86,86,86,36,79,79],"floor_reached":56,"language":"ENG","playtime":2473,"items_purged":["Defend_R","Defend_R","Entrench","Havoc+1"],"score":1941,"play_id":"36f9df73-748e-4210-9628-e96a996f46d1","local_time":"20210119170043","is_ascension_mode":true,"campfire_choices":[{"floor":6,"key":"RECALL"},{"data":"Infernal Blade","floor":13,"key":"SMITH"},{"data":"Seeing Red","floor":15,"key":"SMITH"},{"data":"Double Tap","floor":23,"key":"SMITH"},{"data":"RitualDagger","floor":25,"key":"SMITH"},{"data":"Heavy Blade","floor":27,"key":"SMITH"},{"data":"Flex","floor":29,"key":"SMITH"},{"data":"Exhume","floor":32,"key":"SMITH"},{"data":"Offering","floor":40,"key":"SMITH"},{"data":"Berserk","floor":44,"key":"SMITH"},{"data":"Madness","floor":49,"key":"SMITH"},{"data":"Bludgeon","floor":52,"key":"SMITH"}],"circlet_count":0,"master_deck":["AscendersBane","Bash","Infernal Blade+1","Sever Soul","Twin Strike","Seeing Red+1","Pommel Strike","Wild Strike","Pummel","Double Tap+1","Flex+1","Heavy Blade+1","RitualDagger+1","Exhume+1","Cleave","Bludgeon+1","Offering+1","Carnage","Inflame","Cleave","Cleave+1","Madness","Madness+1","Searing Blow+1","Berserk+1","Flex","Heavy Blade+1","Flex","Anger+1","Battle Trance"],"relics":["Burning Blood","MealTicket","Golden Idol","Dream Catcher","Oddly Smooth Stone","Strawberry","Philosopher\u0027s Stone","Bronze Scales","Regal Pillow","Pandora\u0027s Box","Red Mask","Letter Opener","Vajra","Smiling Mask","Boot"],"acts_visited":["Exordium","TheCity","TheBeyond","TheEnding"],"potions_floor_usage":[30,33,38,42,45,46],"damage_taken":[{"damage":12,"enemies":"Jaw Worm","floor":1,"turns":3},{"damage":10,"enemies":"Cultist","floor":2,"turns":4},{"damage":8,"enemies":"2 Louse","floor":7,"turns":2},{"damage":60,"enemies":"3 Sentries","floor":10,"turns":11},{"damage":60,"enemies":"Lagavulin","floor":12,"turns":6},{"damage":56,"enemies":"Lagavulin Event","floor":14,"turns":6},{"damage":116,"enemies":"The Guardian","floor":16,"turns":10},{"damage":14,"enemies":"Chosen","floor":18,"turns":3},{"damage":61,"enemies":"2 Thieves","floor":19,"turns":4},{"damage":29,"enemies":"Centurion and Healer","floor":30,"turns":2},{"damage":37,"enemies":"Chosen and Byrds","floor":31,"turns":4},{"damage":148,"enemies":"Collector","floor":33,"turns":10},{"damage":0,"enemies":"3 Shapes","floor":35,"turns":2},{"damage":39,"enemies":"3 Darklings","floor":38,"turns":3},{"damage":41,"enemies":"Jaw Worm Horde","floor":39,"turns":2},{"damage":40,"enemies":"Reptomancer","floor":42,"turns":4},{"damage":20,"enemies":"Giant Head","floor":45,"turns":5},{"damage":42,"enemies":"Spire Growth","floor":46,"turns":4},{"damage":12,"enemies":"3 Darklings","floor":48,"turns":2},{"damage":285,"enemies":"Awakened One","floor":50,"turns":11},{"damage":78,"enemies":"Shield and Spear","floor":54,"turns":4},{"damage":425,"enemies":"The Heart","floor":55,"turns":9}],"seed_played":"3319227843669810618","potions_obtained":[{"floor":1,"key":"SkillPotion"},{"floor":16,"key":"Weak Potion"},{"floor":31,"key":"SkillPotion"},{"floor":38,"key":"FearPotion"},{"floor":39,"key":"Weak Potion"},{"floor":42,"key":"SpeedPotion"},{"floor":45,"key":"DistilledChaos"}],"is_trial":false,"path_per_floor":["M","M","$","?","$","R","M","?","T","E","?","E","R","?","R","B",null,"M","M","?","?","?","R","$","R","T","R","?","R","M","M","R","B",null,"M","?","$","M","M","R","?","E","T","R","E","M","$","M","R","B",null,"R","$","E","B",null],"character_chosen":"IRONCLAD","items_purchased":["Bronze Scales","Flex"],"campfire_rested":0,"item_purchase_floors":[24,47],"current_hp_per_floor":[2062,2058,2073,2073,2075,2075,2073,1868,1868,1814,1814,1760,1760,1717,1717,1607,1808,1800,1745,1745,1739,1739,1739,1754,1754,1754,1754,1754,1754,1731,1700,1700,1558,1796,1802,1464,1479,1446,1411,1411,1411,1377,1377,1377,1363,1327,1342,1336,1336,1057,1671,1671,1686,1614,1195],"gold":79,"neow_bonus":"RANDOM_COMMON_RELIC","is_daily":false,"chose_seed":false,"campfire_upgraded":11,"win_rate":0.0,"timestamp":1611100843,"path_taken":["M","M","$","?","?","R","M","?","T","E","?","E","R","?","R","BOSS","M","M","?","?","?","R","$","R","T","R","?","R","?","M","R","BOSS","M","?","$","M","M","R","?","E","T","R","E","M","$","M","R","BOSS","R","$","E","BOSS"],"items_purchased_type":["Relic","Card"],"build_version":"2020-12-22","purchased_purges":4,"victory":true,"max_hp_per_floor":[2075,2075,2075,2075,2075,2075,2075,1868,1868,1868,1868,1868,1868,1875,1875,1875,1875,1875,1875,1875,1875,1875,1875,1875,1875,1875,1875,1875,1875,1875,1875,1875,1875,1875,1875,1875,1875,1875,1875,1875,1875,1875,1875,1875,1875,1875,1875,1875,1875,1875,1875,1875,1875,1875,1875],"card_choices":[{"not_picked":["Sever Soul","Perfected Strike"],"picked":"Infernal Blade","floor":1},{"not_picked":["Entrench","Second Wind"],"picked":"Sever Soul","floor":2},{"not_picked":["Uppercut","Battle Trance"],"picked":"Seeing Red","floor":7},{"not_picked":["Metallicize","Armaments"],"picked":"Pommel Strike","floor":10},{"not_picked":["Pommel Strike","Heavy Blade"],"picked":"Wild Strike","floor":12},{"not_picked":["Clothesline","Twin Strike"],"picked":"Pummel","floor":14},{"not_picked":["Impervious","Reaper"],"picked":"Double Tap","floor":16},{"not_picked":["Sever Soul","Battle Trance"],"picked":"Flex","floor":18},{"not_picked":["Headbutt","Armaments","Shrug It Off+1"],"picked":"SKIP","floor":19},{"not_picked":["Havoc","True Grit"],"picked":"Exhume","floor":30},{"not_picked":["True Grit+1","Headbutt"],"picked":"Cleave","floor":31},{"not_picked":["Immolate","Fiend Fire"],"picked":"Bludgeon","floor":33},{"not_picked":["Evolve","Armaments"],"picked":"Cleave+1","floor":35},{"not_picked":["Ghostly Armor","Havoc"],"picked":"Searing Blow+1","floor":38},{"not_picked":["Sword Boomerang","Perfected Strike"],"picked":"Havoc+1","floor":39},{"not_picked":["Warcry","Sever Soul"],"picked":"Berserk","floor":42},{"not_picked":["Sword Boomerang","Dropkick+1"],"picked":"Flex","floor":45},{"not_picked":["Thunderclap","Havoc"],"picked":"Heavy Blade+1","floor":46},{"not_picked":["Battle Trance","Power Through"],"picked":"Anger+1","floor":48},{"not_picked":["Clash","Thunderclap"],"picked":"Battle Trance","floor":54}],"player_experience":242884,"relics_obtained":[{"floor":10,"key":"Dream Catcher"},{"floor":12,"key":"Oddly Smooth Stone"},{"floor":26,"key":"Regal Pillow"},{"floor":42,"key":"Letter Opener"},{"floor":43,"key":"Vajra"},{"floor":45,"key":"Smiling Mask"},{"floor":54,"key":"Boot"}],"event_choices":[{"damage_healed":0,"gold_gain":0,"player_choice":"1 cards matched","damage_taken":0,"max_hp_gain":0,"max_hp_loss":0,"event_name":"Match and Keep!","floor":4,"gold_loss":0,"cards_obtained":["Twin Strike"]},{"damage_healed":0,"gold_gain":0,"player_choice":"Lose Max HP","damage_taken":0,"relics_obtained":["Golden Idol"],"max_hp_gain":0,"max_hp_loss":207,"event_name":"Golden Idol","floor":8,"gold_loss":0},{"cards_removed":["Defend_R"],"damage_healed":0,"gold_gain":0,"player_choice":"Forget","damage_taken":0,"max_hp_gain":0,"max_hp_loss":0,"event_name":"Living Wall","floor":11,"gold_loss":0},{"damage_healed":0,"gold_gain":0,"player_choice":"Searched \u00272\u0027 times","damage_taken":0,"relics_obtained":["Strawberry"],"max_hp_gain":0,"max_hp_loss":0,"event_name":"Dead Adventurer","floor":14,"gold_loss":0},{"damage_healed":0,"gold_gain":0,"player_choice":"Read","damage_taken":0,"max_hp_gain":0,"max_hp_loss":0,"event_name":"The Library","floor":20,"gold_loss":0,"cards_obtained":["Heavy Blade"]},{"damage_healed":0,"gold_gain":0,"player_choice":"Joined the Cult","damage_taken":6,"max_hp_gain":0,"max_hp_loss":0,"event_name":"Nest","floor":21,"gold_loss":0,"cards_obtained":["RitualDagger"]},{"cards_removed":["Defend_R"],"damage_healed":0,"gold_gain":0,"player_choice":"Gave Gold","damage_taken":0,"max_hp_gain":0,"max_hp_loss":0,"event_name":"Beggar","floor":22,"gold_loss":75},{"damage_healed":0,"gold_gain":0,"player_choice":"Bought 1 Potion","damage_taken":0,"max_hp_gain":0,"max_hp_loss":0,"event_name":"The Woman in Blue","floor":28,"gold_loss":0},{"damage_healed":0,"gold_gain":0,"player_choice":"Embrace Madness","damage_taken":338,"max_hp_gain":0,"max_hp_loss":0,"event_name":"Winding Halls","floor":36,"gold_loss":0,"cards_obtained":["Madness","Madness"]},{"damage_healed":0,"gold_gain":0,"player_choice":"Paid","damage_taken":0,"relics_obtained":["Red Mask"],"max_hp_gain":0,"max_hp_loss":0,"event_name":"Tomb of Lord Red Mask","floor":41,"gold_loss":114}],"is_beta":false,"boss_relics":[{"not_picked":["Velvet Choker","Runic Pyramid"],"picked":"Philosopher\u0027s Stone"},{"not_picked":["Snecko Eye","Black Blood"],"picked":"Pandora\u0027s Box"}],"items_purged_floors":[3,24,37,53],"is_endless":false,"potions_floor_spawned":[1,16,19,31,38,39,42,45],"ascension_level":16}}