{"host":"qrlp59d4kykmw4mt","time":1611127812,"event":{"mods":["Act Like it!","BaseMod","Colored Map","Downfall","Friendly Minions","Highlight Path","Minty Spire (QoL Compilation)","Permanent Neow","Random Character Button","Rare Cards Sparkle","SacredBarkPlus","StSLib","SuperFastMode","everything is the same but u backflip on backflip"],"gold_per_floor":[99,110,121,31,49,149,173,73,86,86,99,114,143,143,153,153,153,153],"floor_reached":16,"language":"ENG","playtime":767,"items_purged":["bronze:Strike"],"score":129,"play_id":"c4f2b4c9-48d0-416a-8b12-58310ceb259e","local_time":"20210120023012","is_ascension_mode":false,"campfire_choices":[{"floor":1,"key":"RECALL"},{"data":"bronze:Virus","floor":8,"key":"SMITH"},{"data":"bronze:FineTuning","floor":10,"key":"SMITH"}],"circlet_count":0,"master_deck":["bronze:Strike","bronze:Strike","bronze:Defend","bronze:Defend","bronze:Defend","bronze:Defend","bronze:Replicate","bronze:Goto","bronze:Virus+1","bronze:FineTuning+1","bronze:Iterate","bronze:DelayedGuard","bronze:Invalidate","bronze:Boost","bronze:ForceShield","bronze:Assembly+1"],"relics":["bronze:BronzeCore","Toy Ornithopter","Strawberry","downfall:HeartBlessingRed","Toxic Egg 2"],"acts_visited":["Exordium"],"potions_floor_usage":[6,16,16],"damage_taken":[{"damage":5,"enemies":"Small Slimes","floor":2,"turns":3},{"damage":1,"enemies":"Cultist","floor":3,"turns":3},{"damage":0,"enemies":"downfall:FleeingMerchant","floor":4,"turns":4},{"damage":6,"enemies":"2 Louse","floor":5,"turns":2},{"damage":33,"enemies":"downfall:LadyInBlue","floor":6,"turns":8},{"damage":3,"enemies":"Red Slaver","floor":9,"turns":2},{"damage":13,"enemies":"Exordium Wildlife","floor":11,"turns":3},{"damage":0,"enemies":"Blue Slaver","floor":12,"turns":2},{"damage":0,"enemies":"Lagavulin","floor":13,"turns":5},{"damage":10,"enemies":"Exordium Thugs","floor":15,"turns":3},{"damage":27,"enemies":"SI_SHIV_ARCHETYPE","floor":16,"turns":4}],"seed_played":"-2029076299579892057","potions_obtained":[{"floor":2,"key":"bronze:CleanCodePotion"},{"floor":6,"key":"Fruit Juice"},{"floor":6,"key":"bronze:FreeFunctionsPotion"},{"floor":6,"key":"Explosive Potion"},{"floor":11,"key":"champ:CounterPotion"},{"floor":12,"key":"PowerPotion"}],"is_trial":false,"path_per_floor":["R","M","M","$","M","?","T","R","M","R","M","M","E","?","M","B"],"character_chosen":"THE_AUTOMATON","items_purchased":[],"campfire_rested":0,"item_purchase_floors":[],"current_hp_per_floor":[70,65,64,64,58,30,37,37,34,34,21,21,21,21,11,0,0,0],"gold":153,"neow_bonus":"ONE_RANDOM_RARE_CARD","is_daily":false,"chose_seed":false,"campfire_upgraded":2,"win_rate":0.0,"timestamp":1611127812,"path_taken":["R","M","M","$","M","?","T","R","M","R","M","?","E","?","M","BOSS"],"items_purchased_type":[],"build_version":"2020-12-22","purchased_purges":1,"victory":false,"max_hp_per_floor":[70,70,70,70,70,75,82,82,82,82,82,82,82,82,82,82,82,82],"card_choices":[{"not_picked":["bronze:DarkDash","bronze:CloningBeam"],"picked":"bronze:FineTuning","floor":2},{"not_picked":["bronze:Shield","bronze:CutThrough","bronze:Overload"],"picked":"SKIP","floor":3},{"not_picked":["bronze:ItsAFeature","bronze:WildBeam"],"picked":"bronze:Iterate","floor":4},{"not_picked":["bronze:OilSpill","bronze:Frontload","bronze:Shield"],"picked":"SKIP","floor":5},{"not_picked":["bronze:Shield","bronze:NullPointer"],"picked":"bronze:DelayedGuard","floor":6},{"not_picked":["bronze:Overheat","bronze:BitShift"],"picked":"bronze:Invalidate","floor":9},{"not_picked":["bronze:WildBeam","bronze:CloningBeam"],"picked":"bronze:Boost","floor":11},{"not_picked":["bronze:BugBarrage","bronze:Shield"],"picked":"bronze:ForceShield","floor":12},{"not_picked":["bronze:WhirlingStrike","bronze:ChildClass+1"],"picked":"bronze:Assembly+1","floor":13},{"not_picked":["bronze:BuggyMess+1","bronze:Shield+1","bronze:WildBeam"],"picked":"SKIP","floor":15}],"player_experience":289820,"relics_obtained":[{"floor":6,"key":"Toy Ornithopter"},{"floor":7,"key":"Strawberry"},{"floor":13,"key":"Toxic Egg 2"}],"event_choices":[{"cards_removed":["bronze:Strike"],"damage_healed":0,"gold_gain":0,"player_choice":"Card Removal","damage_taken":0,"max_hp_gain":0,"max_hp_loss":0,"event_name":"Wheel of Change","floor":14,"gold_loss":0}],"is_beta":false,"boss_relics":[],"items_purged_floors":[4],"is_endless":false,"potions_floor_spawned":[2,11,12,13],"killed_by":"SI_SHIV_ARCHETYPE","ascension_level":0}}