{"host":"cjhtzh7tp54jdfyv","time":1611123750,"event":{"mods":["AchievementEnabler","BaseMod","Colored Map","Colored Powertips","Curses Come First","DeckTracker","Filter the Spire","Minty Spire (QoL Compilation)","RNG Fix","Relic Sorter","Relic Stats","StSLib","UnlockEverythingMod","ojb\u0027s Better Paths Mod","ojb\u0027s Info Mod"],"gold_per_floor":[114,127,127,142,142,174,185,185,253,253,282,301,326,345,345,422,422,434,192,192,204,204,204,238,238,310,310,341,357,357,371,371,448,448,464,478,489,563,579,608,351,384,384,384,399,189,209,243,243,243,243,243,243,10,43,43],"floor_reached":57,"language":"ENG","playtime":4722,"items_purged":["Defend_P","Strike_P","Strike_P","Conclude"],"score":3519,"play_id":"c7523c25-65e7-4903-ad33-a44b3fc4b452","local_time":"20210120012230","is_ascension_mode":true,"campfire_choices":[{"floor":8.0,"key":"REST"},{"data":"Eruption","floor":10.0,"key":"SMITH"},{"data":"CutThroughFate","floor":15.0,"key":"SMITH"},{"data":"Adaptation","floor":23.0,"key":"SMITH"},{"data":"Adaptation","floor":25.0,"key":"SMITH"},{"floor":32.0,"key":"REST"},{"floor":49,"key":"RECALL"},{"data":"InnerPeace","floor":53,"key":"SMITH"}],"circlet_count":0,"master_deck":["AscendersBane","Strike_P+1","Eruption+1","Vigilance+1","CutThroughFate+1","Weave+1","InnerPeace+1","Sanctity+1","Adaptation+1","Adaptation+1"],"relics":["Empty Cage","Sundial","InkBottle","Akabeko","Regal Pillow","StrikeDummy","Yang","Philosopher\u0027s Stone","Orrery","Thread and Needle","Singing Bowl","Matryoshka","Runic Pyramid","Potion Belt","Bottled Flame","Ancient Tea Set","OrangePellets","Juzu Bracelet","Whetstone","War Paint"],"acts_visited":["Exordium","TheCity","TheBeyond","TheEnding"],"potions_floor_usage":[56,56,56,56],"damage_taken":[{"damage":0.0,"enemies":"Jaw Worm","floor":1.0,"turns":3.0},{"damage":10.0,"enemies":"2 Louse","floor":2.0,"turns":2.0},{"damage":0.0,"enemies":"Cultist","floor":4.0,"turns":2.0},{"damage":24.0,"enemies":"3 Sentries","floor":6.0,"turns":6.0},{"damage":10.0,"enemies":"Blue Slaver","floor":7.0,"turns":3.0},{"damage":0.0,"enemies":"Lagavulin","floor":11.0,"turns":3.0},{"damage":9.0,"enemies":"2 Fungi Beasts","floor":12.0,"turns":3.0},{"damage":4.0,"enemies":"3 Sentries","floor":13.0,"turns":4.0},{"damage":0.0,"enemies":"Lots of Slimes","floor":14.0,"turns":1.0},{"damage":0.0,"enemies":"Slime Boss","floor":16.0,"turns":3.0},{"damage":3.0,"enemies":"Shell Parasite","floor":18.0,"turns":2.0},{"damage":2.0,"enemies":"Chosen","floor":21.0,"turns":3.0},{"damage":22.0,"enemies":"Book of Stabbing","floor":24.0,"turns":4.0},{"damage":0.0,"enemies":"Gremlin Leader","floor":28.0,"turns":2.0},{"damage":0.0,"enemies":"Snecko","floor":29.0,"turns":2.0},{"damage":0.0,"enemies":"Book of Stabbing","floor":30.0,"turns":1.0},{"damage":0.0,"enemies":"Sentry and Sphere","floor":31.0,"turns":3.0},{"damage":0.0,"enemies":"Champ","floor":33.0,"turns":2.0},{"damage":7.0,"enemies":"3 Darklings","floor":35.0,"turns":2.0},{"damage":0.0,"enemies":"Orb Walker","floor":36.0,"turns":2.0},{"damage":6.0,"enemies":"Writhing Mass","floor":37.0,"turns":6.0},{"damage":0,"enemies":"Sphere and 2 Shapes","floor":39,"turns":2},{"damage":0,"enemies":"Giant Head","floor":40,"turns":2},{"damage":9,"enemies":"Nemesis","floor":42,"turns":3},{"damage":0,"enemies":"3 Darklings","floor":45,"turns":2},{"damage":0,"enemies":"Jaw Worm Horde","floor":47,"turns":2},{"damage":0,"enemies":"Reptomancer","floor":48,"turns":2},{"damage":0,"enemies":"Donu and Deca","floor":50,"turns":1},{"damage":0,"enemies":"Awakened One","floor":51,"turns":2},{"damage":0,"enemies":"Shield and Spear","floor":55,"turns":1},{"damage":3,"enemies":"The Heart","floor":56,"turns":5}],"seed_played":"9164252640061926927","potions_obtained":[{"floor":1.0,"key":"Energy Potion"},{"floor":4.0,"key":"SkillPotion"},{"floor":7.0,"key":"Explosive Potion"},{"floor":24.0,"key":"Explosive Potion"},{"floor":29.0,"key":"SmokeBomb"},{"floor":36.0,"key":"BlessingOfTheForge"},{"floor":40,"key":"Regen Potion"},{"floor":48,"key":"Dexterity Potion"}],"is_trial":false,"path_per_floor":["M","M","?","M","?","E","M","R","T","R","E","M","E","M","R","B",null,"M","$","?","M","?","R","E","R","T","?","E","M","E","M","R","B",null,"M","M","M","T","M","E","$","E","T","?","M","$","M","E","R","B","B",null,"R","$","E","B",null],"character_chosen":"WATCHER","items_purchased":["Orrery","OrangePellets","DistilledChaos","StancePotion"],"campfire_rested":2,"item_purchase_floors":[19,41,46,54],"current_hp_per_floor":[61,51,40,40,40,16,6,41,41,41,41,32,28,28,28,28,58,55,55,55,53,53,53,31,31,31,12,14,16,16,18,56,58,75,70,72,68,68,70,72,72,65,65,65,67,67,69,71,71,71,71,88,88,88,90,95],"gold":43,"neow_bonus":"BOSS_RELIC","is_daily":false,"chose_seed":false,"campfire_upgraded":5,"win_rate":0.0,"timestamp":1611123750,"path_taken":["M","M","?","M","?","E","M","R","T","R","E","M","E","M","R","BOSS","M","$","?","M","?","R","E","R","T","?","E","M","E","M","R","BOSS","M","M","?","?","?","E","$","E","T","?","M","?","M","E","R","BOSS","BOSS","R","$","E","BOSS"],"items_purchased_type":["Relic","Relic","Potion","Potion"],"build_version":"2020-12-22","purchased_purges":4,"victory":true,"max_hp_per_floor":[68,68,68,68,68,68,68,68,68,68,68,68,68,68,68,68,68,68,68,68,68,68,68,68,68,68,73,75,77,77,79,79,81,81,83,85,87,87,89,91,91,93,93,88,90,90,92,94,94,94,94,94,94,94,96,96],"relic_stats":{"OrangePellets":[14],"Regal Pillow":30,"Singing Bowl":28,"counters":[31,81],"Sundial":[220],"Yang":[507],"Juzu Bracelet":0,"Whetstone":["Strike_P","Weave"],"War Paint":["Vigilance","Sanctity"],"obtain_stats":[{"Potion Belt":38,"Regal Pillow":6,"Singing Bowl":26,"Yang":11,"Thread and Needle":24,"Juzu Bracelet":43,"Whetstone":48,"War Paint":55,"Empty Cage":0,"Ancient Tea Set":40,"Akabeko":3,"OrangePellets":41,"Bottled Flame":38,"Matryoshka":28,"Sundial":42,"Orrery":19,"Philosopher\u0027s Stone":17,"PureWater":0,"StrikeDummy":9,"InkBottle":13,"Runic Pyramid":34},{"Potion Belt":21,"Regal Pillow":4,"Singing Bowl":13,"Yang":6,"Thread and Needle":13,"Juzu Bracelet":24,"Whetstone":27,"War Paint":30,"Empty Cage":0,"Ancient Tea Set":23,"Akabeko":2,"OrangePellets":23,"Bottled Flame":21,"Matryoshka":14,"Sundial":24,"Orrery":11,"Philosopher\u0027s Stone":10,"PureWater":0,"StrikeDummy":5,"InkBottle":8,"Runic Pyramid":18},{"Potion Belt":59,"Regal Pillow":13,"Singing Bowl":39,"Yang":19,"Thread and Needle":39,"Juzu Bracelet":66,"Whetstone":72,"War Paint":76,"Empty Cage":0,"Ancient Tea Set":63,"Akabeko":5,"OrangePellets":63,"Bottled Flame":59,"Matryoshka":41,"Sundial":66,"Orrery":32,"Philosopher\u0027s Stone":30,"PureWater":0,"StrikeDummy":16,"InkBottle":26,"Runic Pyramid":49}],"InkBottle":[63]},"card_choices":[{"not_picked":["FlurryOfBlows","SashWhip"],"picked":"CutThroughFate","floor":1.0},{"not_picked":["JustLucky","Evaluate","ThirdEye"],"picked":"SKIP","floor":2.0},{"not_picked":["ClearTheMind","BattleHymn","Protect"],"picked":"SKIP","floor":4.0},{"not_picked":["ClearTheMind","BattleHymn","Protect"],"picked":"SKIP","floor":4.0},{"not_picked":["Devotion","Nirvana"],"picked":"Conclude","floor":6.0},{"not_picked":["SashWhip","PathToVictory"],"picked":"Weave","floor":7.0},{"not_picked":["EmptyBody","CarveReality"],"picked":"InnerPeace","floor":11.0},{"not_picked":["Nirvana","SandsOfTime","Protect"],"picked":"SKIP","floor":12.0},{"not_picked":["FollowUp","ClearTheMind"],"picked":"Sanctity","floor":13.0},{"not_picked":["MentalFortress","Meditate","WindmillStrike"],"picked":"SKIP","floor":14.0},{"not_picked":["BowlingBash","WindmillStrike","Consecrate"],"picked":"SKIP","floor":18.0},{"not_picked":["FlurryOfBlows","ClearTheMind"],"picked":"Adaptation","floor":19.0},{"not_picked":["CrushJoints+1","Prostrate","Sanctity"],"picked":"SKIP","floor":21.0},{"not_picked":["Omniscience","Sanctity+1","CarveReality"],"picked":"SKIP","floor":24.0},{"not_picked":["BowlingBash","SashWhip","Omniscience"],"picked":"Singing Bowl","floor":28.0},{"not_picked":["Meditate","Conclude","FlurryOfBlows"],"picked":"Singing Bowl","floor":29.0},{"not_picked":["InnerPeace","EmptyBody","FollowUp+1"],"picked":"Singing Bowl","floor":31.0},{"not_picked":["Blasphemy","LessonLearned","Establishment"],"picked":"Singing Bowl","floor":33.0},{"not_picked":["EmptyBody+1","SashWhip","Halt"],"picked":"Singing Bowl","floor":35.0},{"not_picked":["CarveReality","JustLucky+1","Vengeance"],"picked":"Singing Bowl","floor":36.0},{"not_picked":["BattleHymn","BowlingBash","EmptyFist"],"picked":"Singing Bowl","floor":37.0},{"not_picked":["ClearTheMind","Swivel+1","FollowUp"],"picked":"Singing Bowl","floor":39},{"not_picked":["Evaluate","FollowUp","Conclude"],"picked":"Singing Bowl","floor":40},{"not_picked":["JustLucky","MasterReality","Pray"],"picked":"Singing Bowl","floor":42},{"not_picked":["EmptyFist","Crescendo+1","Adaptation"],"picked":"Singing Bowl","floor":45},{"not_picked":["Meditate","ClearTheMind","EmptyBody"],"picked":"Singing Bowl","floor":47},{"not_picked":["CutThroughFate+1","BowlingBash","ForeignInfluence+1"],"picked":"Singing Bowl","floor":48},{"not_picked":["LessonLearned","CutThroughFate","EmptyBody"],"picked":"Singing Bowl","floor":55}],"player_experience":4607709,"relics_obtained":[{"floor":6.0,"key":"Regal Pillow"},{"floor":9.0,"key":"StrikeDummy"},{"floor":11.0,"key":"Yang"},{"floor":13.0,"key":"InkBottle"},{"floor":24.0,"key":"Thread and Needle"},{"floor":26.0,"key":"Singing Bowl"},{"floor":28.0,"key":"Matryoshka"},{"floor":38,"key":"Potion Belt"},{"floor":38,"key":"Bottled Flame"},{"floor":40,"key":"Ancient Tea Set"},{"floor":42,"key":"Sundial"},{"floor":43,"key":"Juzu Bracelet"},{"floor":48,"key":"Whetstone"},{"floor":55,"key":"War Paint"}],"event_choices":[{"damage_healed":0.0,"max_hp_gain":0.0,"max_hp_loss":0.0,"gold_gain":0.0,"event_name":"Scrap Ooze","player_choice":"Success","floor":3.0,"gold_loss":0.0,"damage_taken":11.0,"relics_obtained":["Akabeko"]},{"cards_removed":["Defend_P"],"damage_healed":0.0,"max_hp_gain":0.0,"max_hp_loss":0.0,"gold_gain":0.0,"event_name":"Living Wall","player_choice":"Forget","floor":5.0,"gold_loss":0.0,"damage_taken":0.0},{"cards_removed":["Strike_P"],"damage_healed":0.0,"max_hp_gain":0.0,"max_hp_loss":0.0,"gold_gain":0.0,"event_name":"Back to Basics","player_choice":"Elegance","floor":20.0,"gold_loss":0.0,"damage_taken":0.0},{"damage_healed":0.0,"max_hp_gain":0.0,"max_hp_loss":0.0,"gold_gain":0.0,"event_name":"Duplicator","player_choice":"Copied","floor":22.0,"gold_loss":0.0,"damage_taken":0.0,"cards_obtained":["Adaptation"]},{"damage_healed":0.0,"max_hp_gain":5.0,"max_hp_loss":0.0,"gold_gain":0.0,"event_name":"Forgotten Altar","player_choice":"Shed Blood","floor":27.0,"gold_loss":0.0,"damage_taken":24.0},{"damage_healed":0,"gold_gain":0,"player_choice":"Max HP","damage_taken":0,"max_hp_gain":0,"max_hp_loss":5,"event_name":"Winding Halls","floor":44,"gold_loss":0}],"is_beta":false,"boss_relics":[{"not_picked":["Tiny House","Astrolabe"],"picked":"Philosopher\u0027s Stone"},{"not_picked":["SacredBark","Busted Crown"],"picked":"Runic Pyramid"}],"items_purged_floors":[19,41,46,54],"is_endless":false,"potions_floor_spawned":[1,4,7,12,14,18,24,29,30,36,40,47,48],"ascension_level":20}}