{"host":"dftyqn972q7tuon4","time":1611104357,"event":{"mods":["AchievementEnabler","BaseMod","Better Altar","Better Match","Better Note","Better Sensory Stone","Better Skull","Better Third Choice","Colored Powertips","Highlight Path","Minty Spire (QoL Compilation)","Permanent Neow","Quick Restart","StSLib"],"gold_per_floor":[115,115,126,140,157,182,182,207,207,62,62,137,153,168,168,269,269,279,279,289,289,204,204,231,231,231,231,231],"floor_reached":27,"language":"ENG","playtime":923,"items_purged":["Defend_B"],"score":469,"play_id":"2f0000be-b7e2-4aaa-bffd-488f634907f2","local_time":"20210120015917","is_ascension_mode":true,"campfire_choices":[{"data":"Electrodynamics","floor":7.0,"key":"SMITH"},{"floor":15.0,"key":"REST"},{"floor":23,"key":"REST"},{"floor":25,"key":"REST"}],"circlet_count":0,"master_deck":["AscendersBane","Strike_B","Strike_B","Strike_B","Zap","Dualcast","Sunder+1","Storm","Glacier","Leap","Electrodynamics+1","Reinforced Body","Glacier","Apotheosis+1","Aggregate","Capacitor","Amplify","Tempest+1","Loop+1","Blizzard+1","Force Field","Echo Form","Turbo","Turbo+1"],"relics":["Cracked Core","Bottled Tornado","Kunai","StrikeDummy","Molten Egg 2","Astrolabe","Bag of Marbles","Prayer Wheel","Pantograph"],"acts_visited":["Exordium","TheCity"],"potions_floor_usage":[21],"damage_taken":[{"damage":6.0,"enemies":"Jaw Worm","floor":1.0,"turns":5.0},{"damage":0.0,"enemies":"Cultist","floor":3.0,"turns":2.0},{"damage":0.0,"enemies":"Small Slimes","floor":4.0,"turns":1.0},{"damage":15.0,"enemies":"Blue Slaver","floor":5.0,"turns":3.0},{"damage":19.0,"enemies":"3 Sentries","floor":6.0,"turns":10.0},{"damage":22.0,"enemies":"Lagavulin","floor":8.0,"turns":8.0},{"damage":14.0,"enemies":"Red Slaver","floor":13.0,"turns":3.0},{"damage":0.0,"enemies":"Large Slime","floor":14.0,"turns":5.0},{"damage":0.0,"enemies":"Slime Boss","floor":16.0,"turns":5.0},{"damage":22.0,"enemies":"2 Thieves","floor":18.0,"turns":2.0},{"damage":11.0,"enemies":"3 Byrds","floor":20.0,"turns":2.0},{"damage":0,"enemies":"Snake Plant","floor":21,"turns":1},{"damage":22,"enemies":"Slavers","floor":24,"turns":4},{"damage":41,"enemies":"Book of Stabbing","floor":27,"turns":4}],"seed_played":"-5788484730295572303","potions_obtained":[{"floor":1.0,"key":"SmokeBomb"},{"floor":6.0,"key":"FairyPotion"},{"floor":13.0,"key":"ColorlessPotion"},{"floor":16.0,"key":"Explosive Potion"}],"is_trial":false,"path_per_floor":["M","?","M","M","M","E","R","E","T","$","?","T","M","M","R","B",null,"M","?","M","M","?","R","E","R","T","E"],"character_chosen":"DEFECT","items_purchased":["Glacier"],"campfire_rested":3,"item_purchase_floors":[10],"current_hp_per_floor":[62,62,62,62,47,28,28,6,6,6,6,6,22,22,44,44,67,45,30,19,19,19,41,19,41,41,0,0],"gold":231,"neow_bonus":"REMOVE_CARD","is_daily":false,"chose_seed":false,"campfire_upgraded":1,"win_rate":0.0,"timestamp":1611104357,"path_taken":["M","?","?","?","M","E","R","E","T","?","?","?","?","M","R","BOSS","M","?","M","M","?","R","E","R","T","E"],"items_purchased_type":["Card"],"build_version":"2020-12-22","purchased_purges":1,"victory":false,"max_hp_per_floor":[75,75,75,75,75,75,75,75,75,75,75,75,75,75,75,75,75,75,75,75,75,75,75,75,75,75,75,75],"card_choices":[{"not_picked":["Steam","Compile Driver"],"picked":"Sunder","floor":1.0},{"not_picked":["Heatsinks","Scrape"],"picked":"Storm","floor":3.0},{"not_picked":["Coolheaded","Conserve Battery"],"picked":"Glacier","floor":4.0},{"not_picked":["Coolheaded","Sunder"],"picked":"Leap","floor":5.0},{"not_picked":["Tempest","Lockon"],"picked":"Electrodynamics","floor":6.0},{"not_picked":["Hologram","Recycle"],"picked":"Reinforced Body","floor":8.0},{"not_picked":["Static Discharge","Steam"],"picked":"Aggregate","floor":13.0},{"not_picked":["Streamline+1","Redo"],"picked":"Capacitor","floor":14.0},{"not_picked":["Biased Cognition","Seek"],"picked":"Amplify","floor":16.0},{"not_picked":["Coolheaded","Conserve Battery"],"picked":"Force Field","floor":18.0},{"not_picked":["Hello World","Recycle"],"picked":"Turbo","floor":20.0},{"not_picked":["Compile Driver+1","Hologram"],"picked":"Turbo+1","floor":24}],"player_experience":717357,"relics_obtained":[{"floor":6.0,"key":"Bottled Tornado"},{"floor":8.0,"key":"Kunai"},{"floor":9.0,"key":"StrikeDummy"},{"floor":12.0,"key":"Molten Egg 2"},{"floor":24,"key":"Prayer Wheel"},{"floor":26,"key":"Pantograph"}],"event_choices":[{"damage_healed":0.0,"max_hp_gain":0.0,"max_hp_loss":0.0,"gold_gain":0.0,"event_name":"Upgrade Shrine","player_choice":"Upgraded","floor":2.0,"gold_loss":0.0,"damage_taken":0.0,"cards_upgraded":["Sunder"]},{"damage_healed":6.0,"max_hp_gain":0.0,"max_hp_loss":75.0,"gold_gain":0.0,"event_name":"betterThird:BetterShining","player_choice":"Embrace","floor":11.0,"gold_loss":0.0,"damage_taken":0.0},{"damage_healed":0.0,"max_hp_gain":0.0,"max_hp_loss":15.0,"gold_gain":2.0,"event_name":"betterStone:BetterStone","player_choice":"2","floor":19.0,"gold_loss":0.0,"damage_taken":0.0},{"damage_healed":0,"gold_gain":0,"player_choice":"Obtained Relic","damage_taken":0,"relics_obtained":["Bag of Marbles"],"max_hp_gain":0,"max_hp_loss":0,"event_name":"Addict","floor":22,"gold_loss":85}],"is_beta":false,"boss_relics":[{"not_picked":["Tiny House","SlaversCollar"],"picked":"Astrolabe"}],"items_purged_floors":[10],"is_endless":false,"potions_floor_spawned":[1,6,13,16,21],"killed_by":"Book of Stabbing","ascension_level":12}}