{"host":"d61fcf2p3sjwe6yo","time":1611177144,"event":{"mods":["AchievementEnabler","BaseMod","Colored Map","Downfall","Minty Spire (QoL Compilation)","StSLib","SuperFastMode"],"gold_per_floor":[99,119,139,239,259,159,159,159,159,184,84,98,8,39,51,146,146,146,163,163,163,48,48,48,62,95,95,125,275,288,304,315,412,412,312,329,344,48,98,144,144,157,157,231,231,242,270,270,284,284,284,316,159,159,159,159],"floor_reached":57,"language":"ENG","playtime":4316,"items_purged":["champ:Strike","downfall:Bewildered","champ:Defend","champ:Defend"],"score":1897,"play_id":"992a6ef3-c178-405f-abf7-7f763ff02dc1","local_time":"20210121001224","is_ascension_mode":true,"campfire_choices":[{"floor":1,"key":"RECALL"},{"data":"champ:Taunt","floor":6,"key":"SMITH"},{"data":"champ:StanceDance","floor":8,"key":"SMITH"},{"data":"champ:EnGarde","floor":11,"key":"SMITH"},{"data":"champ:HoldFirm","floor":18,"key":"SMITH"},{"data":"champ:PreciseThrust","floor":23,"key":"SMITH"},{"data":"champ:StrikeOfGenius","floor":35,"key":"SMITH"},{"data":"champ:ShieldWall","floor":43,"key":"SMITH"},{"data":"champ:Defend","floor":45,"key":"PURGE"},{"data":"champ:CalledShot","floor":54,"key":"SMITH"}],"circlet_count":0,"master_deck":["AscendersBane","champ:Strike+1","champ:Strike+1","champ:Execute","champ:Taunt+1","champ:PreciseThrust+1","champ:FlashCut","champ:StanceDance+1","champ:EnGarde+1","champ:BringItOn","champ:CalledShot+1","champ:HoldFirm+1","champ:PreciseThrust+1","champ:SteelEdge+1","champ:Lariat+1","champ:FlashCut+1","champ:ShieldWall+1","champ:Duel+1","champ:StrikeOfGenius+1","champ:Circumvent+1","champ:ArenaPreparation+1","champ:Improvising","champ:Improvising"],"relics":["champ:ChampionCrown","CloakClasp","downfall:HeartBlessingRed","Molten Egg 2","Whetstone","downfall:HeartBlessingGreen","Turnip","Coffee Dripper","sneckomod:BabySnecko","Art of War","sneckomod:SneckoTalon","downfall:HeartBlessingBlue","Vajra","Calipers","champ:DefensiveTrainingManual","Peace Pipe","Letter Opener","Ancient Tea Set","HornCleat","DollysMirror"],"acts_visited":["Exordium","TheCity","TheBeyond","TheEnding"],"potions_floor_usage":[4,10,14,16,38,56],"damage_taken":[{"damage":10,"enemies":"Cultist","floor":2,"turns":5},{"damage":10,"enemies":"Small Slimes","floor":3,"turns":4},{"damage":57,"enemies":"Small Slimes","floor":4,"turns":10},{"damage":10,"enemies":"2 Louse","floor":5,"turns":2},{"damage":38,"enemies":"Lagavulin","floor":10,"turns":7},{"damage":19,"enemies":"2 Fungi Beasts","floor":12,"turns":4},{"damage":20,"enemies":"downfall:FleeingMerchant","floor":13,"turns":4},{"damage":30,"enemies":"3 Sentries","floor":14,"turns":6},{"damage":10,"enemies":"3 Louse","floor":15,"turns":2},{"damage":35,"enemies":"WA_ARCHETYPE_RETAIN","floor":16,"turns":9},{"damage":10,"enemies":"Spheric Guardian","floor":19,"turns":2},{"damage":15,"enemies":"downfall:FleeingMerchant","floor":22,"turns":4},{"damage":10,"enemies":"3 Byrds","floor":25,"turns":5},{"damage":19,"enemies":"Book of Stabbing","floor":26,"turns":5},{"damage":49,"enemies":"Gremlin Leader","floor":28,"turns":9},{"damage":25,"enemies":"Centurion and Healer","floor":30,"turns":4},{"damage":10,"enemies":"Chosen and Byrds","floor":31,"turns":4},{"damage":10,"enemies":"3 Cultists","floor":32,"turns":4},{"damage":30,"enemies":"IC_MUSHROOM_ARCHETYPE","floor":33,"turns":10},{"damage":0,"enemies":"Orb Walker","floor":36,"turns":3},{"damage":0,"enemies":"3 Shapes","floor":37,"turns":3},{"damage":15,"enemies":"downfall:FleeingMerchant","floor":38,"turns":4},{"damage":19,"enemies":"downfall:FleeingMerchant","floor":39,"turns":5},{"damage":30,"enemies":"downfall:FleeingMerchant","floor":40,"turns":4},{"damage":10,"enemies":"Sphere and 2 Shapes","floor":42,"turns":4},{"damage":10,"enemies":"3 Darklings","floor":46,"turns":4},{"damage":30,"enemies":"Reptomancer","floor":47,"turns":5},{"damage":30,"enemies":"Transient","floor":49,"turns":5},{"damage":66,"enemies":"DF_ARCHETYPE_ORBS","floor":50,"turns":12},{"damage":77,"enemies":"downfall:CharBossMerchant","floor":52,"turns":10},{"damage":75,"enemies":"downfall:NeowBoss","floor":55,"turns":14},{"damage":50,"enemies":"downfall:NeowBossFinal","floor":56,"turns":12}],"seed_played":"-1790158240859029418","potions_obtained":[{"floor":2,"key":"BlessingOfTheForge"},{"floor":4,"key":"SteroidPotion"},{"floor":10,"key":"Fire Potion"},{"floor":14,"key":"Guardian:BlockOnCardUsePotion"},{"floor":16,"key":"FearPotion"},{"floor":19,"key":"SpeedPotion"},{"floor":26,"key":"champ:OpenerPotion"},{"floor":28,"key":"Fire Potion"},{"floor":30,"key":"DuplicationPotion"},{"floor":33,"key":"Regen Potion"},{"floor":42,"key":"Fire Potion"}],"is_trial":false,"path_per_floor":["R","M","M","?","M","R","T","R","?","E","R","M","$","E","M","B",null,"R","M","?","?","$","R","T","M","E","?","E","?","M","M","M","B",null,"R","M","M","$","?","?","T","M","R","T","R","M","E","$","M","B",null,"E","$","R","B","B",null],"character_chosen":"THE_CHAMP","items_purchased":["Vajra","champ:DefensiveTrainingManual","DollysMirror"],"campfire_rested":0,"item_purchase_floors":[38,40,53],"current_hp_per_floor":[90,90,90,68,68,68,68,68,68,45,45,31,31,31,31,26,81,81,81,81,81,81,81,81,81,77,77,53,53,53,53,53,53,88,98,98,98,109,105,105,105,105,105,105,105,105,105,105,105,94,105,88,88,88,88,83],"gold":159,"neow_bonus":"TEN_PERCENT_HP_BONUS","is_daily":false,"chose_seed":false,"campfire_upgraded":8,"win_rate":0.0,"timestamp":1611177144,"path_taken":["R","M","M","?","M","R","T","R","?","E","R","M","$","E","M","BOSS","R","M","?","?","$","R","T","M","E","?","E","?","M","M","M","BOSS","R","M","?","$","?","?","T","M","R","?","R","M","E","?","M","BOSS","E","$","R","BOSS","BOSS"],"items_purchased_type":["Relic","Relic","Relic"],"build_version":"2020-12-22","purchased_purges":4,"victory":true,"max_hp_per_floor":[99,99,99,99,99,99,99,99,99,99,99,99,99,99,99,99,99,99,99,99,99,99,99,99,99,99,99,99,99,99,99,99,99,99,109,109,109,109,109,109,109,109,109,109,109,109,109,109,109,109,109,109,109,109,109,109],"card_choices":[{"not_picked":["champ:ViciousMockery","champ:BerserkersShout","champ:ShieldSigil"],"picked":"SKIP","floor":2},{"not_picked":["champ:FalseCounter","champ:Backstep"],"picked":"champ:PreciseThrust","floor":3},{"not_picked":["champ:CrownThrow","champ:Circumvent"],"picked":"champ:FlashCut","floor":4},{"not_picked":["champ:EndlessRage","champ:CrownThrow"],"picked":"champ:StanceDance","floor":5},{"not_picked":["champ:BerserkerStyle","champ:BladeFlurry+1"],"picked":"champ:EnGarde","floor":10},{"not_picked":["champ:ShieldSigil","champ:RisingSlash+1"],"picked":"champ:BringItOn","floor":12},{"not_picked":["champ:BringItOn","champ:FanOfKnives+1"],"picked":"champ:CalledShot","floor":13},{"not_picked":["champ:Parry","champ:BerserkerStyle"],"picked":"champ:HoldFirm","floor":14},{"not_picked":["champ:Shatter+1","champ:EnragedBash+1"],"picked":"champ:PreciseThrust+1","floor":15},{"not_picked":["champ:HoldFirm","champ:TripleStrike+1"],"picked":"champ:SteelEdge+1","floor":16},{"not_picked":["champ:PreciseThrust+1","champ:BringItOn","champ:SwordSigil"],"picked":"SKIP","floor":19},{"not_picked":["champ:CrownThrow+1","champ:TornadoPunch+1","champ:RecklessLeap+1"],"picked":"SKIP","floor":22},{"not_picked":["champ:HeartStrike+1","champ:CrookedStrike+1","champ:TornadoPunch+1"],"picked":"SKIP","floor":25},{"not_picked":["champ:SetATrap","champ:ArenaPreparation"],"picked":"champ:Lariat+1","floor":26},{"not_picked":["champ:TripleStrike+1","champ:RageSigil"],"picked":"champ:FlashCut+1","floor":28},{"not_picked":["champ:EnGarde","champ:DeathBlow+1","champ:StanceDance"],"picked":"SKIP","floor":30},{"not_picked":["champ:ArenaPreparation","champ:GutPunch+1"],"picked":"champ:ShieldWall","floor":31},{"not_picked":["champ:SwordSigil","champ:Devastate+1"],"picked":"champ:Duel+1","floor":32},{"not_picked":["champ:TripleStrike+1","champ:Devastate+1"],"picked":"champ:StrikeOfGenius","floor":33},{"not_picked":["champ:FlashCut+1","champ:FanOfKnives+1"],"picked":"champ:Circumvent+1","floor":36},{"not_picked":["champ:AdrenalArmor","champ:BringItOn","champ:BerserkersShout"],"picked":"SKIP","floor":37},{"not_picked":["champ:FocusedBerserking+1","champ:ShieldSigil+1","champ:CrownThrow+1"],"picked":"SKIP","floor":38},{"not_picked":["champ:HeavySlash+1","champ:PerfectedStrike+1","champ:RageSigil"],"picked":"SKIP","floor":40},{"not_picked":["champ:AdrenalArmor+1","champ:SwordSigil","champ:BringItOn+1"],"picked":"SKIP","floor":42},{"not_picked":["champ:RisingSlash+1","champ:IgnorePain"],"picked":"champ:ArenaPreparation+1","floor":46},{"not_picked":["champ:PerfectedStrike+1","champ:GutPunch+1","champ:DeathBlow+1"],"picked":"SKIP","floor":47},{"not_picked":["champ:FaceSlap+1","champ:AdrenalArmor","champ:GutPunch+1"],"picked":"SKIP","floor":49},{"not_picked":["champ:SkillfulDodge+1","champ:DefensiveStyle+1"],"picked":"champ:Improvising","floor":52}],"player_experience":633056,"relics_obtained":[{"floor":4,"key":"CloakClasp"},{"floor":7,"key":"Molten Egg 2"},{"floor":10,"key":"Whetstone"},{"floor":14,"key":"Turnip"},{"floor":26,"key":"Art of War"},{"floor":28,"key":"Dream Catcher"},{"floor":39,"key":"Calipers"},{"floor":41,"key":"Peace Pipe"},{"floor":44,"key":"Letter Opener"},{"floor":47,"key":"Ancient Tea Set"},{"floor":52,"key":"HornCleat"}],"event_choices":[{"cards_removed":["champ:Strike"],"damage_healed":0,"gold_gain":0,"player_choice":"Offered Basic","damage_taken":0,"max_hp_gain":0,"max_hp_loss":0,"event_name":"Bonfire Elementals","floor":9,"gold_loss":0}],"is_beta":false,"boss_relics":[{"not_picked":["SlaversCollar","Busted Crown"],"picked":"Coffee Dripper"},{"not_picked":["champ:PowerArmor","Calling Bell"],"picked":"sneckomod:SneckoTalon"}],"items_purged_floors":[13,22,38,40],"is_endless":false,"potions_floor_spawned":[2,4,10,14,16,19,26,28,30,33,36,37,42,47,52],"ascension_level":11}}