{"host":"0o4jkshs65tojivq","time":1611131008,"event":{"mods":["BaseMod","Downfall","Minty Spire (QoL Compilation)","Quick Restart","Slay the Relics Exporter","StSLib"],"gold_per_floor":[99,99,99,110,125,135,162,175,195,95,127,127,5,15,30,135,135,35,55,55,66,76,176,203,203,217,234,66,66,66,82,95,196,196,196,1,14,80,93,124,124,124,142,142,142,42,57,57,71,71,71,71],"floor_reached":50,"language":"ENG","playtime":10136,"items_purged":["champ:Defend","champ:Defend"],"score":703,"play_id":"a38cf652-7cd8-4277-b05a-81db1b8632ec","local_time":"20210120002328","is_ascension_mode":false,"campfire_choices":[{"floor":1.0,"key":"RECALL"},{"floor":10.0,"key":"REST"},{"data":"champ:UltimateStance","floor":18.0,"key":"SMITH"},{"data":"champ:RapidStrikes","floor":30.0,"key":"SMITH"},{"data":"champ:BerserkersShout","floor":35.0,"key":"SMITH"},{"data":"champ:RapidStrikes","floor":44.0,"key":"SMITH"},{"data":"champ:RapidStrikes","floor":46.0,"key":"SMITH"}],"circlet_count":0,"master_deck":["champ:Defend","champ:Execute","champ:Taunt","champ:CheapShot","champ:Execute","champ:FanOfKnives+1","champ:BerserkersShout+1","champ:ShieldSlam","champ:BerserkersShout","champ:CrookedStrike","champ:ShieldThrow","champ:EnragedBash","champ:DefensiveShout","champ:CrookedStrike","champ:ArenaPreparation","champ:UltimateStance+1","champ:Backstep+1","champ:RapidStrikes+1","champ:EnGarde","champ:AdrenalArmor+1","champ:RapidStrikes+1","Bite","Bite","Bite","Bite","Bite","champ:RapidStrikes","champ:CheapShot","champ:HoldFirm","champ:RapidStrikes+1","champ:RisingSlash","champ:BerserkersShout+1","champ:PreemptiveStrike","Parasite","champ:Endure+1"],"relics":["champ:ChampionCrown","Oddly Smooth Stone","downfall:HeartBlessingRed","Juzu Bracelet","HornCleat","SlaversCollar","downfall:HeartBlessingGreen","champ:FightingForDummies","Whetstone","Busted Crown","Pantograph","Toxic Egg 2","downfall:HeartBlessingBlue"],"acts_visited":["Exordium","TheCity","TheBeyond"],"potions_floor_usage":[],"damage_taken":[{"damage":27.0,"enemies":"Cultist","floor":4.0,"turns":5.0},{"damage":10.0,"enemies":"Small Slimes","floor":5.0,"turns":3.0},{"damage":46.0,"enemies":"Jaw Worm","floor":6.0,"turns":5.0},{"damage":38.0,"enemies":"2 Fungi Beasts","floor":8.0,"turns":3.0},{"damage":29.0,"enemies":"Exordium Thugs","floor":9.0,"turns":6.0},{"damage":52.0,"enemies":"3 Sentries","floor":11.0,"turns":6.0},{"damage":45.0,"enemies":"downfall:FleeingMerchant","floor":13.0,"turns":5.0},{"damage":35.0,"enemies":"3 Louse","floor":14.0,"turns":3.0},{"damage":5.0,"enemies":"Gremlin Gang","floor":15.0,"turns":2.0},{"damage":50.0,"enemies":"SI_SHIV_ARCHETYPE","floor":16.0,"turns":5.0},{"damage":64.0,"enemies":"Shell Parasite","floor":19.0,"turns":7.0},{"damage":40.0,"enemies":"Chosen","floor":21.0,"turns":6.0},{"damage":35.0,"enemies":"Snecko","floor":22.0,"turns":5.0},{"damage":28.0,"enemies":"Snake Plant","floor":26.0,"turns":4.0},{"damage":25.0,"enemies":"3 Cultists","floor":27.0,"turns":4.0},{"damage":40.0,"enemies":"downfall:FleeingMerchant","floor":28.0,"turns":4.0},{"damage":67.0,"enemies":"Shelled Parasite and Fungi","floor":31.0,"turns":6.0},{"damage":28.0,"enemies":"Snake Plant","floor":32.0,"turns":3.0},{"damage":85.0,"enemies":"WA_ARCHETYPE_CALM","floor":33.0,"turns":10.0},{"damage":75.0,"enemies":"downfall:FleeingMerchant","floor":36.0,"turns":5.0},{"damage":10.0,"enemies":"Orb Walker","floor":37.0,"turns":3.0},{"damage":0.0,"enemies":"downfall:FleeingMerchant","floor":38.0,"turns":1.0},{"damage":87.0,"enemies":"3 Darklings","floor":39.0,"turns":10.0},{"damage":120.0,"enemies":"Giant Head","floor":40.0,"turns":8.0},{"damage":28.0,"enemies":"Sphere and 2 Shapes","floor":43.0,"turns":4.0},{"damage":76.0,"enemies":"Writhing Mass","floor":47.0,"turns":8.0},{"damage":45.0,"enemies":"4 Shapes","floor":49.0,"turns":5.0},{"damage":97,"enemies":"DF_ARCHETYPE_ORBS","floor":50,"turns":5}],"seed_played":"1804558257218399019","potions_obtained":[{"floor":5.0,"key":"champ:CounterPotion"},{"floor":6.0,"key":"hexamod:SoulburnPotion"},{"floor":9.0,"key":"bronze:BurnAndBuffPotion"},{"floor":14.0,"key":"SkillPotion"},{"floor":22.0,"key":"Energy Potion"},{"floor":26.0,"key":"CultistPotion"},{"floor":27.0,"key":"SneckoOil"},{"floor":31.0,"key":"Ancient Potion"},{"floor":40.0,"key":"Fruit Juice"},{"floor":47.0,"key":"FearPotion"},{"floor":49.0,"key":"LiquidBronze"}],"is_trial":false,"path_per_floor":["R","?","?","M","M","M","T","M","M","R","E","?","$","M","M","B",null,"R","M","?","M","M","?","T","?","M","M","$","?","R","M","M","B",null,"R","$","M","?","M","E","T","?","M","R","?","R","M","$","M","B"],"character_chosen":"THE_CHAMP","items_purchased":["champ:EnragedBash","champ:DefensiveShout","champ:RapidStrikes","champ:RapidStrikes","champ:RisingSlash","Pantograph"],"campfire_rested":1,"item_purchase_floors":[13,13,28,36,38,38],"current_hp_per_floor":[90,95,95,88,88,77,77,64,50,78,51,48,48,48,48,48,95,95,76,76,61,46,46,46,46,43,43,43,43,43,50,49,55,66,66,66,66,66,64,66,66,66,62,62,62,72,76,76,75,0,0,0],"gold":71,"neow_bonus":"ONE_RANDOM_RARE_CARD","is_daily":false,"chose_seed":false,"campfire_upgraded":5,"win_rate":0.0,"timestamp":1611131008,"path_taken":["R","?","?","M","?","M","T","M","M","R","E","?","$","M","M","BOSS","R","M","?","M","M","?","T","?","M","M","$","?","R","M","M","BOSS","R","$","M","?","M","E","T","?","M","R","?","R","M","$","M","BOSS"],"items_purchased_type":["Card","Card","Card","Card","Card","Relic"],"build_version":"2020-12-22","purchased_purges":2,"victory":false,"max_hp_per_floor":[90,95,95,95,95,95,95,95,95,95,95,95,95,95,95,95,95,95,95,95,95,95,95,95,95,95,95,95,66,66,66,66,66,66,66,66,66,66,66,66,66,66,66,66,66,76,81,81,81,81,81,81],"card_choices":[{"not_picked":["champ:EnGarde","champ:CalledShot"],"picked":"champ:FanOfKnives","floor":4.0},{"not_picked":["champ:SetATrap","champ:Circumvent"],"picked":"champ:BerserkersShout","floor":5.0},{"not_picked":["champ:Lariat","champ:CrownThrow"],"picked":"champ:ShieldSlam","floor":6.0},{"not_picked":["champ:FlashCut","champ:EndlessRage"],"picked":"champ:BerserkersShout","floor":8.0},{"not_picked":["champ:TornadoPunch","champ:FlashCut"],"picked":"champ:CrookedStrike","floor":9.0},{"not_picked":["champ:BringItOn","champ:GutPunch"],"picked":"champ:ShieldThrow","floor":11.0},{"not_picked":["champ:Haymaker","champ:GutPunch","champ:EndlessRage"],"picked":"SKIP","floor":13.0},{"not_picked":["champ:FanOfKnives","champ:FocusedBerserking"],"picked":"champ:CrookedStrike","floor":14.0},{"not_picked":["champ:StanceDance","champ:Haymaker"],"picked":"champ:ArenaPreparation","floor":15.0},{"not_picked":["champ:Devastate","champ:SwordThrow"],"picked":"champ:UltimateStance","floor":16.0},{"not_picked":["champ:FaceSlap","champ:BringItOn"],"picked":"champ:Backstep+1","floor":19.0},{"not_picked":["champ:FlashCut+1","champ:FancyFootwork"],"picked":"champ:RapidStrikes","floor":21.0},{"not_picked":["champ:DeathBlow+1","champ:FanOfKnives"],"picked":"champ:EnGarde","floor":22.0},{"not_picked":["champ:FlashCut","champ:BringItOn","champ:CrownThrow"],"picked":"SKIP","floor":26.0},{"not_picked":["champ:EnGarde","champ:FlashCut"],"picked":"champ:AdrenalArmor+1","floor":27.0},{"not_picked":["champ:CrownThrow+1","champ:GutPunch+1","champ:PreciseThrust"],"picked":"SKIP","floor":28.0},{"not_picked":["champ:FalseCounter","champ:PerfectedStrike"],"picked":"champ:RapidStrikes","floor":31.0},{"not_picked":["champ:Haymaker+1","champ:IronFortress"],"picked":"champ:CheapShot","floor":32.0},{"not_picked":["champ:HeavySlash","champ:VampiricStrike"],"picked":"champ:HoldFirm","floor":33.0},{"not_picked":["champ:Backstep+1"],"picked":"SKIP","floor":36.0},{"not_picked":["champ:Parry"],"picked":"SKIP","floor":37.0},{"not_picked":["champ:Shatter"],"picked":"SKIP","floor":38.0},{"not_picked":["champ:ShieldSlam"],"picked":"SKIP","floor":39.0},{"not_picked":[],"picked":"champ:BerserkersShout+1","floor":40.0},{"not_picked":["champ:TornadoPunch+1"],"picked":"SKIP","floor":43.0},{"not_picked":["champ:Haymaker"],"picked":"SKIP","floor":47.0},{"not_picked":[],"picked":"champ:Endure+1","floor":49.0}],"player_experience":1131481,"relics_obtained":[{"floor":7.0,"key":"Oddly Smooth Stone"},{"floor":11.0,"key":"Juzu Bracelet"},{"floor":24.0,"key":"Whetstone"},{"floor":40.0,"key":"Toxic Egg 2"},{"floor":41.0,"key":"Mercury Hourglass"}],"event_choices":[{"damage_healed":0.0,"max_hp_gain":5.0,"max_hp_loss":0.0,"gold_gain":0.0,"event_name":"Big Fish","player_choice":"Donut","floor":2.0,"gold_loss":0.0,"damage_taken":0.0},{"damage_healed":0.0,"max_hp_gain":0.0,"max_hp_loss":0.0,"gold_gain":0.0,"event_name":"Scrap Ooze","player_choice":"Success","floor":12.0,"gold_loss":0.0,"damage_taken":3.0,"relics_obtained":["HornCleat"]},{"damage_healed":0.0,"max_hp_gain":0.0,"max_hp_loss":29.0,"gold_gain":0.0,"event_name":"Vampires","player_choice":"Became a vampire","floor":29.0,"gold_loss":0.0,"damage_taken":0.0,"cards_obtained":["Bite","Bite","Bite","Bite","Bite"]}],"is_beta":false,"boss_relics":[{"not_picked":["champ:ChampionCrownUpgraded","Snecko Eye"],"picked":"SlaversCollar"},{"not_picked":["Velvet Choker","bronze:MakeshiftBattery"],"picked":"Busted Crown"}],"items_purged_floors":[28,36],"is_endless":false,"potions_floor_spawned":[5,6,9,14,22,26,27,31,40,47,49],"killed_by":"DF_ARCHETYPE_ORBS","ascension_level":0}}