{"host":"f5n4tidiz2n5sooh","time":1611149830,"event":{"mods":["BaseMod","Colored Map","Minty Spire (QoL Compilation)","Relic Stats","Slay the Relics Exporter","StSLib"],"gold_per_floor":[114,125,50,61,111,137,137,152,232,269,269,300,319,341,341,424,424,442,101,16,16,16,16,52,72,72,90,90,90,90],"floor_reached":29,"language":"ENG","playtime":1026,"items_purged":["Strike_G","Strike_G"],"score":526,"play_id":"4c6dbe1c-cdbb-4a35-9fb5-f3d922ecf2fd","local_time":"20210120073710","is_ascension_mode":true,"campfire_choices":[{"data":"Dagger Spray","floor":7,"key":"SMITH"},{"data":"Neutralize","floor":11,"key":"SMITH"},{"data":"Crippling Poison","floor":15,"key":"SMITH"},{"data":"Noxious Fumes","floor":23,"key":"SMITH"},{"floor":28,"key":"REST"}],"circlet_count":0,"master_deck":["AscendersBane","Strike_G+1","Strike_G+1","Strike_G+1","Defend_G+1","Defend_G+1","Defend_G+1","Defend_G+1","Defend_G+1","Survivor","Neutralize+1","Flying Knee","Dagger Spray+1","Adrenaline","Poisoned Stab","Night Terror","Crippling Poison+1","Deflect","Bullet Time","Noxious Fumes+1","Adrenaline"],"relics":["Philosopher\u0027s Stone","Lizard Tail","Gremlin Horn","CeramicFish","Lantern","Runic Pyramid","Happy Flower","Molten Egg 2","Letter Opener"],"acts_visited":["Exordium","TheCity"],"potions_floor_usage":[6,6,16,16,24,25,29],"damage_taken":[{"damage":3,"enemies":"Jaw Worm","floor":1,"turns":5},{"damage":0,"enemies":"Cultist","floor":2,"turns":4},{"damage":0,"enemies":"2 Louse","floor":4,"turns":2},{"damage":27,"enemies":"Gremlin Nob","floor":6,"turns":4},{"damage":2,"enemies":"Looter","floor":8,"turns":3},{"damage":24,"enemies":"3 Sentries","floor":10,"turns":9},{"damage":18,"enemies":"Lagavulin","floor":12,"turns":7},{"damage":0,"enemies":"2 Fungi Beasts","floor":13,"turns":2},{"damage":2,"enemies":"Red Slaver","floor":14,"turns":3},{"damage":14,"enemies":"The Guardian","floor":16,"turns":9},{"damage":19,"enemies":"3 Byrds","floor":18,"turns":3},{"damage":21,"enemies":"Gremlin Leader","floor":24,"turns":4},{"damage":6,"enemies":"2 Thieves","floor":25,"turns":4},{"damage":0,"enemies":"3 Cultists","floor":27,"turns":4},{"damage":30,"enemies":"Book of Stabbing","floor":29,"turns":5}],"seed_played":"-3696974060587086050","potions_obtained":[{"floor":2,"key":"CunningPotion"},{"floor":4,"key":"PowerPotion"},{"floor":12,"key":"Block Potion"},{"floor":14,"key":"Swift Potion"},{"floor":16,"key":"SteroidPotion"},{"floor":18,"key":"DuplicationPotion"},{"floor":25,"key":"Block Potion"}],"is_trial":false,"path_per_floor":["M","M","$","M","?","E","R","M","T","E","R","E","M","M","R","B",null,"M","$","?","?","$","R","E","M","T","M","R","E"],"character_chosen":"THE_SILENT","items_purchased":["Happy Flower","Noxious Fumes"],"campfire_rested":1,"item_purchase_floors":[19,19],"current_hp_per_floor":[56,56,56,56,56,29,29,27,27,3,3,22,22,20,20,6,51,32,32,32,32,32,32,11,5,5,5,24,0,0],"gold":90,"neow_bonus":"BOSS_RELIC","is_daily":false,"chose_seed":false,"campfire_upgraded":4,"win_rate":0.0,"timestamp":1611149830,"path_taken":["M","M","$","M","?","E","R","M","T","E","R","E","M","?","R","BOSS","M","$","?","?","$","R","E","M","T","M","R","E"],"items_purchased_type":["Relic","Card"],"build_version":"2020-12-22","purchased_purges":2,"victory":false,"max_hp_per_floor":[66,66,66,66,66,66,66,66,66,66,66,66,66,66,66,66,66,66,66,66,66,66,66,66,66,66,66,66,66,66],"relic_stats":{"Lizard Tail":33,"Gremlin Horn":[8,10],"Happy Flower":[5],"counters":[15,68],"CeramicFish":54,"Letter Opener":[36],"obtain_stats":[{"Lizard Tail":6,"Lantern":12,"Gremlin Horn":9,"Happy Flower":19,"CeramicFish":10,"Philosopher\u0027s Stone":0,"Molten Egg 2":20,"Letter Opener":24,"Ring of the Snake":0,"Runic Pyramid":17},{"Lizard Tail":4,"Lantern":7,"Gremlin Horn":5,"Happy Flower":11,"CeramicFish":6,"Philosopher\u0027s Stone":0,"Molten Egg 2":11,"Letter Opener":12,"Ring of the Snake":0,"Runic Pyramid":10},{"Lizard Tail":15,"Lantern":34,"Gremlin Horn":18,"Happy Flower":51,"CeramicFish":27,"Philosopher\u0027s Stone":0,"Molten Egg 2":51,"Letter Opener":55,"Ring of the Snake":0,"Runic Pyramid":48}]},"card_choices":[{"not_picked":["Deflect","Outmaneuver"],"picked":"Flying Knee","floor":1},{"not_picked":["Prepared","Riddle With Holes"],"picked":"Dagger Spray","floor":2},{"not_picked":["Flying Knee","Underhanded Strike","Masterful Stab"],"picked":"SKIP","floor":4},{"not_picked":["Flying Knee","Underhanded Strike","Masterful Stab"],"picked":"SKIP","floor":4},{"not_picked":["Blade Dance","Finisher"],"picked":"Adrenaline","floor":6},{"not_picked":["Blur","Skewer"],"picked":"Poisoned Stab","floor":8},{"not_picked":["Tools of the Trade","Envenom"],"picked":"Night Terror","floor":10},{"not_picked":["Outmaneuver","Flechettes","Blade Dance"],"picked":"SKIP","floor":12},{"not_picked":["Flying Knee","All Out Attack"],"picked":"Crippling Poison","floor":13},{"not_picked":["Flying Knee","Prepared"],"picked":"Deflect","floor":14},{"not_picked":["Storm of Steel","Phantasmal Killer"],"picked":"Bullet Time","floor":16},{"not_picked":["Quick Slash","Bane","Sucker Punch"],"picked":"SKIP","floor":18},{"not_picked":["A Thousand Cuts","Underhanded Strike+1"],"picked":"Adrenaline","floor":24},{"not_picked":["Underhanded Strike+1","Deadly Poison","Setup"],"picked":"SKIP","floor":25},{"not_picked":["Dodge and Roll","Prepared","Caltrops"],"picked":"SKIP","floor":27}],"player_experience":2021774,"relics_obtained":[{"floor":6,"key":"Lizard Tail"},{"floor":9,"key":"Gremlin Horn"},{"floor":10,"key":"CeramicFish"},{"floor":12,"key":"Lantern"},{"floor":24,"key":"Letter Opener"}],"event_choices":[{"damage_healed":0,"gold_gain":50,"player_choice":"Pray","damage_taken":0,"max_hp_gain":0,"max_hp_loss":0,"event_name":"Golden Shrine","floor":5,"gold_loss":0},{"damage_healed":0,"gold_gain":0,"player_choice":"Obtained Relic","damage_taken":0,"relics_obtained":["Molten Egg 2"],"max_hp_gain":0,"max_hp_loss":0,"event_name":"Addict","floor":20,"gold_loss":85},{"damage_healed":0,"gold_gain":0,"player_choice":"Simplicity","damage_taken":0,"max_hp_gain":0,"max_hp_loss":0,"event_name":"Back to Basics","floor":21,"gold_loss":0,"cards_upgraded":["Strike_G","Strike_G","Strike_G","Defend_G","Defend_G","Defend_G","Defend_G","Defend_G"]}],"is_beta":false,"boss_relics":[{"not_picked":["Ectoplasm","Pandora\u0027s Box"],"picked":"Runic Pyramid"}],"items_purged_floors":[3,19],"is_endless":false,"potions_floor_spawned":[2,4,12,14,16,18,25],"killed_by":"Book of Stabbing","ascension_level":20}}