{"host":"7tqog9fnhs0gxmti","time":1611131947,"event":{"mods":["AchievementEnabler","Act Like it!","Astrologer","BaseMod","Beaked The Cultist","CapriCore","Colored Map","Colored Powertips","Hermit","Highlight Path","Minty Spire (QoL Compilation)","Quick Restart","Random Character Button","Rare Cards Sparkle","Robot Space Explorer","Somnambulant","StSLib","The Blackbeard","The Bug Knight","The Construct","The Cursed","The Disciple","The Gatherer","The Hayseed","The Immortal","The Marked","Wandering Minibosses","everything is the same but u backflip on backflip"],"gold_per_floor":[115,47,47,47,70,105,120,120,120,141,185,185,204,225,225,225,225,225],"floor_reached":16,"language":"ENG","playtime":657,"items_purged":[],"score":137,"play_id":"fb3536a7-0ff8-4e82-9eec-3a6e5a4d2fa6","local_time":"20210120163907","is_ascension_mode":false,"campfire_choices":[{"data":"MokouMod:HeatSpark","floor":8,"key":"SMITH"},{"floor":12,"key":"REST"},{"floor":15,"key":"REST"}],"circlet_count":0,"master_deck":["MokouMod:Strike","MokouMod:Strike","MokouMod:Strike","MokouMod:Strike","MokouMod:Strike","MokouMod:Defend","MokouMod:Defend","MokouMod:Defend","MokouMod:Defend","MokouMod:HeatSpark+1","MokouMod:Sear","MokouMod:Meltdown","MokouMod:ResoluteFlare","MokouMod:HeartofFire","MokouMod:IgneousBlow","MokouMod:RoaringFlare","MokouMod:HeatCyclone","MokouMod:CrimsonArmoury","MokouMod:InfernalWave"],"relics":["MokouMod:PhoenixFeather","NeowsBlessing","Golden Idol","GremlinMask","HollowMod:LifeEnderRelic","Mummified Hand","Omamori"],"acts_visited":["Exordium"],"potions_floor_usage":[11,11,13,16],"damage_taken":[{"damage":0,"enemies":"Jaw Worm","floor":1,"turns":1},{"damage":0,"enemies":"2 Louse","floor":5,"turns":1},{"damage":0,"enemies":"Lagavulin","floor":6,"turns":1},{"damage":1,"enemies":"Cultist","floor":7,"turns":3},{"damage":34,"enemies":"Gremlin Gang","floor":10,"turns":4},{"damage":10,"enemies":"Gremlin Nob","floor":11,"turns":3},{"damage":19,"enemies":"Lots of Slimes","floor":13,"turns":7},{"damage":6,"enemies":"2 Fungi Beasts","floor":14,"turns":4},{"damage":69,"enemies":"The Guardian","floor":16,"turns":9}],"seed_played":"5170577252062622835","potions_obtained":[{"floor":6,"key":"AttackPotion"},{"floor":7,"key":"Block Potion"},{"floor":11,"key":"Fruit Juice"},{"floor":13,"key":"FearPotion"},{"floor":14,"key":"GamblersBrew"}],"is_trial":false,"path_per_floor":["M","$","?","?","M","E","M","R","T","M","E","R","M","M","R","B"],"character_chosen":"MKU","items_purchased":["MokouMod:Meltdown"],"campfire_rested":2,"item_purchase_floors":[2],"current_hp_per_floor":[75,75,57,57,57,57,56,56,56,22,17,41,22,16,40,20,20,20],"gold":225,"neow_bonus":"THREE_ENEMY_KILL","is_daily":false,"chose_seed":false,"campfire_upgraded":1,"win_rate":0.0,"timestamp":1611131947,"path_taken":["M","$","?","?","?","E","M","R","T","?","E","R","?","M","R","BOSS"],"items_purchased_type":["Card"],"build_version":"2020-12-22","purchased_purges":0,"victory":false,"max_hp_per_floor":[75,75,75,75,75,75,75,75,75,75,80,80,80,80,80,80,80,80],"card_choices":[{"not_picked":["MokouMod:UncontrollableSolarReaction","MokouMod:AdaptivePyromancy"],"picked":"MokouMod:Sear","floor":1},{"not_picked":["MokouMod:EternalBurstReactor","MokouMod:RetainTemperature"],"picked":"MokouMod:ResoluteFlare","floor":5},{"not_picked":["MokouMod:Singe","MokouMod:SearingShot"],"picked":"MokouMod:HeartofFire","floor":6},{"not_picked":["MokouMod:ControlledCombustion","MokouMod:HeatFactory"],"picked":"MokouMod:IgneousBlow","floor":7},{"not_picked":["MokouMod:Stoke","MokouMod:IgneousBlow"],"picked":"MokouMod:RoaringFlare","floor":10},{"not_picked":["MokouMod:BlazingComet","MokouMod:ScorchedEarth"],"picked":"MokouMod:HeatCyclone","floor":11},{"not_picked":["MokouMod:Trailblazer","MokouMod:HeatCyclone"],"picked":"MokouMod:CrimsonArmoury","floor":13},{"not_picked":["MokouMod:SearingShot","MokouMod:Stoke"],"picked":"MokouMod:InfernalWave","floor":14}],"player_experience":833362,"relics_obtained":[{"floor":6,"key":"HollowMod:LifeEnderRelic"},{"floor":9,"key":"Mummified Hand"},{"floor":11,"key":"Omamori"}],"event_choices":[{"damage_healed":0,"gold_gain":0,"player_choice":"Take Damage","damage_taken":18,"relics_obtained":["Golden Idol"],"max_hp_gain":0,"max_hp_loss":0,"event_name":"Golden Idol","floor":3,"gold_loss":0},{"damage_healed":0,"gold_gain":0,"player_choice":"Trade","damage_taken":0,"relics_obtained":["GremlinMask"],"max_hp_gain":0,"max_hp_loss":0,"event_name":"FaceTrader","floor":4,"gold_loss":0}],"is_beta":false,"boss_relics":[],"items_purged_floors":[],"is_endless":false,"potions_floor_spawned":[6,7,11,13,14],"killed_by":"The Guardian","ascension_level":0}}