{"host":"f5y45f7z7ziu0smp","time":1611148549,"event":{"mods":["100% Spire Juice","AchievementEnabler","BaseMod","CapriCore","Custom Start","Koishi","Marisa£¨Ùöéë¡¡Øª×âÞÞ£©","Minty Spire (QoL Compilation)","Permanent Neow","StSLib","SuperFastMode","¡¼?Úª?ø«¡½REMEMod"],"gold_per_floor":[417,436,454,271,271,271,271,271,271,281,281,309,309,323,323,425,625,644,844,891,891,673,673,673,673,673,623,823,823,823,834,834,933,933,951,951,311,325,539,539,539,769,794,794,1,1,1,20,20,20,20,20,20,53,53],"floor_reached":56,"language":"KOR","playtime":1439,"items_purged":["Decay","Koishi:BloodcurdlingScream","Koishi:ReleaseOfTheId","Parasite"],"score":1542,"play_id":"a77b6cd2-c704-4298-a3d3-3d23770989d6","local_time":"20210120221549","daily_mods":["Flight"],"is_ascension_mode":false,"campfire_choices":[{"data":"Koishi:Heartbroken","floor":6,"key":"SMITH"},{"data":"Koishi:MassHysteria","floor":7,"key":"SMITH"},{"data":"Koishi:GhostParty","floor":8,"key":"SMITH"},{"data":"Koishi:Ego","floor":11,"key":"SMITH"},{"data":"Koishi:HeartAttack","floor":13,"key":"SMITH"},{"data":"Koishi:FreudianInstinct","floor":15,"key":"SMITH"},{"data":"1","floor":23,"key":"LIFT"},{"data":"2","floor":24,"key":"LIFT"},{"data":"3","floor":25,"key":"LIFT"},{"floor":29,"key":"RECALL"},{"data":"Koishi:SubterraneanRose","floor":32,"key":"SMITH"},{"data":"Koishi:ReleaseOfTheId","floor":40,"key":"SMITH"},{"data":"Metamorphosis","floor":41,"key":"SMITH"},{"data":"REME_HeartOfCthun","floor":44,"key":"SMITH"},{"data":"REME_HeartOfCthun","floor":49,"key":"SMITH"},{"data":"Koishi:SubterraneanRose","floor":52,"key":"SMITH"}],"circlet_count":0,"master_deck":["Koishi:Heartbroken+1","Koishi:HeartAttack+1","Koishi:HeartAttack+1","Koishi:SilentAndRestless+1","Koishi:UnconsciousUprising+1","Koishi:SubterraneanRose+1","Koishi:SubterraneanRose+1","Koishi:ReleaseOfTheId+1","Koishi:SprinkleStarAndHeart","Koishi:IdleWhim","Koishi:GhostParty+1","Koishi:MassHysteria+1","Koishi:MassHysteria+1","Koishi:FreudianInstinct+1","Koishi:Ego+1","REME_HeartOfCthun+1","Master of Strategy","REME_HeartOfCthun+1","REME_BodyOfCthun","REME_MawOfCthun","REME_BodyOfCthun","CurseOfTheBell","Metamorphosis+1","Koishi:ReleaseOfTheId+1","Injury"],"relics":["Koishi:ImaginaryFriend","REME_ComplimentaryCards","Membership Card","REME_DuelDisc","PreservedInsect","Gremlin Horn","Old Coin","Bag of Marbles","REME_DemonsWealth","Vajra","Bottled Flame","Koishi:ImaginaryFriend","Whetstone","Bag of Preparation","Girya","Coffee Dripper","Koishi:EchoesOfADeadGirl","Paper Frog","Anchor","The Courier","Omamori","Koishi:AHoleWhereASisterShouldBe","Sling","War Paint","Lantern","HandDrill","Tiny Chest","CaptainsWheel","Mango","Calling Bell","Dream Catcher","HornCleat","Unceasing Top","MutagenicStrength","Ginger","Strawberry","Blood Vial","White Beast Statue","Letter Opener","Empty Cage","Koishi:TeethAndClaws","Ancient Tea Set","REME_HourglassOfDeath","Eternal Feather","REME_CardOfGreed","Art of War","StoneCalendar","Akabeko","Nunchaku","Singing Bowl","InkBottle","FossilizedHelix","PrismaticShard","Ornamental Fan","Oddly Smooth Stone","Koishi:BloodstainedWhiteRose","Bronze Scales","MealTicket","Toy Ornithopter","Mercury Hourglass","Mummified Hand"],"acts_visited":["Exordium","TheCity","TheBeyond","TheEnding"],"potions_floor_usage":[],"damage_taken":[{"damage":0,"enemies":"Small Slimes","floor":1,"turns":2},{"damage":0,"enemies":"Cultist","floor":2,"turns":1},{"damage":0,"enemies":"2 Louse","floor":3,"turns":1},{"damage":0,"enemies":"Large Slime","floor":10,"turns":2},{"damage":0,"enemies":"Lagavulin","floor":12,"turns":2},{"damage":0,"enemies":"Exordium Wildlife","floor":14,"turns":1},{"damage":0,"enemies":"Slime Boss","floor":16,"turns":1},{"damage":0,"enemies":"Spheric Guardian","floor":18,"turns":2},{"damage":0,"enemies":"Shell Parasite","floor":31,"turns":1},{"damage":0,"enemies":"Collector","floor":33,"turns":2},{"damage":0,"enemies":"3 Darklings","floor":35,"turns":2},{"damage":0,"enemies":"3 Shapes","floor":38,"turns":1},{"damage":0,"enemies":"Sphere and 2 Shapes","floor":39,"turns":2},{"damage":0,"enemies":"Reptomancer","floor":42,"turns":2},{"damage":0,"enemies":"3 Darklings","floor":48,"turns":2},{"damage":0,"enemies":"Donu and Deca","floor":50,"turns":3},{"damage":0,"enemies":"Shield and Spear","floor":54,"turns":1},{"damage":0,"enemies":"The Heart","floor":55,"turns":4}],"seed_played":"5907449664551069093","potions_obtained":[{"floor":1,"key":"BlessingOfTheForge"},{"floor":10,"key":"Weak Potion"},{"floor":12,"key":"Ancient Potion"},{"floor":31,"key":"SkillPotion"},{"floor":33,"key":"FairyPotion"}],"is_trial":true,"path_per_floor":["M","M","M","$","?","R","R","R","T","M","R","E","R","M","R","B",null,"M","?","T","?","$","R","R","R","T","$","?","R","T","M","R","B",null,"M","T","$","M","M","R","R","E","T","R","$","T","T","M","R","B",null,"R","$","E","B",null],"character_chosen":"KOISHI","items_purchased":["Lantern","HandDrill","Tiny Chest","Ginger","Strawberry","Metamorphosis","Ancient Tea Set","REME_HourglassOfDeath","Eternal Feather","REME_CardOfGreed","Art of War","StoneCalendar","Singing Bowl","InkBottle","FossilizedHelix","PrismaticShard","Ornamental Fan","Oddly Smooth Stone","Koishi:BloodstainedWhiteRose","Bronze Scales","MealTicket"],"campfire_rested":0,"item_purchase_floors":[4,4,4,22,22,37,37,37,37,37,37,37,45,45,45,45,45,45,45,45,45],"current_hp_per_floor":[60,60,60,60,60,60,60,60,60,60,60,74,74,74,74,74,74,74,74,74,74,81,81,81,81,81,81,81,81,81,81,81,81,81,81,81,81,81,81,81,81,81,81,81,78,78,78,80,80,80,80,80,80,82,82],"gold":53,"neow_bonus":"","is_daily":false,"chose_seed":false,"campfire_upgraded":12,"win_rate":0.0,"timestamp":1611148549,"path_taken":["M","M","M","$","?","R","R","R","T","?","R","E","R","M","R","BOSS","M","?","?","?","$","R","R","R","T","$","?","R","?","M","R","BOSS","M","?","?","?","M","R","R","E","T","R","$","?","?","M","R","BOSS","R","$","E","BOSS"],"items_purchased_type":["Relic","Relic","Relic","Relic","Relic","Card","Relic","Relic","Relic","Relic","Relic","Relic","Relic","Relic","Relic","Relic","Relic","Relic","Relic","Relic","Relic"],"build_version":"2020-12-22","purchased_purges":4,"victory":true,"max_hp_per_floor":[60,60,60,60,60,60,60,60,60,60,60,74,74,74,74,74,74,74,74,74,74,81,81,81,81,81,81,81,81,81,81,81,81,81,81,81,81,81,81,81,81,81,81,81,78,78,78,80,80,80,80,80,80,82,82],"card_choices":[{"not_picked":["Koishi:DreadfulBlow","Koishi:StrangeCloudFist","Koishi:SpiritedAway"],"picked":"Decay","floor":1},{"not_picked":["Koishi:StrangeCloudFist","Koishi:SubconsciousSweep","Koishi:DreadfulBlow"],"picked":"Shame","floor":2},{"not_picked":["Koishi:VengefulSpirit","Koishi:CatchAndRose","Koishi:RorschachInDanmaku","Shame"],"picked":"SKIP","floor":3},{"not_picked":["Koishi:FidgetySnatcher","Koishi:StingingMind","Koishi:JumpScare","Normality"],"picked":"SKIP","floor":10},{"not_picked":["Koishi:GeneticsOfTheUnconscious","Koishi:Catatonia","Koishi:ReflexRadar","Shame"],"picked":"SKIP","floor":12},{"not_picked":["Koishi:PhantomBarrier","Koishi:EmbryosDream","Koishi:ParalyzingFear","Pain"],"picked":"SKIP","floor":14},{"not_picked":["Koishi:PhantomBarrier","Koishi:ApparitionsStalkTheNight","Koishi:BramblyRoseGarden+1","Parasite"],"picked":"SKIP","floor":18},{"not_picked":["Koishi:TraumaticStroke+1","Koishi:Catatonia+1","Koishi:StingingMind+1","Writhe"],"picked":"SKIP","floor":31},{"not_picked":["Koishi:RorschachInDanmaku+1","Koishi:GhostParty","Koishi:UnconsciousUrges+1","Regret"],"picked":"SKIP","floor":35},{"not_picked":["Koishi:RacingHeart+1","Koishi:ApparitionsStalkTheNight+1","Decay"],"picked":"Koishi:ReleaseOfTheId+1","floor":38},{"not_picked":["Koishi:GhostParty","Koishi:DreadfulBlow","Koishi:StrangeCloudFist"],"picked":"Injury","floor":39},{"not_picked":["Koishi:FidgetySnatcher+1","Koishi:DreadfulBlow+1","Koishi:RacingHeart+1"],"picked":"Parasite","floor":42},{"not_picked":["Flex","Koishi:StrangeCloudFist","FlyingSleeves+1","Parasite"],"picked":"Singing Bowl","floor":48},{"not_picked":["Bane+1","Worship","FlurryOfBlows+1","Doubt"],"picked":"Singing Bowl","floor":54}],"player_experience":150737,"relics_obtained":[{"floor":9,"key":"CaptainsWheel"},{"floor":12,"key":"Mango"},{"floor":17,"key":"Dream Catcher"},{"floor":17,"key":"HornCleat"},{"floor":17,"key":"Unceasing Top"},{"floor":26,"key":"Blood Vial"},{"floor":30,"key":"Letter Opener"},{"floor":36,"key":"Koishi:TeethAndClaws"},{"floor":42,"key":"Akabeko"},{"floor":43,"key":"Nunchaku"},{"floor":46,"key":"Toy Ornithopter"},{"floor":47,"key":"Mercury Hourglass"},{"floor":54,"key":"Mummified Hand"}],"event_choices":[{"damage_healed":0,"gold_gain":0,"player_choice":"1 cards matched","damage_taken":0,"max_hp_gain":0,"max_hp_loss":0,"event_name":"Match and Keep!","floor":5,"gold_loss":0,"cards_obtained":["Koishi:BloodcurdlingScream"]},{"damage_healed":0,"gold_gain":0,"player_choice":"1 cards matched","damage_taken":0,"max_hp_gain":0,"max_hp_loss":0,"event_name":"Match and Keep!","floor":5,"gold_loss":0,"cards_obtained":["Koishi:BloodcurdlingScream"]},{"damage_healed":0,"gold_gain":0,"player_choice":"Cursed","damage_taken":0,"max_hp_gain":0,"max_hp_loss":0,"event_name":"Wheel of Change","floor":19,"gold_loss":0,"cards_obtained":["Decay"]},{"damage_healed":0,"gold_gain":0,"player_choice":"Inject Mutagens","damage_taken":0,"relics_obtained":["MutagenicStrength"],"max_hp_gain":0,"max_hp_loss":0,"event_name":"Drug Dealer","floor":21,"gold_loss":0},{"damage_healed":0,"gold_gain":0,"player_choice":"Opened","damage_taken":0,"relics_obtained":["White Beast Statue"],"max_hp_gain":0,"max_hp_loss":0,"event_name":"The Mausoleum","floor":28,"gold_loss":0,"cards_obtained":["Writhe"]}],"is_beta":false,"boss_relics":[{"not_picked":["REME_DemonsWealth","Velvet Choker"],"picked":"Calling Bell"},{"not_picked":["SlaversCollar","Runic Dome"],"picked":"Empty Cage"}],"items_purged_floors":[22,27,37,45],"is_endless":false,"potions_floor_spawned":[1,10,12,31,33,35,38,39,42,48,54],"ascension_level":0}}