{"host":"dpbezu80jg8zk7un","time":1611142305,"event":{"mods":["BaseMod","Colored Map","Colored Powertips","Custom Start","DeckTracker","Minty Spire (QoL Compilation)","Quick Restart","StSLib","SuperFastMode"],"gold_per_floor":[110,110,35,110,110,110,110,129,129,152,168,203,219,234,234,329,329,343,343,368,77,127,171,171,211,234,234,275,287,318,351,363,471,483,514,526,433,433,433,433,464,480,480,503,310,310,349,368,368,368,368,368],"floor_reached":51,"language":"KOR","playtime":1857,"items_purged":["Defend_P","Strike_P+1","Defend_P+1","FollowUp+1"],"score":1772,"play_id":"ba9bd0f8-1ccf-46e2-9df0-25886472bc3d","local_time":"20210120203145","is_ascension_mode":true,"campfire_choices":[{"data":"Eruption","floor":6.0,"key":"SMITH"},{"data":"FlurryOfBlows","floor":15.0,"key":"SMITH"},{"data":"CrushJoints","floor":24.0,"key":"SMITH"},{"data":"Adaptation","floor":27.0,"key":"SMITH"},{"floor":29.0,"key":"RECALL"},{"data":"EmptyBody","floor":32.0,"key":"SMITH"},{"data":"MentalFortress","floor":46.0,"key":"SMITH"}],"circlet_count":0,"master_deck":["AscendersBane","Defend_P+1","Eruption+1","Vigilance+1","LessonLearned+1","EmptyBody+1","FlurryOfBlows+1","Ragnarok+1","Worship+1","Wallop+1","Consecrate+1","CrushJoints+1","Adaptation+1","FearNoEvil+1","MentalFortress+1","Worship+1"],"relics":["Coffee Dripper","Golden Idol","TeardropLocket","Bag of Preparation","Strawberry","Astrolabe","Membership Card","CloakClasp","StrikeDummy","Toy Ornithopter","MawBank","Black Star","CaptainsWheel","MealTicket","Nunchaku","Blood Vial","Akabeko"],"acts_visited":["Exordium","TheCity","TheBeyond"],"potions_floor_usage":[50],"damage_taken":[{"damage":7.0,"enemies":"Small Slimes","floor":1.0,"turns":5.0},{"damage":9.0,"enemies":"Jaw Worm","floor":8.0,"turns":6.0},{"damage":0.0,"enemies":"2 Louse","floor":11.0,"turns":3.0},{"damage":0.0,"enemies":"Gremlin Nob","floor":12.0,"turns":2.0},{"damage":0.0,"enemies":"Large Slime","floor":13.0,"turns":3.0},{"damage":0.0,"enemies":"2 Fungi Beasts","floor":14.0,"turns":1.0},{"damage":0.0,"enemies":"Slime Boss","floor":16.0,"turns":3.0},{"damage":2.0,"enemies":"Shell Parasite","floor":18.0,"turns":4.0},{"damage":0.0,"enemies":"Spheric Guardian","floor":20.0,"turns":2.0},{"damage":0.0,"enemies":"Book of Stabbing","floor":23.0,"turns":3.0},{"damage":53.0,"enemies":"Slavers","floor":25.0,"turns":5.0},{"damage":0.0,"enemies":"Book of Stabbing","floor":28.0,"turns":3.0},{"damage":0.0,"enemies":"Snecko","floor":30.0,"turns":2.0},{"damage":0.0,"enemies":"Snake Plant","floor":31.0,"turns":2.0},{"damage":24.0,"enemies":"Automaton","floor":33.0,"turns":6.0},{"damage":7.0,"enemies":"3 Shapes","floor":35.0,"turns":4.0},{"damage":10.0,"enemies":"Nemesis","floor":41.0,"turns":3.0},{"damage":5.0,"enemies":"Orb Walker","floor":42.0,"turns":4.0},{"damage":12.0,"enemies":"3 Darklings","floor":44.0,"turns":3.0},{"damage":8.0,"enemies":"Reptomancer","floor":47.0,"turns":3.0},{"damage":3.0,"enemies":"Writhing Mass","floor":48.0,"turns":3.0},{"damage":0,"enemies":"Donu and Deca","floor":50,"turns":7},{"damage":70,"enemies":"Time Eater","floor":51,"turns":8}],"seed_played":"-130367569480741272","potions_obtained":[{"floor":1.0,"key":"Dexterity Potion"},{"floor":8.0,"key":"ColorlessPotion"},{"floor":16.0,"key":"SkillPotion"},{"floor":23.0,"key":"FairyPotion"},{"floor":28.0,"key":"SkillPotion"},{"floor":42.0,"key":"Swift Potion"},{"floor":44.0,"key":"LiquidMemories"},{"floor":47.0,"key":"Explosive Potion"},{"floor":48.0,"key":"Regen Potion"}],"is_trial":false,"path_per_floor":["M","?","$","?","?","R","?","M","T","T","M","E","M","M","R","B",null,"M","?","M","$","?","E","R","E","T","R","E","R","M","M","R","B",null,"M","?","$","?","?","R","E","M","T","M","$","R","E","M","R","B","B"],"character_chosen":"WATCHER","items_purchased":["Membership Card","Adaptation","FearNoEvil","DistilledChaos","MentalFortress","Nunchaku"],"campfire_rested":0,"item_purchase_floors":[21,21,21,37,45,45],"current_hp_per_floor":[54,54,54,43,43,43,43,34,34,34,34,41,41,41,41,41,62,60,54,54,54,54,54,54,1,1,1,6,6,6,6,6,8,54,47,47,47,47,47,47,42,37,37,25,40,40,37,46,46,66,0,0],"gold":368,"neow_bonus":"BOSS_RELIC","is_daily":false,"chose_seed":false,"campfire_upgraded":6,"win_rate":0.0,"timestamp":1611142305,"path_taken":["M","?","$","?","?","R","?","M","T","?","M","E","M","M","R","BOSS","M","?","?","$","?","E","R","E","T","R","E","R","M","M","R","BOSS","M","?","$","?","?","R","E","M","T","M","$","R","E","?","R","BOSS","BOSS"],"items_purchased_type":["Relic","Card","Card","Potion","Card","Relic"],"build_version":"2020-12-22","purchased_purges":4,"victory":false,"max_hp_per_floor":[68,62,62,62,62,62,62,62,62,62,62,69,69,69,69,69,69,69,69,69,69,69,69,69,69,69,69,69,69,69,69,69,69,69,69,66,66,66,66,66,66,66,66,66,66,66,66,66,66,66,66,66],"card_choices":[{"not_picked":["WaveOfTheHand","Evaluate","ForeignInfluence"],"picked":"SKIP","floor":1.0},{"not_picked":["PathToVictory","ThirdEye"],"picked":"FollowUp","floor":8.0},{"not_picked":["Fasting2","Consecrate","Crescendo"],"picked":"SKIP","floor":11.0},{"not_picked":["Wireheading","Indignation","Consecrate"],"picked":"SKIP","floor":12.0},{"not_picked":["Worship","ClearTheMind"],"picked":"EmptyBody","floor":13.0},{"not_picked":["ClearTheMind","Crescendo"],"picked":"FlurryOfBlows","floor":14.0},{"not_picked":["LessonLearned","Alpha"],"picked":"Ragnarok","floor":16.0},{"not_picked":["Worship","ForeignInfluence+1"],"picked":"CrushJoints","floor":18.0},{"not_picked":["Weave","ThirdEye","SignatureMove"],"picked":"SKIP","floor":20.0},{"not_picked":["SandsOfTime","FollowUp","Protect"],"picked":"SKIP","floor":23.0},{"not_picked":["BowlingBash+1","FollowUp","Prostrate"],"picked":"SKIP","floor":25.0},{"not_picked":["Protect","ThirdEye","ClearTheMind"],"picked":"SKIP","floor":28.0},{"not_picked":["ForeignInfluence","ReachHeaven","PathToVictory"],"picked":"SKIP","floor":30.0},{"not_picked":["Halt","PathToVictory+1","FollowUp"],"picked":"SKIP","floor":31.0},{"not_picked":["Halt","EmptyBody","FlurryOfBlows+1"],"picked":"SKIP","floor":35.0},{"not_picked":["PathToVictory","Halt+1","LikeWater"],"picked":"SKIP","floor":41.0},{"not_picked":["ClearTheMind","Halt","WindmillStrike"],"picked":"SKIP","floor":42.0},{"not_picked":["WaveOfTheHand+1","Prostrate+1","WreathOfFlame"],"picked":"SKIP","floor":44.0},{"not_picked":["EmptyBody+1","PathToVictory"],"picked":"Worship+1","floor":47.0},{"not_picked":["Halt+1","CrushJoints","Indignation"],"picked":"SKIP","floor":48.0}],"player_experience":2902132,"relics_obtained":[{"floor":9.0,"key":"TeardropLocket"},{"floor":10.0,"key":"Bag of Preparation"},{"floor":12.0,"key":"Strawberry"},{"floor":23.0,"key":"CloakClasp"},{"floor":25.0,"key":"StrikeDummy"},{"floor":26.0,"key":"Toy Ornithopter"},{"floor":28.0,"key":"MawBank"},{"floor":41.0,"key":"CaptainsWheel"},{"floor":41.0,"key":"MealTicket"},{"floor":47.0,"key":"Blood Vial"},{"floor":47.0,"key":"Akabeko"}],"event_choices":[{"damage_healed":0.0,"max_hp_gain":0.0,"max_hp_loss":6.0,"gold_gain":0.0,"event_name":"Golden Idol","player_choice":"Lose Max HP","floor":2.0,"gold_loss":0.0,"damage_taken":0.0,"relics_obtained":["Golden Idol"]},{"damage_healed":0.0,"max_hp_gain":0.0,"max_hp_loss":0.0,"gold_gain":75.0,"event_name":"World of Goop","player_choice":"Gather Gold","floor":4.0,"gold_loss":0.0,"damage_taken":11.0},{"damage_healed":0.0,"max_hp_gain":0.0,"max_hp_loss":0.0,"gold_gain":0.0,"event_name":"Liars Game","player_choice":"Ignored","floor":5.0,"gold_loss":0.0,"damage_taken":0.0},{"damage_healed":0.0,"max_hp_gain":0.0,"max_hp_loss":0.0,"gold_gain":0.0,"cards_transformed":["Strike_P"],"event_name":"Living Wall","player_choice":"Change","floor":7.0,"gold_loss":0.0,"damage_taken":0.0,"cards_obtained":["LessonLearned"]},{"damage_healed":0.0,"max_hp_gain":0.0,"max_hp_loss":0.0,"gold_gain":0.0,"event_name":"Knowing Skull","player_choice":"","floor":19.0,"potions_obtained":[],"gold_loss":0.0,"damage_taken":6.0,"cards_obtained":[]},{"damage_healed":0.0,"max_hp_gain":0.0,"max_hp_loss":0.0,"gold_gain":100.0,"event_name":"The Joust","player_choice":"Bet on Murderer","floor":22.0,"gold_loss":50.0,"damage_taken":0.0},{"damage_healed":0.0,"max_hp_gain":0.0,"max_hp_loss":3.0,"gold_gain":0.0,"event_name":"Winding Halls","player_choice":"Max HP","floor":36.0,"gold_loss":0.0,"damage_taken":0.0},{"damage_healed":0.0,"max_hp_gain":0.0,"max_hp_loss":0.0,"gold_gain":0.0,"event_name":"Tomb of Lord Red Mask","player_choice":"Ignored","floor":38.0,"gold_loss":0.0,"damage_taken":0.0},{"damage_healed":0.0,"max_hp_gain":0.0,"max_hp_loss":0.0,"gold_gain":0.0,"event_name":"SensoryStone","player_choice":"Memory 1","floor":39.0,"gold_loss":0.0,"damage_taken":0.0}],"is_beta":false,"boss_relics":[{"not_picked":["Fusion Hammer","Sozu"],"picked":"Astrolabe"},{"not_picked":["Cursed Key","Calling Bell"],"picked":"Black Star"}],"items_purged_floors":[3,21,37,45],"is_endless":false,"potions_floor_spawned":[1,8,13,16,23,25,28,30,42,44,47,48],"killed_by":"Time Eater","ascension_level":20}}