{"host":"qhhcmep1unj6mpf7","time":1611151595,"event":{"mods":["2.2 Compatiblity","AchievementEnabler","BaseMod","Colored Map","DeckTracker","Highlight Path","Keyboard Shortcuts","Minty Spire (QoL Compilation)","Permanent Neow","Quick Restart","Random Character Button","StSLib","SuperFastMode","everything is the same but u backflip on backflip"],"gold_per_floor":[37,37,68,122,154,202,259,259,307,366,399,209,246,246,246,346,346,402,402,237,249,267,287,287],"floor_reached":23,"language":"KOR","playtime":900,"items_purged":["Strike_B","Strike_B"],"score":195,"play_id":"354b25bb-914d-4c82-9d74-9b53431fa486","local_time":"20210120230635","is_ascension_mode":false,"campfire_choices":[{"data":"Echo Form","floor":8.0,"key":"SMITH"},{"data":"Hologram","floor":15,"key":"SMITH"}],"circlet_count":0,"master_deck":["Strike_B","Strike_B","Defend_B","Defend_B","Defend_B","Defend_B","Zap","Dualcast","HandOfGreed","Self Repair","Ball Lightning","Hologram+1","Echo Form+1","Capacitor","White Noise","Seek","Capacitor","Loop","White Noise"],"relics":["Cracked Core","Shuriken","Lantern","Membership Card","Omamori","Snecko Eye","DollysMirror"],"acts_visited":["Exordium","TheCity"],"potions_floor_usage":[16,23],"damage_taken":[{"damage":6.0,"enemies":"Cultist","floor":1.0,"turns":4.0},{"damage":11.0,"enemies":"Jaw Worm","floor":3.0,"turns":3.0},{"damage":0.0,"enemies":"2 Louse","floor":4.0,"turns":5.0},{"damage":23.0,"enemies":"Exordium Thugs","floor":5.0,"turns":5.0},{"damage":22.0,"enemies":"Gremlin Nob","floor":6.0,"turns":4.0},{"damage":3.0,"enemies":"Gremlin Gang","floor":10.0,"turns":5.0},{"damage":18.0,"enemies":"3 Louse","floor":11.0,"turns":5.0},{"damage":19,"enemies":"Exordium Thugs","floor":13,"turns":7},{"damage":21,"enemies":"Hexaghost","floor":16,"turns":8},{"damage":5,"enemies":"2 Thieves","floor":18,"turns":3},{"damage":0,"enemies":"Spheric Guardian","floor":21,"turns":3},{"damage":18,"enemies":"Snake Plant","floor":22,"turns":4},{"damage":59,"enemies":"Slavers","floor":23,"turns":4}],"seed_played":"1547566330408182165","potions_obtained":[{"floor":4.0,"key":"EssenceOfDarkness"},{"floor":10.0,"key":"EssenceOfSteel"},{"floor":16,"key":"Block Potion"}],"is_trial":false,"path_per_floor":["M","$","M","M","M","E","?","R","T","M","M","$","M","?","R","B",null,"M","?","$","M","M","E"],"character_chosen":"DEFECT","items_purchased":["Membership Card","DollysMirror","Loop"],"campfire_rested":0,"item_purchase_floors":[12,20,20],"current_hp_per_floor":[69,69,65,72,56,34,34,34,34,38,27,27,22,22,22,8,75,70,56,56,56,52,0,0],"gold":287,"neow_bonus":"RANDOM_COLORLESS_2","is_daily":false,"chose_seed":false,"campfire_upgraded":2,"win_rate":0.0,"timestamp":1611151595,"path_taken":["M","$","M","M","M","E","?","R","T","M","M","?","?","?","R","BOSS","M","?","$","M","M","E"],"items_purchased_type":["Relic","Relic","Card"],"build_version":"2020-12-22","purchased_purges":2,"victory":false,"max_hp_per_floor":[75,75,75,75,75,75,75,75,75,75,75,75,75,75,75,75,75,75,80,80,80,80,80,80],"card_choices":[{"not_picked":["Metamorphosis","Panache"],"picked":"HandOfGreed","floor":0.0},{"not_picked":["Conserve Battery","Barrage"],"picked":"Self Repair","floor":1.0},{"not_picked":["BootSequence","Sweeping Beam","Redo"],"picked":"SKIP","floor":3.0},{"not_picked":["Conserve Battery","Gash"],"picked":"Ball Lightning","floor":4.0},{"not_picked":["Compile Driver","Redo"],"picked":"Hologram","floor":5.0},{"not_picked":["Heatsinks","Reinforced Body"],"picked":"Echo Form","floor":6.0},{"not_picked":["Redo","Stack","Gash"],"picked":"SKIP","floor":10.0},{"not_picked":["Redo","Rebound"],"picked":"Capacitor","floor":11.0},{"not_picked":["Turbo","Barrage"],"picked":"White Noise","floor":13},{"not_picked":["Buffer","All For One"],"picked":"Seek","floor":16},{"not_picked":["Hologram+1","Cold Snap+1","Redo+1"],"picked":"SKIP","floor":18},{"not_picked":["Barrage","Conserve Battery"],"picked":"White Noise","floor":21},{"not_picked":["Compile Driver+1","Steam","Leap"],"picked":"SKIP","floor":22}],"player_experience":316783,"relics_obtained":[{"floor":6.0,"key":"Shuriken"},{"floor":9.0,"key":"Lantern"}],"event_choices":[{"damage_healed":0.0,"max_hp_gain":0.0,"max_hp_loss":0.0,"gold_gain":57.0,"event_name":"Golden Wing","player_choice":"Gained Gold","floor":7.0,"gold_loss":0.0,"damage_taken":0.0},{"damage_healed":0,"gold_gain":0,"player_choice":"Gave Potion","damage_taken":0,"relics_obtained":["Omamori"],"max_hp_gain":0,"max_hp_loss":0,"event_name":"WeMeetAgain","floor":14,"gold_loss":0},{"damage_healed":0,"gold_gain":0,"player_choice":"Shed Blood","damage_taken":19,"max_hp_gain":5,"max_hp_loss":0,"event_name":"Forgotten Altar","floor":19,"gold_loss":0}],"is_beta":false,"boss_relics":[{"not_picked":["Coffee Dripper","Ectoplasm"],"picked":"Snecko Eye"}],"items_purged_floors":[12,20],"is_endless":false,"potions_floor_spawned":[4,10,16],"killed_by":"Slavers","ascension_level":0}}