{"host":"dl909bjyolgrn2uw","time":1611181025,"event":{"mods":["2.2 Compatiblity","AlwaysNeverKeys","BaseMod","Bestiary","Better Altar","Better Note","Better Sensory Stone","Better Skull","Better Vampires","Better-Laid Plans","BetterRewards","Colored Powertips","Curses Come First","Disable Question Mark Monsters","Displayed Cursed Tome","Emptier Cage","Evolution","Minty Spire (QoL Compilation)","Permanent Neow","Quick Restart","Rare Cards Sparkle","Relic Stats","Shop Mod","Spicy Shops","StSLib","SuperFastMode","Transform Curses"],"gold_per_floor":[116,116,63,63,63,63,101,122,122,122,156,177,177,217,217,340,340,363,387,405,91,105,105,140,164,213,228,228,297,337,355,355,480,480,501,140,140,140,140],"floor_reached":38,"language":"ENG","playtime":1501,"items_purged":["Strike_R"],"score":571,"play_id":"47167c12-d76e-4646-8513-e8b871e90785","local_time":"20210120161705","is_ascension_mode":true,"campfire_choices":[{"data":"Bash","floor":6,"key":"SMITH"},{"data":"Disarm","floor":13,"key":"SMITH"},{"data":"Flex","floor":15,"key":"SMITH"},{"data":"Limit Break","floor":23,"key":"SMITH"},{"floor":28,"key":"REST"},{"floor":32,"key":"REST"}],"circlet_count":0,"master_deck":["Strike_R","Strike_R","Strike_R","Strike_R","Defend_R","Defend_R","Defend_R","Defend_R","Bash+1","Perfected Strike","Heavy Blade","Flex+1","Disarm+1","Limit Break+1","Dual Wield","Fiend Fire","Inflame+1","Warcry","Warcry+1","Iron Wave+1","Disarm","Spot Weakness","Seeing Red+1","Limit Break","Armaments","Twin Strike+1","Shockwave+1","Uppercut","Sword Boomerang"],"relics":["Burning Blood","EVO:Axolotl","NeowsBlessing","Golden Idol","Bronze Scales","Tiny Chest","Letter Opener","MealTicket","Blue Candle","Velvet Choker","Ice Cream","Dream Catcher","Oddly Smooth Stone","Ornamental Fan","Bottled Flame","Fusion Hammer","Orrery","Blood Vial"],"acts_visited":["Exordium","TheCity","TheBeyond"],"potions_floor_usage":[16,16,24,25,30,33,35,38],"damage_taken":[{"damage":0,"enemies":"Jaw Worm","floor":1,"turns":1},{"damage":0,"enemies":"3 Sentries","floor":7,"turns":2},{"damage":0,"enemies":"2 Louse","floor":8,"turns":1},{"damage":30,"enemies":"Lagavulin","floor":11,"turns":5},{"damage":0,"enemies":"Cultist","floor":12,"turns":2},{"damage":30,"enemies":"3 Sentries","floor":14,"turns":6},{"damage":23,"enemies":"Hexaghost","floor":16,"turns":9},{"damage":18,"enemies":"2 Thieves","floor":18,"turns":3},{"damage":0,"enemies":"Spheric Guardian","floor":19,"turns":2},{"damage":9,"enemies":"Centurion and Healer","floor":20,"turns":4},{"damage":17,"enemies":"3 Cultists","floor":22,"turns":4},{"damage":11,"enemies":"Book of Stabbing","floor":24,"turns":3},{"damage":22,"enemies":"Shelled Parasite and Fungi","floor":25,"turns":4},{"damage":22,"enemies":"Centurion and Healer","floor":27,"turns":4},{"damage":3,"enemies":"Gremlin Leader","floor":30,"turns":5},{"damage":24,"enemies":"Snake Plant","floor":31,"turns":3},{"damage":50,"enemies":"Collector","floor":33,"turns":5},{"damage":16,"enemies":"3 Darklings","floor":35,"turns":4},{"damage":84,"enemies":"Donu and Deca","floor":38,"turns":4}],"seed_played":"5502651737000966254","potions_obtained":[{"floor":8,"key":"Block Potion"},{"floor":12,"key":"BlessingOfTheForge"},{"floor":14,"key":"Weak Potion"},{"floor":18,"key":"SkillPotion"},{"floor":20,"key":"Ancient Potion"},{"floor":24,"key":"Swift Potion"},{"floor":30,"key":"DuplicationPotion"},{"floor":33,"key":"GamblersBrew"},{"floor":35,"key":"ElixirPotion"}],"is_trial":false,"path_per_floor":["M","?","$","?","$","R","E","M","T","?","E","M","R","E","R","B",null,"M","M","M","$","M","R","E","M","T","M","R","T","E","M","R","B",null,"M","$","?","B"],"character_chosen":"IRONCLAD","items_purchased":["Heavy Blade","Ice Cream","Orrery","Blood Vial"],"campfire_rested":2,"item_purchase_floors":[3,21,36,36],"current_hp_per_floor":[80,60,60,57,57,57,63,69,69,80,56,62,62,38,38,21,65,53,59,56,71,60,60,55,39,39,23,47,47,50,32,56,12,63,53,68,68,0,0],"gold":140,"neow_bonus":"THREE_ENEMY_KILL","is_daily":false,"chose_seed":false,"campfire_upgraded":4,"win_rate":0.0,"timestamp":1611181025,"path_taken":["M","?","$","?","?","R","E","M","T","?","E","M","R","E","R","BOSS","M","M","M","$","M","R","E","M","T","M","R","?","E","M","R","BOSS","M","$","?","BOSS"],"items_purchased_type":["Card","Relic","Relic","Relic"],"build_version":"2020-12-22","purchased_purges":1,"victory":false,"max_hp_per_floor":[80,80,80,80,80,80,80,80,80,80,80,80,80,80,80,80,80,80,80,80,80,80,80,80,80,80,80,80,80,80,80,80,80,80,80,80,80,80,80],"relic_stats":{"Blood Vial":2,"Dream Catcher":2,"counters":[19,71],"Golden Idol":129,"Ornamental Fan":[20],"Bronze Scales":[180],"Blue Candle":[0],"Tiny Chest":0,"MealTicket":30,"Letter Opener":[166],"obtain_stats":[{"Ice Cream":21,"NeowsBlessing":0,"Golden Idol":2,"Blue Candle":14,"Velvet Choker":17,"Oddly Smooth Stone":26,"EVO:Axolotl":0,"Letter Opener":9,"Burning Blood":0,"Blood Vial":36,"Dream Catcher":24,"Bottled Flame":30,"Ornamental Fan":29,"Bronze Scales":4,"Orrery":36,"Tiny Chest":7,"MealTicket":11,"Fusion Hammer":34},{"Ice Cream":10,"NeowsBlessing":0,"Golden Idol":1,"Blue Candle":6,"Velvet Choker":7,"Oddly Smooth Stone":13,"EVO:Axolotl":0,"Letter Opener":3,"Burning Blood":0,"Blood Vial":18,"Dream Catcher":12,"Bottled Flame":15,"Ornamental Fan":14,"Bronze Scales":1,"Orrery":18,"Tiny Chest":2,"MealTicket":4,"Fusion Hammer":17},{"Ice Cream":35,"NeowsBlessing":0,"Golden Idol":1,"Blue Candle":17,"Velvet Choker":26,"Oddly Smooth Stone":46,"EVO:Axolotl":0,"Letter Opener":4,"Burning Blood":0,"Blood Vial":67,"Dream Catcher":42,"Bottled Flame":55,"Ornamental Fan":50,"Bronze Scales":1,"Orrery":67,"Tiny Chest":3,"MealTicket":9,"Fusion Hammer":63}],"Burning Blood":102},"card_choices":[{"not_picked":["Warcry","True Grit"],"picked":"Perfected Strike","floor":1},{"not_picked":["Headbutt","Combust"],"picked":"Flex","floor":7},{"not_picked":["Heavy Blade","Juggernaut"],"picked":"Disarm","floor":8},{"not_picked":["Cleave","Clash"],"picked":"Limit Break","floor":11},{"not_picked":["Perfected Strike","Sever Soul","Cleave"],"picked":"SKIP","floor":12},{"not_picked":["Heavy Blade","Second Wind"],"picked":"Dual Wield","floor":14},{"not_picked":["Berserk","Barricade"],"picked":"Fiend Fire","floor":16},{"not_picked":["Anger+1","Dark Embrace"],"picked":"Inflame+1","floor":18},{"not_picked":["Iron Wave+1","Shrug It Off"],"picked":"Warcry","floor":19},{"not_picked":["Burning Pact","Clash","Body Slam"],"picked":"SKIP","floor":20},{"not_picked":["Intimidate","Body Slam+1","Heavy Blade"],"picked":"SKIP","floor":22},{"not_picked":["Headbutt","Anger"],"picked":"Warcry+1","floor":24},{"not_picked":["Warcry","Ghostly Armor","Fiend Fire"],"picked":"SKIP","floor":25},{"not_picked":["Anger","Wild Strike+1"],"picked":"Iron Wave+1","floor":27},{"not_picked":["Second Wind+1","True Grit"],"picked":"Disarm","floor":28},{"not_picked":["Dark Embrace","Seeing Red"],"picked":"Spot Weakness","floor":30},{"not_picked":["Thunderclap","Clash","Entrench"],"picked":"SKIP","floor":31},{"not_picked":["Sentinel+1","Spot Weakness"],"picked":"Seeing Red+1","floor":32},{"not_picked":["Berserk","Demon Form"],"picked":"Limit Break","floor":33},{"not_picked":["Anger","Sever Soul+1"],"picked":"Armaments","floor":35},{"not_picked":["Wild Strike+1","Havoc"],"picked":"Twin Strike+1","floor":36},{"not_picked":["Twin Strike+1","Immolate"],"picked":"Shockwave+1","floor":36},{"not_picked":["Pummel","Warcry"],"picked":"Uppercut","floor":36},{"not_picked":["Clash+1","Cleave"],"picked":"Sword Boomerang","floor":36}],"player_experience":304343,"relics_obtained":[{"floor":7,"key":"Tiny Chest"},{"floor":9,"key":"Letter Opener"},{"floor":11,"key":"MealTicket"},{"floor":14,"key":"Blue Candle"},{"floor":24,"key":"Dream Catcher"},{"floor":26,"key":"Oddly Smooth Stone"},{"floor":29,"key":"Ornamental Fan"},{"floor":30,"key":"Bottled Flame"}],"event_choices":[{"damage_healed":0,"gold_gain":0,"player_choice":"Take Damage","damage_taken":20,"relics_obtained":["Golden Idol"],"max_hp_gain":0,"max_hp_loss":0,"event_name":"Golden Idol","floor":2,"gold_loss":0},{"damage_healed":0,"gold_gain":0,"player_choice":"Success","damage_taken":3,"relics_obtained":["Bronze Scales"],"max_hp_gain":0,"max_hp_loss":0,"event_name":"Scrap Ooze","floor":4,"gold_loss":0},{"damage_healed":11,"gold_gain":0,"player_choice":"Full Heal","damage_taken":0,"max_hp_gain":0,"max_hp_loss":0,"event_name":"Wheel of Change","floor":10,"gold_loss":0},{"damage_healed":0,"gold_gain":0,"player_choice":"Took Portal","damage_taken":0,"max_hp_gain":0,"max_hp_loss":0,"event_name":"SecretPortal","floor":37,"gold_loss":0}],"is_beta":false,"boss_relics":[{"not_picked":["Empty Cage","Mark of Pain"],"picked":"Velvet Choker"},{"not_picked":["Coffee Dripper","SlaversCollar"],"picked":"Fusion Hammer"}],"items_purged_floors":[36],"is_endless":false,"potions_floor_spawned":[8,12,14,18,20,24,30,33,35],"killed_by":"Donu and Deca","ascension_level":5}}