{"host":"sav7uxregyirlf69","time":1611123035,"event":{"mods":["AchievementEnabler","BaseMod","Colored Map","DeckTracker","Keyboard Shortcuts","Minty Spire (QoL Compilation)","READ ME - Guardian Mod","StSLib","SuperFastMode"],"gold_per_floor":[119,133,133,144,144,177,177,205,205,355,114,129,129,404,404,476,476,490,34,46,59,59,59,71,100,100,119,119,119],"floor_reached":28,"language":"KOR","playtime":595,"items_purged":["Defend_B","Strike_B"],"score":476,"play_id":"6c911a47-8e53-494d-ab86-9d5b9254720b","local_time":"20210120151035","is_ascension_mode":true,"campfire_choices":[{"data":"Dualcast","floor":7.0,"key":"SMITH"},{"floor":13.0,"key":"REST"},{"data":"Go for the Eyes","floor":15.0,"key":"SMITH"},{"data":"Turbo","floor":23,"key":"SMITH"}],"circlet_count":0,"master_deck":["AscendersBane","Strike_B","Strike_B","Defend_B","Defend_B","Defend_B","Zap","Dualcast+1","Consume","Sweeping Beam","Steam Power","Go for the Eyes+1","Lockon","Conserve Battery","Echo Form","Turbo+1","Glacier","Hologram","Consume","Recycle+1"],"relics":["Cracked Core","NeowsBlessing","Omamori","Blood Vial","Odd Mushroom","PreservedInsect","ClockworkSouvenir","Inserter","Cables","Potion Belt","Vajra"],"acts_visited":["Exordium","TheCity"],"potions_floor_usage":[16,18,24,24],"damage_taken":[{"damage":0.0,"enemies":"Jaw Worm","floor":1.0,"turns":1.0},{"damage":0.0,"enemies":"2 Louse","floor":2.0,"turns":1.0},{"damage":0.0,"enemies":"Cultist","floor":4.0,"turns":1.0},{"damage":34.0,"enemies":"3 Sentries","floor":6.0,"turns":7.0},{"damage":17.0,"enemies":"The Mushroom Lair","floor":8.0,"turns":5.0},{"damage":0.0,"enemies":"Large Slime","floor":12.0,"turns":4.0},{"damage":20,"enemies":"The Guardian","floor":16,"turns":12},{"damage":4,"enemies":"Shell Parasite","floor":18,"turns":7},{"damage":1,"enemies":"3 Byrds","floor":20,"turns":5},{"damage":16,"enemies":"Snake Plant","floor":21,"turns":6},{"damage":12,"enemies":"Centurion and Healer","floor":24,"turns":12},{"damage":42,"enemies":"Gremlin Leader","floor":25,"turns":7},{"damage":5,"enemies":"Snecko","floor":27,"turns":7},{"damage":0,"enemies":"Shelled Parasite and Fungi","floor":28,"turns":1}],"seed_played":"7098547539476145736","potions_obtained":[{"floor":4.0,"key":"Dexterity Potion"},{"floor":6.0,"key":"SpeedPotion"},{"floor":12.0,"key":"ColorlessPotion"},{"floor":16,"key":"SpeedPotion"},{"floor":18,"key":"Energy Potion"},{"floor":21,"key":"Regen Potion"},{"floor":27,"key":"Ancient Potion"}],"is_trial":false,"path_per_floor":["M","M","?","M","T","E","R","?","T","?","$","M","R","?","R","B",null,"M","$","M","M","?","R","M","E","T","M","M"],"character_chosen":"DEFECT","items_purchased":["ClockworkSouvenir","Glacier","Cables"],"campfire_rested":1,"item_purchase_floors":[11,19,19],"current_hp_per_floor":[64,64,64,64,64,30,30,15,15,15,15,17,38,38,38,20,58,56,56,57,43,43,43,48,8,8,5,7,7],"gold":119,"neow_bonus":"THREE_ENEMY_KILL","is_daily":false,"chose_seed":false,"campfire_upgraded":3,"win_rate":0.0,"timestamp":1611123035,"path_taken":["M","M","?","M","?","E","R","?","T","?","?","?","R","?","R","BOSS","M","$","M","?","?","R","M","E","T","M","M"],"items_purchased_type":["Relic","Card","Relic"],"build_version":"2020-12-22","purchased_purges":2,"victory":false,"max_hp_per_floor":[71,71,71,71,71,71,71,71,71,71,71,71,71,71,71,71,71,71,71,71,71,71,71,71,71,71,71,71,71],"card_choices":[{"not_picked":["Hologram","Leap"],"picked":"Consume","floor":1.0},{"not_picked":["Steam","Go for the Eyes"],"picked":"Sweeping Beam","floor":2.0},{"not_picked":["Redo","Genetic Algorithm"],"picked":"Go for the Eyes","floor":4.0},{"not_picked":["Steam","Hyperbeam"],"picked":"Lockon","floor":6.0},{"not_picked":["Gash","Rebound"],"picked":"Conserve Battery","floor":8.0},{"not_picked":["Sweeping Beam","Gash","Compile Driver"],"picked":"SKIP","floor":12.0},{"not_picked":["Machine Learning","Amplify"],"picked":"Echo Form","floor":16},{"not_picked":["Conserve Battery","White Noise"],"picked":"Turbo","floor":18},{"not_picked":["Streamline","Cold Snap","Beam Cell"],"picked":"SKIP","floor":20},{"not_picked":["Lockon","Go for the Eyes","Aggregate"],"picked":"SKIP","floor":21},{"not_picked":["Redo","Genetic Algorithm"],"picked":"Hologram","floor":24},{"not_picked":["Melter","Leap"],"picked":"Consume","floor":25},{"not_picked":["Cold Snap","Machine Learning"],"picked":"Recycle+1","floor":27}],"player_experience":1324660,"relics_obtained":[{"floor":5.0,"key":"Omamori"},{"floor":6.0,"key":"Blood Vial"},{"floor":8.0,"key":"Odd Mushroom"},{"floor":9.0,"key":"PreservedInsect"},{"floor":25,"key":"Potion Belt"},{"floor":26,"key":"Vajra"}],"event_choices":[{"damage_healed":0.0,"max_hp_gain":0.0,"max_hp_loss":0.0,"gold_gain":0.0,"cards_transformed":["Strike_B"],"event_name":"Living Wall","player_choice":"Change","floor":3.0,"gold_loss":0.0,"damage_taken":0.0,"cards_obtained":["Steam Power"]},{"damage_healed":0.0,"max_hp_gain":0.0,"max_hp_loss":0.0,"gold_gain":0.0,"event_name":"Mushrooms","player_choice":"Fought Mushrooms","floor":8.0,"gold_loss":0.0,"damage_taken":0.0},{"damage_healed":0.0,"max_hp_gain":0.0,"max_hp_loss":0.0,"gold_gain":150.0,"event_name":"Liars Game","player_choice":"AGREE","floor":10.0,"gold_loss":0.0,"damage_taken":0.0,"cards_obtained":["Doubt"]},{"damage_healed":0.0,"max_hp_gain":0.0,"max_hp_loss":0.0,"gold_gain":275.0,"event_name":"Golden Shrine","player_choice":"Desecrate","floor":14.0,"gold_loss":0.0,"damage_taken":0.0,"cards_obtained":["Regret"]},{"damage_healed":0,"gold_gain":0,"player_choice":"Ignored","damage_taken":0,"max_hp_gain":0,"max_hp_loss":0,"event_name":"Cursed Tome","floor":22,"gold_loss":0}],"is_beta":false,"boss_relics":[{"not_picked":["Calling Bell","Empty Cage"],"picked":"Inserter"}],"items_purged_floors":[11,19],"is_endless":false,"potions_floor_spawned":[4,6,12,16,18,21,27],"killed_by":"Shelled Parasite and Fungi","ascension_level":20}}