{"host":"bos5votkudm6su2k","time":1611143178,"event":{"mods":["100% Spire Juice","Act Like it!","AlwaysNeverKeys","Arknights The Spire","BaseMod","Chinese 32Bit Patch","Colored Map","Colored Powertips","DeckTracker","Good Game Mod","Marked Mod","Minty Spire (QoL Compilation)","Quick Restart","StSLib","SuperFastMode","The Invoker Mod","Waifu the Spire"],"gold_per_floor":[109,125,125,200,223,223,238,258,282,282,303,317,338,382,382,382,382],"floor_reached":16,"language":"ZHS","playtime":618,"items_purged":[],"score":106,"play_id":"eed1737c-506a-41bf-80ea-1f07925b302c","local_time":"20210120194618","is_ascension_mode":false,"campfire_choices":[{"data":"ats:Closed Bolt Burst Fire","floor":6,"key":"SMITH"},{"data":"ats:Shell Defense","floor":10,"key":"SMITH"},{"floor":15,"key":"REST"}],"circlet_count":0,"master_deck":["ats:Strike G","ats:Strike S","ats:Armor Crushing Shot","ats:Defend","ats:Defend","ats:Defend","ats:Defend","ats:Emotion Absorption","ats:Closed Bolt Burst Fire+1","ats:Shadow Raid","ats:Song Of Battle","ats:Cat Scratch","ats:Hammer On","ats:Leaping Hammer","ats:Shell Defense+1","ats:Shadow Raid","ats:Childhood Dance","ats:Hammer On","ats:Hook Shot"],"relics":["ats:Sanity","REME:ComplimentaryCards","Golden Idol","Toy Ornithopter","ats:Originium","Blood Vial"],"acts_visited":["Exordium"],"potions_floor_usage":[12,13,13],"damage_taken":[{"damage":6,"enemies":"Jaw Worm","floor":1,"turns":3},{"damage":2,"enemies":"2 Louse","floor":2,"turns":2},{"damage":0,"enemies":"Small Slimes","floor":5,"turns":3},{"damage":8,"enemies":"Red Slaver","floor":7,"turns":3},{"damage":14,"enemies":"Large Slime","floor":8,"turns":4},{"damage":4,"enemies":"Gremlin Gang","floor":11,"turns":4},{"damage":7,"enemies":"Blue Slaver","floor":12,"turns":4},{"damage":0,"enemies":"Large Slime","floor":13,"turns":5},{"damage":13,"enemies":"3 Sentries","floor":14,"turns":9},{"damage":31,"enemies":"Hexaghost","floor":16,"turns":9}],"seed_played":"5632351306379392719","potions_obtained":[{"floor":2,"key":"Explosive Potion"},{"floor":7,"key":"Energy Potion"},{"floor":11,"key":"ColorlessPotion"}],"is_trial":false,"path_per_floor":["M","M","?","?","M","R","M","M","T","R","M","M","M","E","R","B"],"character_chosen":"DOCTOR_CLASS","items_purchased":[],"campfire_rested":1,"item_purchase_floors":[],"current_hp_per_floor":[59,57,41,30,30,30,22,8,8,8,4,2,15,2,21,0,0],"gold":382,"neow_bonus":"TRANSFORM_TWO_CARDS","is_daily":false,"chose_seed":false,"campfire_upgraded":2,"win_rate":0.0,"timestamp":1611143178,"path_taken":["M","M","?","?","M","R","M","M","T","R","M","M","M","E","R","BOSS"],"items_purchased_type":[],"build_version":"2020-12-22","purchased_purges":0,"victory":false,"max_hp_per_floor":[65,65,65,65,65,65,65,65,65,65,65,65,65,65,65,65,65],"card_choices":[{"not_picked":["ats:Curse Doll","ats:Hammer On"],"picked":"ats:Song Of Battle","floor":1},{"not_picked":["ats:Collapsing Strike","ats:Powerful Strike"],"picked":"ats:Cat Scratch","floor":2},{"not_picked":["ats:Consecutive Shot Auto","ats:Explosion Area Strengthen"],"picked":"ats:Hammer On","floor":5},{"not_picked":["ats:Flame Of Heaven","ats:Guardian Obelisk"],"picked":"ats:Leaping Hammer","floor":7},{"not_picked":["ats:Volcano","ats:Composite Medical Shells"],"picked":"ats:Shell Defense","floor":8},{"not_picked":["ats:Consecutive Shot Auto","ats:Burning Ground"],"picked":"ats:Shadow Raid","floor":11},{"not_picked":["ats:LN2 Cannon","ats:Ignite"],"picked":"ats:Childhood Dance","floor":12},{"not_picked":["ats:Apocalypse","ats:Guardian Obelisk"],"picked":"ats:Hammer On","floor":13},{"not_picked":["ats:Curse Doll","ats:Apocalypse"],"picked":"ats:Hook Shot","floor":14}],"player_experience":447774,"relics_obtained":[{"floor":9,"key":"Toy Ornithopter"},{"floor":14,"key":"ats:Originium"},{"floor":14,"key":"Blood Vial"}],"event_choices":[{"damage_healed":0,"gold_gain":0,"player_choice":"Take Damage","damage_taken":16,"relics_obtained":["Golden Idol"],"max_hp_gain":0,"max_hp_loss":0,"event_name":"Golden Idol","floor":3,"gold_loss":0},{"damage_healed":0,"gold_gain":75,"player_choice":"Gather Gold","damage_taken":11,"max_hp_gain":0,"max_hp_loss":0,"event_name":"World of Goop","floor":4,"gold_loss":0}],"is_beta":false,"boss_relics":[],"items_purged_floors":[],"is_endless":false,"potions_floor_spawned":[2,7,11],"killed_by":"Hexaghost","ascension_level":0}}