{"host":"7tvb1em0d2fx72q7","time":1611108411,"event":{"mods":["BaseMod","Challenge The Spire","Minty Spire (QoL Compilation)","StSLib","everything is the same but u backflip on backflip"],"gold_per_floor":[119,138,158,172,185,215,215,244,270,270,295,295,295,306,306,380,380,391,391,405,424,126,126,160,160,160,193,193,52,68,80,80,80,80],"floor_reached":33,"language":"ENG","playtime":2684,"items_purged":["Strike_P","Strike_P"],"score":614,"play_id":"e18a217d-91ab-4625-bdb2-bbb7c975dae7","local_time":"20210119210651","is_ascension_mode":true,"campfire_choices":[{"data":"Brilliance","floor":7.0,"key":"SMITH"},{"data":"WheelKick","floor":10.0,"key":"SMITH"},{"floor":13.0,"key":"REST"},{"floor":15.0,"key":"REST"},{"data":"Panache","floor":23.0,"key":"SMITH"},{"data":"BattleHymn","floor":25,"key":"SMITH"},{"floor":32,"key":"REST"}],"circlet_count":0,"master_deck":["AscendersBane","Strike_P","Strike_P+1","Defend_P","Defend_P","Defend_P","Defend_P","Eruption+1","Vigilance","Brilliance+1","Pray","BowlingBash+1","EmptyFist","Weave","Conclude","FlurryOfBlows+1","WheelKick+1","Tantrum","Protect","Devotion","ThirdEye","Sanctity","EmptyBody","Panache+1","Crescendo","BattleHymn+1","SpiritShield","Adaptation","CrushJoints","Meditate"],"relics":["PureWater","Question Card","MealTicket","Lantern","Whetstone","VioletLotus","Strawberry","GoldenEye","Blue Candle"],"acts_visited":["Exordium","TheCity"],"potions_floor_usage":[24,27,30,33],"damage_taken":[{"damage":0.0,"enemies":"2 Louse","floor":1.0,"turns":2.0},{"damage":2.0,"enemies":"Jaw Worm","floor":2.0,"turns":3.0},{"damage":0.0,"enemies":"Cultist","floor":3.0,"turns":3.0},{"damage":3.0,"enemies":"Blue Slaver","floor":4.0,"turns":3.0},{"damage":0.0,"enemies":"Gremlin Gang","floor":5.0,"turns":4.0},{"damage":0.0,"enemies":"Lagavulin","floor":6.0,"turns":4.0},{"damage":7.0,"enemies":"3 Sentries","floor":8.0,"turns":5.0},{"damage":28.0,"enemies":"Gremlin Nob","floor":11.0,"turns":4.0},{"damage":0.0,"enemies":"Large Slime","floor":14.0,"turns":2.0},{"damage":17.0,"enemies":"The Guardian","floor":16.0,"turns":9.0},{"damage":12.0,"enemies":"2 Thieves","floor":18.0,"turns":3.0},{"damage":0.0,"enemies":"Chosen","floor":20.0,"turns":2.0},{"damage":13.0,"enemies":"Centurion and Healer","floor":21.0,"turns":3.0},{"damage":20,"enemies":"Book of Stabbing","floor":24,"turns":5},{"damage":27,"enemies":"Slavers","floor":27,"turns":3},{"damage":3,"enemies":"Shelled Parasite and Fungi","floor":30,"turns":3},{"damage":6,"enemies":"Sentry and Sphere","floor":31,"turns":4},{"damage":79,"enemies":"Automaton","floor":33,"turns":6}],"seed_played":"5416429780658385926","potions_obtained":[{"floor":3.0,"key":"Energy Potion"},{"floor":4.0,"key":"FearPotion"},{"floor":8.0,"key":"Explosive Potion"},{"floor":18.0,"key":"Weak Potion"},{"floor":21.0,"key":"SpeedPotion"},{"floor":24,"key":"SpeedPotion"},{"floor":28,"key":"Block Potion"}],"is_trial":false,"path_per_floor":["M","M","M","M","M","E","R","E","T","R","E","?","R","M","R","B",null,"M","?","M","M","$","R","E","R","T","E","?","$","M","M","R","B"],"character_chosen":"WATCHER","items_purchased":["Panache","Crescendo","Adaptation"],"campfire_rested":3,"item_purchase_floors":[22,22,29],"current_hp_per_floor":[61,59,59,56,56,56,56,49,49,49,21,2,20,20,38,21,52,40,40,40,27,42,42,29,29,29,2,2,17,14,8,28,0,0],"gold":80,"neow_bonus":"THREE_RARE_CARDS","is_daily":false,"chose_seed":false,"campfire_upgraded":4,"win_rate":0.0,"timestamp":1611108411,"path_taken":["M","M","M","M","M","E","R","E","T","R","E","?","R","M","R","BOSS","M","?","?","M","$","R","E","R","T","E","?","$","?","M","R","BOSS"],"items_purchased_type":["Card","Card","Card"],"build_version":"2020-12-22","purchased_purges":2,"victory":false,"max_hp_per_floor":[62,62,62,62,62,62,62,62,62,62,62,62,62,62,62,62,62,62,62,62,62,62,62,69,69,69,69,69,69,69,69,69,69,69],"card_choices":[{"not_picked":["Establishment","MasterReality"],"picked":"Brilliance","floor":0.0},{"not_picked":["Consecrate","Halt"],"picked":"Pray","floor":1.0},{"not_picked":["Collect","Swivel"],"picked":"BowlingBash","floor":2.0},{"not_picked":["DeceiveReality","JustLucky"],"picked":"EmptyFist","floor":3.0},{"not_picked":["Study","FlyingSleeves"],"picked":"Weave","floor":4.0},{"not_picked":["Omniscience","Evaluate"],"picked":"Conclude","floor":5.0},{"not_picked":["FlyingSleeves","Alpha"],"picked":"FlurryOfBlows","floor":6.0},{"not_picked":["Swivel","BattleHymn","SignatureMove"],"picked":"WheelKick","floor":8.0},{"not_picked":["BowlingBash","SignatureMove","ThirdEye"],"picked":"Tantrum","floor":11.0},{"not_picked":["CutThroughFate","ClearTheMind","Evaluate"],"picked":"Protect","floor":14.0},{"not_picked":["Wish","SpiritShield","Vault"],"picked":"Devotion","floor":16.0},{"not_picked":["Halt","Crescendo","Prostrate"],"picked":"ThirdEye","floor":18.0},{"not_picked":["PathToVictory","FollowUp","Perseverance"],"picked":"Sanctity","floor":20.0},{"not_picked":["SashWhip","ClearTheMind","WheelKick"],"picked":"EmptyBody","floor":21.0},{"not_picked":["Consecrate","Blasphemy","PathToVictory"],"picked":"BattleHymn","floor":24},{"not_picked":["Protect","Indignation","Evaluate"],"picked":"SpiritShield","floor":27},{"not_picked":["FlyingSleeves","EmptyBody","Protect"],"picked":"CrushJoints","floor":30},{"not_picked":["Vengeance+1","ClearTheMind","SandsOfTime+1"],"picked":"Meditate","floor":31}],"player_experience":1938859,"relics_obtained":[{"floor":6.0,"key":"Question Card"},{"floor":8.0,"key":"MealTicket"},{"floor":9.0,"key":"Lantern"},{"floor":11.0,"key":"Whetstone"},{"floor":24,"key":"Strawberry"},{"floor":26,"key":"GoldenEye"},{"floor":27,"key":"Blue Candle"}],"event_choices":[{"damage_healed":0.0,"max_hp_gain":0.0,"max_hp_loss":0.0,"gold_gain":0.0,"event_name":"Shining Light","player_choice":"Entered Light","floor":12.0,"gold_loss":0.0,"damage_taken":19.0,"cards_upgraded":["FlurryOfBlows","BowlingBash"]},{"damage_healed":0.0,"max_hp_gain":0.0,"max_hp_loss":0.0,"gold_gain":0.0,"event_name":"Match and Keep!","player_choice":"0 cards matched","floor":19.0,"gold_loss":0.0,"damage_taken":0.0,"cards_obtained":[]},{"damage_healed":0,"gold_gain":0,"player_choice":"Got Potions","damage_taken":0,"max_hp_gain":0,"max_hp_loss":0,"event_name":"Lab","floor":28,"gold_loss":0}],"is_beta":false,"boss_relics":[{"not_picked":["SlaversCollar","Astrolabe"],"picked":"VioletLotus"}],"items_purged_floors":[22,29],"is_endless":false,"potions_floor_spawned":[3,4,5,8,18,21,24],"killed_by":"Automaton","ascension_level":17}}