{"host":"bxdue9bkfm2khp2x","time":1611112132,"event":{"mods":["ATMod(阿瑾Mod)","Arknights The Spire","Aspiration","BaseMod","Better Vampires","Challenge The Spire","Colored Map","Colored Powertips","Conspire","Decade(王小明)","Dota2Spire","Highlight Path","Minty Spire (QoL Compilation)","MostiFishMod","Remilia（蕾米莉亚）","Replay The Spire","RumiaBox-露米娅的神秘盒子","Ryuuou龙王","Spicy Shops","StSLib","Td1madao Mod","The Alterego","The Bug Knight","The Cursed","The Servant 0.9.4","WarShipGirlsR/战舰少女R mod","noobMod","vexMod","【功能Mod】混沌之环修复补丁","【遗物卡牌】REMEMod","篝火指南"],"gold_per_floor":[119,130,130,147,147,147,179,179,260,274,292,173,173,185,185,259,259,273,291,206,656,667,667,679,679,748,748,668,668,165,181,181,264,264,283,283,325,406,425,425,438,33,33,48,48,75,101,26,26,41,41],"floor_reached":52,"language":"ZHS","playtime":9748,"items_purged":["Strike_S","Defend_S","Parasite","Strike_S"],"score":1968,"play_id":"6a8c4487-27a3-4965-b7af-7e83e8bc3a23","local_time":"20210120110852","is_ascension_mode":true,"campfire_choices":[{"data":"MoonPhase","floor":6.0,"key":"SMITH"},{"data":"Footwork","floor":8.0,"key":"SMITH"},{"data":"MoonPhase","floor":15.0,"key":"SMITH"},{"data":"Luminosity","floor":23.0,"key":"SMITH"},{"data":"TheWorld","floor":25.0,"key":"SMITH"},{"data":"Manipulate","floor":29.0,"key":"SMITH"},{"data":"Potential","floor":32.0,"key":"SMITH"},{"data":"RealityMarble","floor":32.0,"key":"SMITH"},{"data":"SoulSculpture","floor":40.0,"key":"SMITH"},{"data":"SpecialFormula","floor":40.0,"key":"SMITH"},{"data":"SpecialFormula","floor":45.0,"key":"SMITH"},{"data":"LightFlow","floor":45.0,"key":"SMITH"},{"data":"DoubleEdge","floor":49,"key":"SMITH"},{"data":"FlawlessForm","floor":49,"key":"SMITH"}],"circlet_count":0,"master_deck":["AscendersBane","Strike_S","Defend_S","Defend_S","KidneyShot","Exchange","Footwork+1","AT_TwilightShroud","MoonPhase+1","Potential+1","MoonPhase+1","RealityMarble+1","Manipulate+1","MurderousAura","Luminosity+1","BottledTime+1","DoubleEdge+1","TheWorld+1","Deadline+1","SpecialFormula+1","Defy+1","FlawlessForm+1","Unruled+1","SoulSculpture+1","SpecialFormula+1","LightFlow+1","Spin+1"],"relics":["Uniform","DaveBox","REME_ComplimentaryCards","ice","AT_ATBox","BionicSphere","NeowsBlessing","SynthV:TestCard","Divine Protection","AT_ForceNature","aspiration:TrustyKnives","vexMod:ConsolationPrize","Replay:Arrowhead","vexMod:BigBerry","War Paint","Dota2Spire:MaskOfMadness","Membership Card","ImprovedEquipment","aspiration:ChemicalBlood","Ancient Tea Set"],"acts_visited":["Exordium","TheCity","TheBeyond"],"potions_floor_usage":[50],"damage_taken":[{"damage":0.0,"enemies":"Small Slimes","floor":1.0,"turns":1.0},{"damage":0.0,"enemies":"Jaw Worm","floor":2.0,"turns":1.0},{"damage":0.0,"enemies":"Cultist","floor":4.0,"turns":1.0},{"damage":14.0,"enemies":"3 Sentries","floor":7.0,"turns":19.0},{"damage":0.0,"enemies":"3 Louse","floor":10.0,"turns":5.0},{"damage":0.0,"enemies":"Blue Slaver","floor":11.0,"turns":5.0},{"damage":0.0,"enemies":"Large Slime","floor":14.0,"turns":8.0},{"damage":0.0,"enemies":"Fading Forest","floor":16.0,"turns":13.0},{"damage":0.0,"enemies":"Shell Parasite","floor":18.0,"turns":8.0},{"damage":0.0,"enemies":"Chosen","floor":19.0,"turns":7.0},{"damage":18.0,"enemies":"Centurion and Healer","floor":22.0,"turns":9.0},{"damage":0.0,"enemies":"Snecko","floor":24.0,"turns":9.0},{"damage":0.0,"enemies":"conspire:HollyBat","floor":31.0,"turns":8.0},{"damage":9.0,"enemies":"Pondfish","floor":33.0,"turns":17.0},{"damage":0.0,"enemies":"Orb Walker","floor":35.0,"turns":5.0},{"damage":29.0,"enemies":"3 Darklings","floor":37.0,"turns":7.0},{"damage":9.0,"enemies":"Sphere and 2 Shapes","floor":39.0,"turns":9.0},{"damage":0.0,"enemies":"Maw","floor":41.0,"turns":7.0},{"damage":0.0,"enemies":"Writhing Mass","floor":44.0,"turns":8.0},{"damage":15.0,"enemies":"4 Shapes","floor":46.0,"turns":7.0},{"damage":0,"enemies":"Nemesis","floor":47,"turns":13},{"damage":15,"enemies":"Awakened One","floor":50,"turns":13},{"damage":0,"enemies":"conspire:OrnateMirror","floor":51,"turns":9}],"seed_played":"3233359752723144617","potions_obtained":[{"floor":2.0,"key":"Strength Potion"},{"floor":7.0,"key":"EssenceOfSteel"},{"floor":19.0,"key":"LifebloodPotion"},{"floor":33.0,"key":"LiquidMemories"},{"floor":37.0,"key":"conspire:TimeTravelPotion"},{"floor":39.0,"key":"SneckoOil"},{"floor":44.0,"key":"PowerPotion"}],"is_trial":false,"path_per_floor":["M","M","?","M","?","R","E","R","T","M","M","$","?","M","R","B",null,"M","M","?","?","M","R","M","R","T","?","?","R","$","M","R","B",null,"M","?","M","?","M","R","M","$","T","M","R","M","E","$","R","B","B",null],"character_chosen":"THE_SERVANT","items_purchased":["Manipulate","Replay:Arrowhead","Defy","Dota2Spire:MaskOfMadness","SpecialFormula","Membership Card","ImprovedEquipment"],"campfire_rested":0,"item_purchase_floors":[12,30,30,42,42,42,42],"current_hp_per_floor":[54,54,51,51,51,51,37,37,37,37,37,37,37,37,37,45,56,56,56,56,34,16,16,16,16,16,16,16,16,16,21,21,17,79,84,84,60,31,36,36,44,44,44,57,57,58,74,74,74,75,87],"gold":41,"neow_bonus":"THREE_ENEMY_KILL","is_daily":false,"chose_seed":false,"campfire_upgraded":14,"win_rate":0.0,"timestamp":1611112132,"path_taken":["M","M","?","M","?","R","E","R","T","M","M","$","?","M","R","BOSS","M","M","?","?","?","R","M","R","T","?","?","R","$","M","R","BOSS","M","?","M","?","M","R","M","$","T","M","R","M","E","?","R","BOSS","BOSS"],"items_purchased_type":["Card","Relic","Card","Relic","Card","Relic","Relic"],"build_version":"2020-12-22","purchased_purges":4,"victory":true,"max_hp_per_floor":[60,60,60,60,60,60,60,60,60,60,60,60,60,60,60,60,60,60,60,60,60,60,60,60,60,60,60,60,60,60,60,60,60,90,90,90,90,90,90,90,90,87,87,87,87,87,87,87,87,87,87],"card_choices":[{"not_picked":["Collapse","Spin","TimeWarp"],"picked":"SKIP","floor":1.0},{"not_picked":["Hightail","Unruled","Starlight","Ricochet"],"picked":"MoonPhase","floor":2.0},{"not_picked":["TimeWarp","Foresight","Defy","Spin","Revamp"],"picked":"SKIP","floor":4.0},{"not_picked":["StarChef","Deny","ShatteredReality","Ricochet"],"picked":"Potential","floor":7.0},{"not_picked":["Replace","ShatteredReality","SurpressingFire","BottledTime"],"picked":"MoonPhase","floor":10.0},{"not_picked":["DancingSilver","Potential","Alleviate","Revamp"],"picked":"RealityMarble","floor":11.0},{"not_picked":["Starlight","TimeWarp","Collapse","Revamp","Rewind"],"picked":"SKIP","floor":14.0},{"not_picked":["Sunlight","TheWorld","Initiator","ForgedInTime"],"picked":"MurderousAura","floor":16.0},{"not_picked":["Sabotage","BestPractice+1","Spin","Deadline"],"picked":"Luminosity","floor":18.0},{"not_picked":["Starlight","Ricochet","Defy","Alleviate"],"picked":"BottledTime+1","floor":19.0},{"not_picked":["Orbit","RealityMarble","DancingSilver","DualDimension"],"picked":"DoubleEdge","floor":22.0},{"not_picked":["Orbit","Replace+1","Spin","Potential"],"picked":"TheWorld","floor":24.0},{"not_picked":["InstantArmor","SurpressingFire","DualDimension","ShatteredReality+1","WasteNot"],"picked":"SKIP","floor":31.0},{"not_picked":["PendulumOfEternity","TrueSight","SilverMatrix","Initiator"],"picked":"FlawlessForm","floor":33.0},{"not_picked":["Gouge+1","Foresight","BottledTime","ShatteredReality","Defy+1"],"picked":"SKIP","floor":35.0},{"not_picked":["Ricochet+1","DoubleEdge","Moonlight","Replace+1","Rewind"],"picked":"SKIP","floor":37.0},{"not_picked":["Starlight+1","Rearm","DoubleEdge","ShatteredReality+1"],"picked":"Unruled+1","floor":38.0},{"not_picked":["Revamp","Potential","Gouge","SilverBlades"],"picked":"SoulSculpture","floor":39.0},{"not_picked":["TimeWarp","DoubleEdge","Hightail","Potential","Revamp"],"picked":"SKIP","floor":41.0},{"not_picked":["Ricochet","Rearm","ShiftingGears","Potential"],"picked":"LightFlow","floor":44.0},{"not_picked":["FastForward","Rearm","DancingSilver","Replace","Alleviate+1"],"picked":"SKIP","floor":46.0},{"not_picked":["Unruled+1","Hightail","KillingDoll","Alleviate"],"picked":"Spin+1","floor":47}],"player_experience":1286486,"relics_obtained":[{"floor":1.0,"key":"SynthV:TestCard"},{"floor":7.0,"key":"Divine Protection"},{"floor":9.0,"key":"AT_ForceNature"},{"floor":26.0,"key":"vexMod:ConsolationPrize"},{"floor":38.0,"key":"War Paint"},{"floor":43.0,"key":"aspiration:ChemicalBlood"},{"floor":47,"key":"Ancient Tea Set"}],"event_choices":[{"damage_healed":0.0,"max_hp_gain":0.0,"max_hp_loss":0.0,"gold_gain":0.0,"event_name":"conspire:Investor","player_choice":"Leave","floor":3.0,"gold_loss":0.0,"damage_taken":0.0},{"damage_healed":0.0,"max_hp_gain":0.0,"max_hp_loss":0.0,"gold_gain":0.0,"event_name":"Liars Game","player_choice":"Ignored","floor":5.0,"gold_loss":0.0,"damage_taken":0.0},{"damage_healed":0.0,"max_hp_gain":0.0,"max_hp_loss":0.0,"gold_gain":0.0,"event_name":"Addict","player_choice":"Obtained Relic","floor":20.0,"gold_loss":85.0,"damage_taken":0.0,"relics_obtained":["aspiration:TrustyKnives"]},{"damage_healed":0.0,"max_hp_gain":0.0,"max_hp_loss":0.0,"gold_gain":450.0,"event_name":"Knowing Skull","player_choice":"GOLD GOLD GOLD GOLD GOLD ","floor":21.0,"potions_obtained":[],"gold_loss":0.0,"damage_taken":46.0,"cards_obtained":[]},{"damage_healed":0.0,"max_hp_gain":0.0,"max_hp_loss":0.0,"gold_gain":0.0,"cards_transformed":["Strike_S","Defend_S"],"event_name":"Drug Dealer","player_choice":"Became Test Subject","floor":27.0,"gold_loss":0.0,"damage_taken":0.0,"cards_obtained":["Deadline","SpecialFormula"]},{"damage_healed":0.0,"max_hp_gain":0.0,"max_hp_loss":0.0,"gold_gain":0.0,"event_name":"Mysterious Sphere","player_choice":"Ignored","floor":36.0,"gold_loss":0.0,"damage_taken":0.0}],"is_beta":false,"boss_relics":[{"not_picked":["REME_ChargedStone","HereWithMe","vexMod:FluxCapacitor"]},{"not_picked":["GreenFoldingFan","aspiration:SilentSkillbook"],"picked":"vexMod:BigBerry"}],"items_purged_floors":[12,30,42,48],"is_endless":false,"potions_floor_spawned":[2,7,11,19,33,37,39,44],"ascension_level":20}}