{"host":"jn2qdns2nxijvlnt","time":1611128830,"event":{"mods":["BaseMod","Minty Spire (QoL Compilation)","Quick Restart"],"gold_per_floor":[111,111,111,10,24,24,55,6,79,95,95,105,139,162,162,267,267,282,282,296,308,223,223,248,248,248,248,265,291,291,316,316,418,418,433,470,29,29,48,48,11,11,35,64,77,42,42,54,54,54],"floor_reached":51,"language":"ENG","playtime":3467,"items_purged":[],"score":1172,"play_id":"538b7077-9290-409b-a5ca-44d3fdd0e21d","local_time":"20210120024710","is_ascension_mode":true,"campfire_choices":[{"floor":6.0,"key":"REST"},{"floor":11.0,"key":"REST"},{"data":"Backflip","floor":15.0,"key":"SMITH"},{"floor":23.0,"key":"REST"},{"floor":25.0,"key":"REST"},{"floor":27.0,"key":"REST"},{"data":"Caltrops","floor":32.0,"key":"SMITH"},{"floor":40,"key":"REST"},{"floor":42,"key":"REST"},{"data":"Venomology","floor":49,"key":"SMITH"}],"circlet_count":0,"master_deck":["Strike_G+1","Strike_G","Strike_G","Strike_G+1","Strike_G+1","Defend_G","Defend_G","Defend_G","Defend_G","Defend_G","Survivor","Neutralize","Slice","Backflip+1","Dagger Spray+1","Flying Knee","Venomology+1","Cloak And Dagger","Leg Sweep","Terror","Terror","Caltrops+1","Burst+1","Accuracy","Infinite Blades+1","Cloak And Dagger+1","Footwork"],"relics":["Ring of the Snake","NeowsBlessing","PreservedInsect","Bag of Marbles","Matryoshka","Whetstone","Smiling Mask","Omamori","SlaversCollar","Toy Ornithopter","Oddly Smooth Stone","Regal Pillow","Kunai","Snake Skull","Toxic Egg 2","Calling Bell","Ancient Tea Set","InkBottle","Peace Pipe","HandDrill","Strawberry","Nunchaku","Boot","HornCleat"],"acts_visited":["TheCity","TheBeyond"],"potions_floor_usage":[39,44,44,45,45,48,48,50,50],"damage_taken":[{"damage":0.0,"enemies":"Small Slimes","floor":1.0,"turns":1.0},{"damage":0.0,"enemies":"Jaw Worm","floor":5.0,"turns":1.0},{"damage":0.0,"enemies":"Lagavulin","floor":7.0,"turns":1.0},{"damage":0.0,"enemies":"2 Louse","floor":10.0,"turns":2.0},{"damage":6.0,"enemies":"Exordium Thugs","floor":12.0,"turns":4.0},{"damage":0.0,"enemies":"Gremlin Nob","floor":13.0,"turns":3.0},{"damage":32.0,"enemies":"The Guardian","floor":16.0,"turns":13.0},{"damage":14.0,"enemies":"2 Thieves","floor":18.0,"turns":3.0},{"damage":12.0,"enemies":"Shell Parasite","floor":20.0,"turns":3.0},{"damage":25.0,"enemies":"Centurion and Healer","floor":21.0,"turns":8.0},{"damage":7.0,"enemies":"Slavers","floor":24.0,"turns":4.0},{"damage":30.0,"enemies":"Cultist and Chosen","floor":28.0,"turns":9.0},{"damage":0.0,"enemies":"Gremlin Leader","floor":29.0,"turns":6.0},{"damage":0.0,"enemies":"Slavers","floor":31.0,"turns":2.0},{"damage":41.0,"enemies":"Collector","floor":33.0,"turns":15.0},{"damage":19.0,"enemies":"3 Shapes","floor":35.0,"turns":6.0},{"damage":8.0,"enemies":"Orb Walker","floor":36.0,"turns":4.0},{"damage":57,"enemies":"Transient","floor":39,"turns":5},{"damage":32,"enemies":"Nemesis","floor":44,"turns":5},{"damage":0,"enemies":"Maw","floor":45,"turns":11},{"damage":3,"enemies":"4 Shapes","floor":48,"turns":11},{"damage":38,"enemies":"Awakened One","floor":50,"turns":19}],"seed_played":"-3593320483846172472","potions_obtained":[{"floor":1.0,"key":"SpeedPotion"},{"floor":12.0,"key":"Energy Potion"},{"floor":13.0,"key":"Strength Potion"},{"floor":16.0,"key":"Explosive Potion"},{"floor":21.0,"key":"Weak Potion"},{"floor":29.0,"key":"Poison Potion"},{"floor":31.0,"key":"Ancient Potion"},{"floor":33.0,"key":"SkillPotion"},{"floor":36.0,"key":"LiquidBronze"},{"floor":44,"key":"Regen Potion"},{"floor":45,"key":"DistilledChaos"},{"floor":48,"key":"GhostInAJar"}],"is_trial":false,"path_per_floor":["M","?","?","$","M","R","E","$","T","M","R","M","E","T","R","B",null,"M","?","M","M","?","R","E","R","T","R","M","E","?","E","R","B",null,"M","M","$","?","M","R","$","R","T","E","M","$","?","M","R","B",null],"character_chosen":"THE_SILENT","items_purchased":["Slice","SkillPotion","Dagger Spray","HandDrill","Strawberry","Nunchaku","Accuracy","Footwork"],"campfire_rested":7,"item_purchase_floors":[4,4,8,37,37,37,41,46],"current_hp_per_floor":[63,49,42,42,42,63,63,63,63,63,70,64,64,64,64,32,61,47,47,35,10,10,31,34,55,55,70,42,47,70,70,70,29,60,51,48,55,55,3,41,41,77,77,55,77,77,77,74,74,44],"gold":54,"neow_bonus":"THREE_ENEMY_KILL","is_daily":false,"chose_seed":false,"campfire_upgraded":3,"win_rate":0.0,"timestamp":1611128830,"path_taken":["M","?","?","?","M","R","E","$","T","M","R","M","E","?","R","BOSS","M","?","M","M","?","R","E","R","T","R","M","E","?","E","R","BOSS","M","M","$","?","M","R","$","R","T","E","M","$","?","M","R","BOSS"],"items_purchased_type":["Card","Potion","Card","Relic","Relic","Relic","Card","Card"],"build_version":"2020-12-22","purchased_purges":0,"victory":true,"max_hp_per_floor":[70,70,70,70,70,70,70,70,70,70,70,70,70,70,70,70,70,70,70,70,70,70,70,70,70,70,70,70,70,70,70,70,70,70,70,70,77,77,77,77,77,77,77,77,77,77,77,77,77,77],"card_choices":[{"not_picked":["Expertise","Well Laid Plans","Calculated Gamble"],"picked":"SKIP","floor":1.0},{"not_picked":["Footwork","Acrobatics"],"picked":"Backflip","floor":5.0},{"not_picked":["Outmaneuver","Acrobatics","Prepared"],"picked":"SKIP","floor":7.0},{"not_picked":["Riddle With Holes","Deadly Poison","Concentrate"],"picked":"SKIP","floor":10.0},{"not_picked":["Escape Plan","Reflex","Backflip"],"picked":"SKIP","floor":12.0},{"not_picked":["Quick Slash","Calculated Gamble"],"picked":"Flying Knee","floor":13.0},{"not_picked":["Wraith Form v2","Tools of the Trade"],"picked":"Venomology","floor":16.0},{"not_picked":["Dagger Throw","Dash+1"],"picked":"Cloak And Dagger","floor":18.0},{"not_picked":["Backflip","Escape Plan","Riddle With Holes"],"picked":"SKIP","floor":20.0},{"not_picked":["Noxious Fumes","PiercingWail+1"],"picked":"Leg Sweep","floor":21.0},{"not_picked":["Die Die Die","Tactician"],"picked":"Terror","floor":24.0},{"not_picked":["Leg Sweep","Outmaneuver","Calculated Gamble"],"picked":"SKIP","floor":28.0},{"not_picked":["Expertise+1","Doppelganger"],"picked":"Terror","floor":29.0},{"not_picked":["Escape Plan+1","All Out Attack+1"],"picked":"Caltrops","floor":31.0},{"not_picked":["Bullet Time+1","Doppelganger+1"],"picked":"Burst+1","floor":33.0},{"not_picked":["Flying Knee","Dagger Throw","Eviscerate"],"picked":"SKIP","floor":35.0},{"not_picked":["Outmaneuver+1","All Out Attack+1","Acrobatics+1"],"picked":"SKIP","floor":36.0},{"not_picked":["Concentrate+1","Bane","Dodge and Roll+1"],"picked":"SKIP","floor":39},{"not_picked":["Noxious Fumes","Terror+1"],"picked":"Infinite Blades","floor":44},{"not_picked":["Masterful Stab+1","Deflect+1"],"picked":"Cloak And Dagger+1","floor":45},{"not_picked":["Well Laid Plans","Acrobatics+1","Backflip+1"],"picked":"SKIP","floor":48}],"player_experience":547276,"relics_obtained":[{"floor":7.0,"key":"Bag of Marbles"},{"floor":9.0,"key":"Matryoshka"},{"floor":13.0,"key":"Whetstone"},{"floor":14.0,"key":"Smiling Mask"},{"floor":14.0,"key":"Omamori"},{"floor":24.0,"key":"Oddly Smooth Stone"},{"floor":26.0,"key":"Regal Pillow"},{"floor":26.0,"key":"Kunai"},{"floor":29.0,"key":"Snake Skull"},{"floor":31.0,"key":"Toxic Egg 2"},{"floor":34.0,"key":"Ancient Tea Set"},{"floor":34.0,"key":"InkBottle"},{"floor":34.0,"key":"Peace Pipe"},{"floor":43,"key":"Boot"},{"floor":44,"key":"HornCleat"}],"event_choices":[{"damage_healed":0.0,"max_hp_gain":0.0,"max_hp_loss":0.0,"gold_gain":0.0,"event_name":"Shining Light","player_choice":"Entered Light","floor":2.0,"gold_loss":0.0,"damage_taken":14.0,"cards_upgraded":["Strike_G","Strike_G"]},{"damage_healed":0.0,"max_hp_gain":0.0,"max_hp_loss":0.0,"gold_gain":0.0,"event_name":"Scrap Ooze","player_choice":"Success","floor":3.0,"gold_loss":0.0,"damage_taken":7.0,"relics_obtained":["PreservedInsect"]},{"damage_healed":0.0,"max_hp_gain":0.0,"max_hp_loss":0.0,"gold_gain":0.0,"event_name":"Vampires","player_choice":"Ignored","floor":19.0,"gold_loss":0.0,"damage_taken":0.0},{"damage_healed":0.0,"max_hp_gain":0.0,"max_hp_loss":0.0,"gold_gain":0.0,"event_name":"Addict","player_choice":"Obtained Relic","floor":22.0,"gold_loss":85.0,"damage_taken":0.0,"relics_obtained":["Toy Ornithopter"]},{"damage_healed":23.0,"max_hp_gain":0.0,"max_hp_loss":0.0,"gold_gain":0.0,"event_name":"The Library","player_choice":"Heal","floor":30.0,"gold_loss":0.0,"damage_taken":0.0},{"damage_healed":0,"gold_gain":0,"player_choice":"Ignored","damage_taken":0,"max_hp_gain":0,"max_hp_loss":0,"event_name":"Mysterious Sphere","floor":38,"gold_loss":0},{"damage_healed":0,"gold_gain":0,"player_choice":"Upgraded","damage_taken":0,"max_hp_gain":0,"max_hp_loss":0,"event_name":"Upgrade Shrine","floor":47,"gold_loss":0,"cards_upgraded":["Infinite Blades"]}],"is_beta":false,"boss_relics":[{"not_picked":["Ring of the Serpent","Empty Cage"],"picked":"SlaversCollar"},{"not_picked":["WristBlade","Black Star"],"picked":"Calling Bell"}],"items_purged_floors":[],"is_endless":false,"potions_floor_spawned":[1,12,13,16,21,29,31,33,36,44,45,48],"ascension_level":9}}