{"host":"reugk9pd1uotrglt","time":1611181997,"event":{"mods":["AchievementEnabler","BaseMod","BetterRewards","Colored Map","Custom Start","DeckTracker","Minty Spire (QoL Compilation)","Permanent Neow","Quick Restart","SuperFastMode"],"gold_per_floor":[159,234,252,304,71,71,105,105,105,119,119,32,32,47,47,121,121,121,121,121,4,22,22,22,22],"floor_reached":24,"language":"ENG","playtime":739,"items_purged":[],"score":384,"play_id":"6673eab1-44b7-4f52-a540-99c765dd15b3","local_time":"20210120233317","is_ascension_mode":true,"campfire_choices":[{"data":"Apotheosis","floor":6,"key":"SMITH"},{"floor":8,"key":"REST"},{"data":"Neutralize","floor":11,"key":"SMITH"},{"data":"Noxious Fumes","floor":15,"key":"SMITH"},{"data":"Dash","floor":23,"key":"SMITH"}],"circlet_count":0,"master_deck":["AscendersBane","Strike_G","Strike_G","Strike_G","Strike_G+1","Strike_G","Defend_G","Defend_G","Defend_G","Defend_G","Defend_G","Survivor","Neutralize+1","Backflip","Bane","Dash+1","Apotheosis+1","Dagger Throw","Flying Knee","Well Laid Plans","Noxious Fumes+1","Quick Slash","Envenom","Backflip","Underhanded Strike","Footwork+1"],"relics":["Tiny House","Shuriken","Matryoshka","Philosopher\u0027s Stone"],"acts_visited":["Exordium","TheCity"],"potions_floor_usage":[3,14,18,22],"damage_taken":[{"damage":0,"enemies":"2 Louse","floor":1,"turns":5},{"damage":0,"enemies":"Jaw Worm","floor":3,"turns":5},{"damage":24,"enemies":"3 Sentries","floor":7,"turns":8},{"damage":1,"enemies":"Cultist","floor":10,"turns":4},{"damage":4,"enemies":"2 Fungi Beasts","floor":14,"turns":3},{"damage":29,"enemies":"The Guardian","floor":16,"turns":11},{"damage":0,"enemies":"2 Thieves","floor":18,"turns":1},{"damage":6,"enemies":"Spheric Guardian","floor":22,"turns":5},{"damage":49,"enemies":"Snecko","floor":24,"turns":7}],"seed_played":"4884127492204246569","potions_obtained":[{"floor":0,"key":"SmokeBomb"},{"floor":1,"key":"GamblersBrew"},{"floor":7,"key":"Fire Potion"},{"floor":14,"key":"SpeedPotion"},{"floor":16,"key":"DuplicationPotion"}],"is_trial":false,"path_per_floor":["M","?","M","?","$","R","E","R","T","M","R","$","?","M","R","B",null,"M","?","?","$","M","R","M"],"character_chosen":"THE_SILENT","items_purchased":["Apotheosis","Dagger Throw","Noxious Fumes","Backflip","Underhanded Strike"],"campfire_rested":1,"item_purchase_floors":[5,5,12,21,21],"current_hp_per_floor":[64,53,53,53,53,53,29,50,50,49,49,49,49,45,45,16,57,57,37,52,52,46,46,0,0],"gold":22,"neow_bonus":"BOSS_RELIC","is_daily":false,"chose_seed":false,"campfire_upgraded":4,"win_rate":0.0,"timestamp":1611181997,"path_taken":["M","?","M","?","$","R","E","R","T","?","R","$","?","M","R","BOSS","M","?","?","$","M","R","M"],"items_purchased_type":["Card","Card","Card","Card","Card"],"build_version":"2020-12-22","purchased_purges":0,"victory":false,"max_hp_per_floor":[71,71,71,71,71,71,71,71,71,71,71,71,71,71,71,71,71,71,76,76,76,76,76,76,76],"card_choices":[{"not_picked":["Setup","Deadly Poison"],"picked":"Backflip","floor":0},{"not_picked":["Acrobatics","Crippling Poison"],"picked":"Bane","floor":1},{"not_picked":["Bane","Dodge and Roll"],"picked":"Dash","floor":3},{"not_picked":["Bouncing Flask","Unload"],"picked":"Flying Knee","floor":7},{"not_picked":["Predator","Finisher"],"picked":"Well Laid Plans","floor":10},{"not_picked":["Finisher","Blade Dance"],"picked":"Quick Slash","floor":14},{"not_picked":["Bullet Time","A Thousand Cuts"],"picked":"Envenom","floor":16},{"not_picked":["Bouncing Flask","Dagger Spray"],"picked":"Footwork+1","floor":22}],"player_experience":1499829,"relics_obtained":[{"floor":7,"key":"Shuriken"},{"floor":9,"key":"Matryoshka"}],"event_choices":[{"damage_healed":0,"gold_gain":75,"player_choice":"Gather Gold","damage_taken":11,"max_hp_gain":0,"max_hp_loss":0,"event_name":"World of Goop","floor":2,"gold_loss":0},{"damage_healed":0,"gold_gain":52,"player_choice":"Gained Gold","damage_taken":0,"max_hp_gain":0,"max_hp_loss":0,"event_name":"Golden Wing","floor":4,"gold_loss":0},{"damage_healed":0,"gold_gain":0,"player_choice":"Ignored","damage_taken":0,"max_hp_gain":0,"max_hp_loss":0,"event_name":"Liars Game","floor":13,"gold_loss":0},{"damage_healed":0,"gold_gain":0,"player_choice":"Shed Blood","damage_taken":25,"max_hp_gain":5,"max_hp_loss":0,"event_name":"Forgotten Altar","floor":19,"gold_loss":0},{"damage_healed":15,"gold_gain":0,"player_choice":"Heal","damage_taken":0,"max_hp_gain":0,"max_hp_loss":0,"event_name":"The Library","floor":20,"gold_loss":0}],"is_beta":false,"boss_relics":[{"not_picked":["Cursed Key","Runic Pyramid"],"picked":"Philosopher\u0027s Stone"}],"items_purged_floors":[],"is_endless":false,"potions_floor_spawned":[1,7,14,16,18],"killed_by":"Snecko","ascension_level":20}}