{"host":"3rg09hpez9dvrrmz","time":1611180326,"event":{"mods":["Ascension Reborn","BaseMod","Beaked The Cultist","Better Altar","Better Match","Better Note","Better Sensory Stone","Better Skull","Better Third Choice","BetterRewards","Colored Map","Downfall","Hubris","Infinite Spire","Minty Spire (QoL Compilation)","Shade Mod","StSLib","The Bug Knight","TheSwordswoman","slay the spire mod where everything is the same but ironclad has a cowboy hat"],"gold_per_floor":[0,17,34,34,34,19,90,90,114,131,145,145,165,165,182,182,182,182],"floor_reached":16,"language":"ENG","playtime":806,"items_purged":[],"score":92,"play_id":"9fdfe7d1-ada2-405d-9dea-609b1203c8f2","local_time":"20210120170526","is_ascension_mode":true,"campfire_choices":[{"data":"Slimebound:CorrosiveSpit","floor":1,"key":"SMITH"},{"floor":12,"key":"REST"}],"circlet_count":0,"master_deck":["Slimebound:Strike_Slimebound","Slimebound:Strike_Slimebound","Slimebound:Strike_Slimebound+1","Slimebound:Tackle+1","Slimebound:Defend_Slimebound","Slimebound:Defend_Slimebound","Slimebound:Defend_Slimebound","Slimebound:Defend_Slimebound","Slimebound:Split+1","Slimebound:CorrosiveSpit+1","Slimebound:FinishingTackle","Slimebound:RainOfGoop+1","downfall:Malfunctioning","Slimebound:LeechEnergy","Slimebound:ForwardTackle+1","Slimebound:SlimeBrawl","Slimebound:Repurpose"],"relics":["Slimebound:AbsorbEndCombat","Dead Branch","Molten Egg 2","hubris:Towel","downfall:BrokenWingStatue"],"acts_visited":["Exordium"],"potions_floor_usage":[],"damage_taken":[{"damage":9,"enemies":"Jaw Worm","floor":2,"turns":3},{"damage":10,"enemies":"2 Louse","floor":3,"turns":3},{"damage":19,"enemies":"downfall:FleeingMerchant","floor":6,"turns":4},{"damage":5,"enemies":"Small Slimes","floor":10,"turns":2},{"damage":23,"enemies":"Exordium Thugs","floor":11,"turns":3},{"damage":24,"enemies":"Exordium Wildlife","floor":13,"turns":4},{"damage":10,"enemies":"Blue Slaver","floor":15,"turns":3},{"damage":23,"enemies":"IC_STATUS_ARCHETYPE","floor":16,"turns":2}],"seed_played":"4077758775151468317","potions_obtained":[{"floor":3,"key":"DuplicationPotion"},{"floor":10,"key":"champ:CounterPotion"}],"is_trial":false,"path_per_floor":["R","M","M","?","?","$","T","?","T","M","M","R","M","?","M","B"],"character_chosen":"SLIMEBOUND","items_purchased":[],"campfire_rested":1,"item_purchase_floors":[],"current_hp_per_floor":[65,58,52,52,52,37,37,37,37,36,19,38,20,20,14,0,0,0],"gold":182,"neow_bonus":"ONE_RARE_RELIC","is_daily":false,"chose_seed":false,"campfire_upgraded":1,"win_rate":0.0,"timestamp":1611180326,"path_taken":["R","M","M","?","?","$","T","?","?","M","M","R","?","?","M","BOSS"],"items_purchased_type":[],"build_version":"2020-12-22","purchased_purges":0,"victory":false,"max_hp_per_floor":[65,65,65,65,65,65,65,65,65,65,65,65,65,65,65,65,65,65],"card_choices":[{"not_picked":["Slimebound:PressTheAttack","Slimebound:SlimeTap"],"picked":"Slimebound:FinishingTackle","floor":2},{"not_picked":["Slimebound:ViciousTackle","Slimebound:Prepare"],"picked":"Slimebound:RainOfGoop","floor":3},{"not_picked":["Slimebound:RejuvenatingLick","Slimebound:TongueLash"],"picked":"Slimebound:LeechEnergy","floor":6},{"not_picked":["Slimebound:Schlurp","Slimebound:HauntingLick"],"picked":"Slimebound:ForwardTackle+1","floor":10},{"not_picked":["Slimebound:GoopTackle+1","Slimebound:RejuvenatingLick"],"picked":"Slimebound:SlimeBrawl","floor":11},{"not_picked":["Slimebound:SamplingLick","Slimebound:LivingWall","Slimebound:WasteNot"],"picked":"SKIP","floor":13},{"not_picked":["Slimebound:FinishingTackle+1","Slimebound:ViciousTackle+1"],"picked":"Slimebound:Repurpose","floor":15}],"player_experience":259197,"relics_obtained":[{"floor":7,"key":"Molten Egg 2"}],"event_choices":[],"is_beta":false,"boss_relics":[],"items_purged_floors":[],"is_endless":false,"potions_floor_spawned":[3,10,13],"killed_by":"IC_STATUS_ARCHETYPE","ascension_level":0}}