{"host":"465m78bh87h7wxsp","time":1611132962,"event":{"mods":["ATMod(阿瑾Mod)","Act Like it!","Alarm Clock","Aspiration","BaseMod","Better Debug","CapriCore","Decade(王小明)","Gensokyo","GungeonMod","Hallownest","Hermit","HololiveMod","Infinite Spire","Jorbs\u0027s Wanderer Trilogy","KinomotoSakuraMod(木之本樱)","Koishi","KomeijiMod","Lobotomy","LobotomyExtend","Marisa（F雨　魔理沙）","Minty Spire (QoL Compilation)","MostiFishMod","Red Circlet Mod","Reimu（博丽灵梦）","Replay The Spire","RumiaBox-露米娅的神秘盒子","Ryuuou龙王","SOS（斯巴达之子）","Shop Mod","Spicy Shops","StSLib","TestMod","The Administrix","The Animator","The Bug Knight","The Cursed","The Hierophant","The Immortal","The Senshi","The Servant 0.9.4","Uncapped","Waifu the Spire","WarShipGirlsR/战舰少女R mod","Yakumo Yukari mod","Youmu（魂魄妖梦）","Yuyuko","[IsaacMod]以撒尖塔","noobMod","vexMod","【功能Mod】混沌之环修复补丁","【功能Mod】聪明的最终Boss","【遗物卡牌】REMEMod"],"gold_per_floor":[131,131,145,115,165,165,196,196,196,228,228,248,248,379,438,562,562,574,608,620,620,620,674,674,715,715,746,753,753,769,769,769,896,896,928,949,949,518,525,558,558,558,558,590,104,124,161,186,186,186,186,186,186,10,38,80],"floor_reached":57,"language":"ZHS","playtime":2528,"items_purged":[],"score":1778,"play_id":"6cbecce7-510c-410f-b114-7b9bdf61b7a3","local_time":"20210120165602","is_ascension_mode":true,"campfire_choices":[{"floor":6,"key":"RECALL"},{"data":"AT_FamilyPortrait","floor":8,"key":"SMITH"},{"data":"HollowMod:theNailsmith","floor":11,"key":"SMITH"},{"data":"HollowMod:ElderbugsWisdom","floor":24,"key":"SMITH"},{"data":"HollowMod:HerrahsAnger","floor":29,"key":"SMITH"},{"data":"HollowMod:ShapeofUnn","floor":32,"key":"SMITH"},{"data":"HollowMod:HuntersJournal","floor":49,"key":"SMITH"},{"data":"infinitespire:Fortify","floor":53,"key":"SMITH"}],"circlet_count":0,"master_deck":["HollowMod:NailStrikeStart","HollowMod:NailStrikeStart","HollowMod:NailStrikeStart","HollowMod:NailStrikeStart","HollowMod:QuickDashStart","HollowMod:QuickDashStart","HollowMod:QuickDashStart","HollowMod:QuickDashStart","HollowMod:FocusHealStart","HollowMod:PogoStrike","BettingIsNotGood","AT_FamilyPortrait+1","HollowMod:CloakDash","Injury","HollowMod:theNailsmith+1","HollowMod:FastStrike+1","HollowMod:SoulStrike+1","HollowMod:CornifersMapStart","HollowMod:HowlingWraiths+1","HollowMod:ElderbugsWisdom+1","HollowMod:ZotesMagnificence+1","HollowMod:PureNailStrike+1","HollowMod:HeavyBlow+1","HollowMod:ShapeofUnn+1","HollowMod:QuickDashStart","HollowMod:SoulEater+1","HollowMod:DashSlash+1","HollowMod:HerrahsAnger+1","HollowMod:CoiledNail+1","HollowMod:AwokenDreamNail+1","HollowMod:CornifersMapStart+1","infinitespire:Fortify+1","HollowMod:SoulVessel","HollowMod:HuntersJournal+1","Pot Of Greed","Pot Of Greed","Pot Of Greed","HollowMod:PureNailStrike+1","HollowMod:GoodIntentions","Pot Of Greed","HollowMod:HowlingWraiths+1","HollowMod:DoubleDash+1"],"relics":["HollowMod:VesselMask","DaveBox","ice","HushsDoor","testmod-TestBox","AT_ATBox","REME_ComplimentaryCards","testmod-RainbowHikingShoes","GuppysTail","EGODaCapo","AT_SeraphEmbrace","SynthV:TestCard","LetterFromLob","Molten Egg 2","testmod-ArcanaOfDestiny","Potion Belt","testmod-AssaultLearning","YumHeart","SalivaCoin","BloodWine","infinitespire:Beetle Shell","DemoMod:PoisonVial","BelialBook","Replay:Ringing Soul","SynthV:C4","PreservedInsect","aspiration:SecretTechniqueScroll","Hallownest:KingsIdolRelic","DemoMod:Orange","DemoMod:MeatBun","Boot","testmod-Maize","Orichalcum","testmod-IncinerationGenerator","AT_Kusabimaru","Mastiff:ReiMu","Membership Card","Sling","testmod-IntensifyImprint","Durian","Grinning Jar","AT_EbonyIvory","DemoMod:VorpalBullet"],"acts_visited":["Exordium","Hallownest:CityofTears","Hallownest:KingdomsEdge","TheEnding"],"potions_floor_usage":[5,7,16,25,56,56,56,56,56],"damage_taken":[{"damage":0,"enemies":"Cultist","floor":1,"turns":3},{"damage":0,"enemies":"2 Louse","floor":3,"turns":2},{"damage":54,"enemies":"Hiden Room Battle","floor":5,"turns":8},{"damage":7,"enemies":"Jaw Worm","floor":7,"turns":2},{"damage":1,"enemies":"Lagavulin","floor":10,"turns":3},{"damage":3,"enemies":"2 Fungi Beasts","floor":12,"turns":3},{"damage":0,"enemies":"3 Sentries","floor":14,"turns":2},{"damage":25,"enemies":"Hexaghost","floor":16,"turns":3},{"damage":0,"enemies":"Hallownest:Flukemon_and_Top","floor":18,"turns":3},{"damage":6,"enemies":"Hallownest:3_Youths","floor":19,"turns":4},{"damage":0,"enemies":"Hallownest:3_Mistakes","floor":20,"turns":4},{"damage":11,"enemies":"Hallownest:Nosk","floor":23,"turns":4},{"damage":12,"enemies":"Hallownest:eliteWatcherKnight","floor":25,"turns":7},{"damage":0,"enemies":"Hallownest:Nosk","floor":27,"turns":3},{"damage":0,"enemies":"Hallownest:monsterMisterMushroom","floor":30,"turns":2},{"damage":17,"enemies":"Hallownest:BossMantisLord","floor":33,"turns":5},{"damage":1,"enemies":"Hallownest:2_Littles","floor":35,"turns":3},{"damage":3,"enemies":"Hallownest:3_Siblings","floor":36,"turns":3},{"damage":0,"enemies":"Hallownest:StalkingDevout","floor":40,"turns":2},{"damage":0,"enemies":"Hallownest:Xero_Hu_Marmu","floor":44,"turns":2},{"damage":0,"enemies":"Hallownest:Shield_Sturdy","floor":46,"turns":1},{"damage":0,"enemies":"Hallownest:2_Wandering_and_1_Horned","floor":47,"turns":3},{"damage":0,"enemies":"Hallownest:eliteCollector","floor":48,"turns":2},{"damage":0,"enemies":"Hallownest:Radiance","floor":50,"turns":2},{"damage":0,"enemies":"Shield and Spear","floor":55,"turns":2},{"damage":8,"enemies":"The Heart","floor":56,"turns":6}],"seed_played":"1720603972731931104","potions_obtained":[{"floor":1,"key":"ColorlessPotion"},{"floor":7,"key":"REME_GoldPotion"},{"floor":12,"key":"SteroidPotion"},{"floor":16,"key":"REME_GoldPotion"},{"floor":18,"key":"SpeedPotion"},{"floor":20,"key":"Languid Potion"},{"floor":23,"key":"Explosive Potion"},{"floor":33,"key":"Strength Potion"},{"floor":40,"key":"GamblersBrew"}],"is_trial":false,"path_per_floor":["M","?","M","?","?","R","M","R","T","E","R","M","?","E","R","B",null,"M","M","M","AVR","?","E","R","E","T","E","?","R","M","?","R","B",null,"M","M","?","$","?","E","?","AVR","T","M","$","M","?","E","R","B",null,null,"R","$","E","B",null],"character_chosen":"THE_BUGKNIGHT","items_purchased":["DemoMod:Orange","DemoMod:MeatBun","Boot","Mastiff:ReiMu","Membership Card","Sling","testmod-IntensifyImprint","HollowMod:HuntersJournal","HollowMod:PureNailStrike+1","AT_EbonyIvory","HollowMod:GoodIntentions","HollowMod:HowlingWraiths+1","HollowMod:DoubleDash+1"],"campfire_rested":0,"item_purchase_floors":[38,38,38,45,45,45,45,45,54,54,54,54,54],"current_hp_per_floor":[75,75,75,75,75,75,68,68,68,67,67,64,81,81,81,56,87,87,83,83,83,83,72,72,73,73,76,61,61,64,64,64,50,120,122,124,124,139,107,107,122,122,122,125,128,128,143,151,151,151,151,162,162,165,167,163],"gold":80,"neow_bonus":"RANDOM_COMMON_RELIC","is_daily":false,"chose_seed":false,"campfire_upgraded":7,"win_rate":0.0,"timestamp":1611132962,"path_taken":["M","?","M","?","?","R","?","R","T","E","R","M","?","E","R","BOSS","M","M","M","AVR","?","E","R","E","T","E","?","R","?","?","R","BOSS","M","M","?","$","?","E","?","AVR","T","M","?","?","?","E","R","BOSS","R","$","E","BOSS"],"items_purchased_type":["Relic","Relic","Relic","Relic","Relic","Relic","Relic","Card","Card","Relic","Card","Card","Card"],"build_version":"2020-12-22","purchased_purges":0,"victory":true,"max_hp_per_floor":[75,75,75,75,77,77,78,78,78,79,79,81,81,81,81,87,87,89,93,95,95,95,96,96,100,100,104,104,104,107,107,107,120,120,127,127,127,139,142,145,145,145,145,149,152,152,159,162,162,162,162,162,162,165,167,234],"card_choices":[{"not_picked":[],"picked":"BettingIsNotGood","floor":0},{"not_picked":["HollowMod:CornifersMapStart","HollowMod:VengefulVoid"],"picked":"HollowMod:CloakDash","floor":1},{"not_picked":["HollowMod:RecoilStrike+1","HollowMod:DashSlash+1","HollowMod:NewJinnsSoul","HollowMod:InfectionAssault+1"],"picked":"HollowMod:theNailsmith","floor":3},{"not_picked":["HollowMod:GoodIntentions","HollowMod:CloakDash","HollowMod:PerfectDash","HollowMod:CrystalDash"],"picked":"HollowMod:FastStrike+1","floor":5},{"not_picked":["HollowMod:ChannelNail","HollowMod:DesolateDive+1","HollowMod:AbyssShriek+1","HollowMod:VengefulVoid+1"],"picked":"HollowMod:SoulStrike+1","floor":7},{"not_picked":["HollowMod:NewInfectedGuardian","HollowMod:SoulStrike+1","HollowMod:ShapeofUnn","HollowMod:GoodIntentions"],"picked":"HollowMod:CornifersMapStart","floor":10},{"not_picked":["HollowMod:LifebloodCore","HollowMod:CycloneSlash+1","HollowMod:SiblingsSouls","HollowMod:FastStrike+1"],"picked":"HollowMod:HowlingWraiths+1","floor":12},{"not_picked":["HollowMod:CornifersMapStart","HollowMod:FallenFury+1","HollowMod:LifebloodCocoon","HollowMod:SoulShaman"],"picked":"HollowMod:ElderbugsWisdom","floor":14},{"not_picked":["HollowMod:LordofShades","HollowMod:ElderbugsWisdom","HollowMod:Hiveblood","HollowMod:MidwifesHunger+1"],"picked":"HollowMod:ZotesMagnificence+1","floor":16},{"not_picked":["HollowMod:AbyssShriek+1","HollowMod:NewJinnsSoul","HollowMod:NewInfectedGuardian","HollowMod:SiblingsSouls"],"picked":"HollowMod:PureNailStrike+1","floor":18},{"not_picked":["HollowMod:InfectedCysts+1","HollowMod:GoodIntentions","HollowMod:HowlingWraiths+1","HollowMod:DungDefenderAura"],"picked":"HollowMod:HeavyBlow+1","floor":19},{"not_picked":["HollowMod:InfectedCysts+1","HollowMod:SoulShaman","HollowMod:Hiveblood","HollowMod:NewJinnsSoul"],"picked":"HollowMod:ShapeofUnn","floor":20},{"not_picked":["HollowMod:GoodIntentions","HollowMod:PureNailStrike+1","HollowMod:SoulStrike+1","HollowMod:TaintedHusks"],"picked":"HollowMod:SoulEater","floor":23},{"not_picked":["HollowMod:MonarchWings","HollowMod:CycloneSlash+1","HollowMod:NewLittleFool+1","HollowMod:PerfectDash"],"picked":"HollowMod:DashSlash+1","floor":25},{"not_picked":["HollowMod:CornifersMapStart","HollowMod:WraithStrike+1","HollowMod:Grubsong+1","HollowMod:DoubleDash+1"],"picked":"HollowMod:HerrahsAnger","floor":27},{"not_picked":["HollowMod:SoulSplash","HollowMod:DashSlash+1","HollowMod:VengefulVoid+1","HollowMod:CornifersMapStart"],"picked":"HollowMod:CoiledNail+1","floor":30},{"not_picked":["HollowMod:SoulMaster","HollowMod:HornetsHelp+1","HollowMod:PureVessel","HollowMod:MidwifesHunger+1"],"picked":"HollowMod:AwokenDreamNail+1","floor":33},{"not_picked":["HollowMod:InfectedCysts+1","HollowMod:NewJinnsSoul+1","HollowMod:ShapeofUnn+1","HollowMod:DashSlash+1"],"picked":"HollowMod:CornifersMapStart+1","floor":35},{"not_picked":["HollowMod:MonarchWings","HollowMod:DescendingDark+1","HollowMod:AbyssShriek+1","HollowMod:SharpenedShadows+1","HollowMod:DashSlash+1"],"picked":"SKIP","floor":36},{"not_picked":["infinitespire:SealOfDarkness+","infinitespire:TheBestDefense"],"picked":"infinitespire:Fortify","floor":39},{"not_picked":["HollowMod:LifebloodCocoon","HollowMod:LifebloodCore","HollowMod:SoulSplash","HollowMod:InfectedAttack+1","HollowMod:CycloneSlash+1"],"picked":"SKIP","floor":40},{"not_picked":["HollowMod:BrokenVessel","HollowMod:DoubleDash+1","HollowMod:NewJinnsSoul+1","HollowMod:SoulSplash"],"picked":"HollowMod:SoulVessel","floor":44},{"not_picked":["HollowMod:SoulStrike+1","HollowMod:FallenFury+1","HollowMod:Weaversong","HollowMod:CornifersMapStart+1","HollowMod:NewGlowingWomb+1"],"picked":"SKIP","floor":46},{"not_picked":["HollowMod:InfectedAttack+1","HollowMod:LuriensSpire","HollowMod:WraithStrike+1","HollowMod:HeavyBlow+1","HollowMod:VengefulVoid+1"],"picked":"SKIP","floor":47},{"not_picked":["HollowMod:LifebloodCocoon+1","HollowMod:MantisMark","HollowMod:NewInfectedGuardian","HollowMod:Grubsong+1","HollowMod:VengefulVoid+1"],"picked":"SKIP","floor":48},{"not_picked":["HollowMod:GoodIntentions","HollowMod:Grubsong+1","HollowMod:SoulStrike+1","HollowMod:SharpenedNail+1","HollowMod:PerfectDash"],"picked":"SKIP","floor":55}],"player_experience":28983,"relics_obtained":[{"floor":1,"key":"SynthV:TestCard"},{"floor":1,"key":"LetterFromLob"},{"floor":5,"key":"testmod-ArcanaOfDestiny"},{"floor":5,"key":"Potion Belt"},{"floor":10,"key":"testmod-AssaultLearning"},{"floor":14,"key":"SalivaCoin"},{"floor":23,"key":"DemoMod:PoisonVial"},{"floor":25,"key":"BelialBook"},{"floor":26,"key":"Replay:Ringing Soul"},{"floor":27,"key":"SynthV:C4"},{"floor":40,"key":"testmod-Maize"},{"floor":43,"key":"AT_Kusabimaru"},{"floor":47,"key":"Durian"},{"floor":48,"key":"Grinning Jar"},{"floor":55,"key":"DemoMod:VorpalBullet"}],"event_choices":[{"damage_healed":0,"gold_gain":0,"player_choice":"Fight","damage_taken":0,"max_hp_gain":0,"max_hp_loss":0,"event_name":"HidenRoomEvent","floor":5,"gold_loss":0},{"damage_healed":0,"gold_gain":0,"player_choice":"Gave Potion","damage_taken":0,"relics_obtained":["YumHeart"],"max_hp_gain":0,"max_hp_loss":0,"event_name":"WeMeetAgain","floor":13,"gold_loss":0}],"is_beta":false,"boss_relics":[{"not_picked":["Replay:Wanted Poster","Velvet Choker","Replay:Drink Me"]},{"not_picked":["RhineCircuit","testmod-SaigiyounoYou"],"picked":"aspiration:SecretTechniqueScroll"},{"not_picked":[]}],"items_purged_floors":[],"is_endless":false,"potions_floor_spawned":[1,7,12,16,18,20,23,33,40,48],"ascension_level":3}}