{"host":"y3h3n3f7seyagppx","time":1611180808,"event":{"mods":["AlwaysNeverKeys","BaseMod","Better Vampires","Colored Powertips","DeckTracker","Emptier Cage","Minty Spire (QoL Compilation)","Permanent Neow","Quick Restart","Rare Cards Sparkle","Relic Sorter","Relic Stats","StSLib","Transform Curses"],"gold_per_floor":[115,133,133,133,156,196,196,196,196],"floor_reached":8,"language":"ENG","playtime":701,"items_purged":[],"score":112,"play_id":"b1966806-2535-4339-b9bb-7798da52ab5f","local_time":"20210120171328","is_ascension_mode":true,"campfire_choices":[{"data":"Zap","floor":7,"key":"SMITH"}],"circlet_count":0,"master_deck":["AscendersBane","Strike_B","Strike_B","Strike_B","Strike_B","Defend_B","Defend_B","Defend_B","Defend_B","Zap+1","Dualcast","Cold Snap","Genetic Algorithm","Go for the Eyes"],"relics":["SacredBark","Golden Idol","Torii"],"acts_visited":["Exordium"],"potions_floor_usage":[6],"damage_taken":[{"damage":1,"enemies":"Small Slimes","floor":1,"turns":4},{"damage":4,"enemies":"2 Louse","floor":2,"turns":4},{"damage":4,"enemies":"Cultist","floor":5,"turns":4},{"damage":30,"enemies":"3 Sentries","floor":6,"turns":13},{"damage":30,"enemies":"Gremlin Nob","floor":8,"turns":3}],"seed_played":"-2118934309185687655","potions_obtained":[{"floor":5,"key":"SpeedPotion"}],"is_trial":false,"path_per_floor":["M","M","?","?","M","E","R","E"],"character_chosen":"DEFECT","items_purchased":[],"campfire_rested":0,"item_purchase_floors":[],"current_hp_per_floor":[63,59,59,64,60,30,30,0,0],"gold":196,"neow_bonus":"BOSS_RELIC","is_daily":false,"chose_seed":false,"campfire_upgraded":1,"win_rate":0.0,"timestamp":1611180808,"path_taken":["M","M","?","?","M","E","R","E"],"items_purchased_type":[],"build_version":"2020-12-22","purchased_purges":0,"victory":false,"max_hp_per_floor":[71,71,64,69,69,69,69,69,69],"relic_stats":{"Torii":0,"counters":[5,28],"Golden Idol":13,"obtain_stats":[{"Torii":6,"Golden Idol":3,"SacredBark":0,"Cracked Core":0},{"Torii":4,"Golden Idol":2,"SacredBark":0,"Cracked Core":0},{"Torii":25,"Golden Idol":8,"SacredBark":0,"Cracked Core":0}]},"card_choices":[{"not_picked":["Conserve Battery","Consume"],"picked":"Cold Snap","floor":1},{"not_picked":["Scrape","Ball Lightning"],"picked":"Genetic Algorithm","floor":2},{"not_picked":["Auto Shields","Stack"],"picked":"Go for the Eyes","floor":5},{"not_picked":["Streamline","Gash","Tempest"],"picked":"SKIP","floor":6}],"player_experience":21400613,"relics_obtained":[{"floor":6,"key":"Torii"}],"event_choices":[{"damage_healed":0,"gold_gain":0,"player_choice":"Lose Max HP","damage_taken":0,"relics_obtained":["Golden Idol"],"max_hp_gain":0,"max_hp_loss":7,"event_name":"Golden Idol","floor":3,"gold_loss":0},{"damage_healed":0,"gold_gain":0,"player_choice":"Donut","damage_taken":0,"max_hp_gain":5,"max_hp_loss":0,"event_name":"Big Fish","floor":4,"gold_loss":0}],"is_beta":false,"boss_relics":[],"items_purged_floors":[],"is_endless":false,"potions_floor_spawned":[5],"killed_by":"Gremlin Nob","ascension_level":20}}