{"host":"56d873i5r3uhle0q","time":1611148082,"event":{"mods":["100% Spire Juice","Act Like it!","Aspiration","BaseMod","Block Reminder","Conspire","Gensokyo","Hermit","Hubris","Infinite Spire","Jedi Mod","Lobotomy","Marisa????????","Marked Mod","Minty Spire (QoL Compilation)","Replay The Spire","StSLib","The Animator","The Bug Knight","The Cursed","The Marked","The Servant 0.9.4","everything is the same but u backflip on backflip","vexMod","??????REMEMod"],"gold_per_floor":[119,130,130,143,68,68,79,32,110,110,110,110,129,143,143,240,240,253,253,253],"floor_reached":19,"language":"ENG","playtime":1078,"items_purged":[],"score":159,"play_id":"ac054f48-bc84-4af5-9204-b0858e872aa1","local_time":"20210120060802","is_ascension_mode":false,"campfire_choices":[{"data":"Hello World","floor":6.0,"key":"SMITH"},{"floor":11.0,"key":"REST"},{"floor":15,"key":"REST"}],"circlet_count":0,"master_deck":["Strike_B","Strike_B","Strike_B","Strike_B","Defend_B","Defend_B","Defend_B","Defend_B","Zap","Dualcast","MeatLantern","Self Repair","Bloodbath","Melter","Wellcheers","Chill","Hello World+1","DeceiveReality","UniverseFragment","Defragment","ReplayTheSpireMod:Calculation Training","Scarecrow","jedi:studyfrost","jedi:overflow+1"],"relics":["Cracked Core","REME_ComplimentaryCards","CogitoBucket","Letter Opener","Matryoshka","HellTrain","Dream Catcher"],"acts_visited":["Gensokyo:Gensokyo","Gensokyo:Gensokyoer"],"potions_floor_usage":[],"damage_taken":[{"damage":5.0,"enemies":"Gensokyo:2_Kodama","floor":1.0,"turns":3.0},{"damage":0.0,"enemies":"Gensokyo:3_Fairies","floor":2.0,"turns":4.0},{"damage":0.0,"enemies":"Gensokyo:Python","floor":4.0,"turns":2.0},{"damage":56.0,"enemies":"Gensokyo:2_Rabbits","floor":7.0,"turns":4.0},{"damage":0.0,"enemies":"Gensokyo:Python_and_Kodama","floor":13.0,"turns":7.0},{"damage":11,"enemies":"Gensokyo:Gryphon_and_Rabbit","floor":14,"turns":7},{"damage":28,"enemies":"Gensokyo:Reimu","floor":16,"turns":10},{"damage":57,"enemies":"Gensokyo:Chomper","floor":18,"turns":5}],"seed_played":"3344429033552405278","potions_obtained":[{"floor":2.0,"key":"Swift Potion"},{"floor":4.0,"key":"jedi:StrikingPotion"},{"floor":13.0,"key":"jedi:StrikingPotion"}],"is_trial":false,"path_per_floor":["M","M","?","M","$","R","M","COS","T","T","R","$","M","M","R","B",null,"M","M"],"character_chosen":"DEFECT","items_purchased":["Hello World"],"campfire_rested":2,"item_purchase_floors":[5],"current_hp_per_floor":[70,75,75,75,75,75,27,27,27,27,49,49,58,58,75,57,75,25,0,0],"gold":253,"neow_bonus":"","is_daily":false,"chose_seed":false,"campfire_upgraded":1,"win_rate":0.0,"timestamp":1611148082,"path_taken":["M","M","?","M","$","R","M","COS","T","?","R","?","?","M","R","BOSS","M","M"],"items_purchased_type":["Card"],"build_version":"2020-12-22","purchased_purges":0,"victory":false,"max_hp_per_floor":[75,75,75,75,75,75,75,75,75,75,75,75,75,75,75,75,75,75,75,75],"card_choices":[{"not_picked":["ShyLook","CrumblingArmor"],"picked":"MeatLantern","floor":1.0},{"not_picked":["BasicCrystalCard","Leap"],"picked":"Self Repair","floor":1.0},{"not_picked":["OSAHOGD","MHz"],"picked":"Bloodbath","floor":2.0},{"not_picked":["Redo","Streamline"],"picked":"Melter","floor":2.0},{"not_picked":["UniverseFragment","ShyLook"],"picked":"Wellcheers","floor":4.0},{"not_picked":["jedi:blockon","Compile Driver"],"picked":"Chill","floor":4.0},{"not_picked":["Mercenary","CrumblingArmor"],"picked":"UniverseFragment","floor":7.0},{"not_picked":["Tempest","Sweeping Beam"],"picked":"Defragment","floor":7.0},{"not_picked":["Beam Cell","Go for the Eyes","BasicCrystalCard"],"picked":"SKIP","floor":13.0},{"not_picked":["Conserve Battery","BasicCrystalCard"],"picked":"ReplayTheSpireMod:Calculation Training","floor":14},{"not_picked":["OldLady","SingingMachine"],"picked":"Scarecrow","floor":16},{"not_picked":["Thunder Strike","Hyperbeam"],"picked":"jedi:studyfrost","floor":16},{"not_picked":["jedi:blockon","Rebound"],"picked":"jedi:overflow+1","floor":18}],"player_experience":570956,"relics_obtained":[{"floor":9.0,"key":"Letter Opener"},{"floor":10.0,"key":"Matryoshka"}],"event_choices":[],"is_beta":false,"boss_relics":[{"not_picked":["aspiration:PoetsPen_weak","Replay:Bronze Core","Replay:Drink Me"]}],"items_purged_floors":[],"is_endless":false,"potions_floor_spawned":[2,4,13],"killed_by":"Gensokyo:2_Gloops","ascension_level":0}}