{"host":"h4qgcirtxz6qax9j","time":1611153053,"event":{"mods":["AchievementEnabler","BaseMod","Colored Powertips","Hermit","Minty Spire (QoL Compilation)","StSLib","SuperFastMode","The Servant 0.9.4"],"gold_per_floor":[109,109,124,135,135,135,160,178,178,178,188,201,201,218,218,313,313,253,352,13,33,52,52,52],"floor_reached":23,"language":"KOR","playtime":1100,"items_purged":[],"score":268,"play_id":"e61b2626-d50f-46d6-bca8-ecc18bcb0424","local_time":"20210120233053","is_ascension_mode":true,"campfire_choices":[{"data":"Hightail","floor":6.0,"key":"SMITH"},{"data":"Hightail","floor":13.0,"key":"SMITH"},{"floor":15.0,"key":"REST"}],"circlet_count":0,"master_deck":["Strike_S","Strike_S","Strike_S","Defend_S","Defend_S","Defend_S+1","Defend_S","KidneyShot","Exchange","Hightail+1","Alleviate+1","ShatteredReality","Rearm","Hightail+1","ShatteredReality","Ricochet","Contraction","TimeWarp","MurderousAura","ShatteredReality"],"relics":["Uniform","Nunchaku","Odd Mushroom","HornCleat","StoneMask","Broom","HandDrill"],"acts_visited":["Exordium","TheCity"],"potions_floor_usage":[],"damage_taken":[{"damage":0.0,"enemies":"Small Slimes","floor":1.0,"turns":3.0},{"damage":0.0,"enemies":"Cultist","floor":3.0,"turns":4.0},{"damage":5.0,"enemies":"2 Louse","floor":4.0,"turns":4.0},{"damage":38.0,"enemies":"The Mushroom Lair","floor":7.0,"turns":9.0},{"damage":0.0,"enemies":"2 Fungi Beasts","floor":8.0,"turns":5.0},{"damage":0.0,"enemies":"3 Louse","floor":11.0,"turns":6.0},{"damage":0.0,"enemies":"Exordium Wildlife","floor":12.0,"turns":7.0},{"damage":0.0,"enemies":"Large Slime","floor":14.0,"turns":12.0},{"damage":0.0,"enemies":"The Guardian","floor":16.0,"turns":41.0},{"damage":0.0,"enemies":"2 Thieves","floor":18.0,"turns":4.0},{"damage":0.0,"enemies":"Shell Parasite","floor":21.0,"turns":9.0},{"damage":0.0,"enemies":"Snake Plant","floor":22.0,"turns":8.0},{"damage":76,"enemies":"Gremlin Leader","floor":23,"turns":7}],"seed_played":"-5563724044707102099","potions_obtained":[{"floor":1.0,"key":"LiquidMemories"},{"floor":3.0,"key":"SkillPotion"},{"floor":12.0,"key":"Energy Potion"}],"is_trial":false,"path_per_floor":["M","?","M","M","?","R","?","M","T","?","M","M","R","M","R","B",null,"M","?","$","M","M","E"],"character_chosen":"THE_SERVANT","items_purchased":["Broom","HandDrill","ShatteredReality"],"campfire_rested":1,"item_purchase_floors":[20,20,20],"current_hp_per_floor":[65,65,65,60,65,65,27,27,27,13,13,13,13,13,34,34,70,70,70,70,71,72,0,0],"gold":52,"neow_bonus":"RANDOM_COMMON_RELIC","is_daily":false,"chose_seed":false,"campfire_upgraded":2,"win_rate":0.0,"timestamp":1611153053,"path_taken":["M","?","M","?","?","R","?","M","T","?","?","M","R","M","R","BOSS","M","?","$","M","M","E"],"items_purchased_type":["Relic","Relic","Card"],"build_version":"2020-12-22","purchased_purges":0,"victory":false,"max_hp_per_floor":[65,65,65,65,70,70,70,70,70,70,70,70,70,70,70,70,70,70,70,70,71,72,72,72],"card_choices":[{"not_picked":["TimeTheft","Replace"],"picked":"Hightail","floor":1.0},{"not_picked":["Unruled","Spin"],"picked":"ShatteredReality","floor":3.0},{"not_picked":["ReturningBlade","DoubleEdge"],"picked":"Rearm","floor":4.0},{"not_picked":["BottledTime","Snipe"],"picked":"Hightail","floor":7.0},{"not_picked":["ReturningBlade","Spin"],"picked":"ShatteredReality","floor":8.0},{"not_picked":["Spin","ForgedInTime"],"picked":"Ricochet","floor":11.0},{"not_picked":["MoonPhase","Starlight"],"picked":"Contraction","floor":12.0},{"not_picked":["RealityMarble","Defy"],"picked":"TimeWarp","floor":14.0},{"not_picked":["Solidify","FloweringNight"],"picked":"MurderousAura","floor":16.0},{"not_picked":["RealityMarble","Alleviate","Rearm"],"picked":"SKIP","floor":18.0},{"not_picked":["Foresight","Rearm","Unruled"],"picked":"SKIP","floor":21.0},{"not_picked":["Spin+1","Moonlight","Unruled"],"picked":"SKIP","floor":22.0}],"player_experience":83034,"relics_obtained":[{"floor":7.0,"key":"Odd Mushroom"},{"floor":9.0,"key":"HornCleat"}],"event_choices":[{"damage_healed":0.0,"max_hp_gain":0.0,"max_hp_loss":0.0,"gold_gain":0.0,"cards_transformed":["Strike_S"],"event_name":"Transmorgrifier","player_choice":"Transformed","floor":2.0,"gold_loss":0.0,"damage_taken":0.0,"cards_obtained":["Alleviate"]},{"damage_healed":0.0,"max_hp_gain":5.0,"max_hp_loss":0.0,"gold_gain":0.0,"event_name":"Big Fish","player_choice":"Donut","floor":5.0,"gold_loss":0.0,"damage_taken":0.0},{"damage_healed":0.0,"max_hp_gain":0.0,"max_hp_loss":0.0,"gold_gain":0.0,"event_name":"Mushrooms","player_choice":"Fought Mushrooms","floor":7.0,"gold_loss":0.0,"damage_taken":0.0},{"damage_healed":0.0,"max_hp_gain":0.0,"max_hp_loss":0.0,"gold_gain":0.0,"event_name":"Shining Light","player_choice":"Entered Light","floor":10.0,"gold_loss":0.0,"damage_taken":14.0,"cards_upgraded":["Defend_S","Alleviate"]},{"damage_healed":0.0,"max_hp_gain":0.0,"max_hp_loss":0.0,"gold_gain":99.0,"event_name":"Nest","player_choice":"Stole From Cult","floor":19.0,"gold_loss":0.0,"damage_taken":0.0}],"is_beta":false,"boss_relics":[{"not_picked":["Busted Crown","SacredBark"],"picked":"StoneMask"}],"items_purged_floors":[],"is_endless":false,"potions_floor_spawned":[1,3,12,16,22],"killed_by":"Gremlin Leader","ascension_level":3}}