{"host":"4jpe1m3cviuzvkch","time":1611117512,"event":{"mods":["BaseMod","Decade(王小明)","Marisa（F雨　魔理沙）","Minty Spire (QoL Compilation)","Remilia（蕾米莉亚）","StSLib","The Servant 0.9.4","Youmu（魂魄妖梦）"],"gold_per_floor":[112,123,136,311,311,336,336,384,384,400,400,413,59,72,72,175,175,193,193,193,207,221,221,239,257,335,335,335,335,359,371,371,468,468,483,483,483,502,517,517,542,542,591,591,13,13,39,1,1,1,1],"floor_reached":50,"language":"ZHS","playtime":1762,"items_purged":["Strike_S","Normality"],"score":700,"play_id":"b577e12f-9a06-462a-a2f3-7605c30293de","local_time":"20210120123832","is_ascension_mode":true,"campfire_choices":[{"data":"MurderousAura","floor":7.0,"key":"SMITH"},{"data":"DoubleEdge","floor":11.0,"key":"SMITH"},{"floor":15.0,"key":"REST"},{"floor":27.0,"key":"REST"},{"floor":32.0,"key":"REST"},{"floor":40.0,"key":"REST"},{"floor":42.0,"key":"REST"},{"floor":49.0,"key":"REST"}],"circlet_count":0,"master_deck":["Strike_S","Defend_S","Defend_S","KidneyShot","Exchange","DoubleEdge+1","Misdirection","MurderousAura+1","SoulSculpture","ShatteredReality","Revamp","Spin","Reset","TheWorld","TimeWarp","Defy","Rewind","DoubleEdge+1","Rearm+1","Doubt","Defy","SilverMatrix","BestPractice","Wraith","DualDimension","Moonlight+1","Embodiment","Pain","SilverBlades","LightFlow","BestPractice+1","SilverBlades","Orbit","Desolation","Thinking Ahead","Madness","Hightail+1","Orbit"],"relics":["Empty Cage","Bag of Preparation","Broom","KneeBrace","Membership Card","Lizard Tail","Cursed Key","Matryoshka","Enchiridion","Smiling Mask","Lantern","SplendidAttire","Meat on the Bone","Juzu Bracelet","Strawberry","Darkstone Periapt","Orrery","Girya","Pen Nib"],"acts_visited":["Exordium","TheCity","TheBeyond"],"potions_floor_usage":[],"damage_taken":[{"damage":8.0,"enemies":"Cultist","floor":1.0,"turns":4.0},{"damage":9.0,"enemies":"2 Louse","floor":2.0,"turns":3.0},{"damage":0.0,"enemies":"Jaw Worm","floor":3.0,"turns":3.0},{"damage":17.0,"enemies":"Lagavulin","floor":6.0,"turns":6.0},{"damage":2.0,"enemies":"Blue Slaver","floor":10.0,"turns":3.0},{"damage":0.0,"enemies":"Exordium Wildlife","floor":12.0,"turns":3.0},{"damage":4.0,"enemies":"3 Louse","floor":14.0,"turns":2.0},{"damage":9.0,"enemies":"The Guardian","floor":16.0,"turns":8.0},{"damage":7.0,"enemies":"Spheric Guardian","floor":18.0,"turns":3.0},{"damage":0.0,"enemies":"Shell Parasite","floor":21.0,"turns":2.0},{"damage":8.0,"enemies":"Chosen and Byrds","floor":22.0,"turns":5.0},{"damage":0.0,"enemies":"Book of Stabbing","floor":23.0,"turns":1.0},{"damage":3.0,"enemies":"Centurion and Healer","floor":24.0,"turns":4.0},{"damage":12.0,"enemies":"Snecko","floor":25.0,"turns":3.0},{"damage":16.0,"enemies":"Snake Plant","floor":31.0,"turns":3.0},{"damage":38.0,"enemies":"Automaton","floor":33.0,"turns":7.0},{"damage":7.0,"enemies":"3 Darklings","floor":35.0,"turns":7.0},{"damage":8.0,"enemies":"Orb Walker","floor":38.0,"turns":4.0},{"damage":8.0,"enemies":"Jaw Worm Horde","floor":39.0,"turns":3.0},{"damage":52.0,"enemies":"Giant Head","floor":41.0,"turns":8.0},{"damage":27.0,"enemies":"Reptomancer","floor":47.0,"turns":7.0},{"damage":77,"enemies":"Awakened One","floor":50,"turns":5}],"seed_played":"-7981131001940429141","potions_obtained":[{"floor":2.0,"key":"DuplicationPotion"},{"floor":6.0,"key":"Regen Potion"},{"floor":10.0,"key":"PowerPotion"},{"floor":12.0,"key":"Energy Potion"},{"floor":14.0,"key":"SmokeBomb"},{"floor":33.0,"key":"FairyPotion"},{"floor":37.0,"key":"Block Potion"},{"floor":37.0,"key":"Regen Potion"},{"floor":38.0,"key":"SmokeBomb"},{"floor":41.0,"key":"DistilledChaos"}],"is_trial":false,"path_per_floor":["M","M","M","?","?","E","R","T","T","M","R","M","$","M","R","B",null,"M","?","?","M","M","E","M","M","T","R","?","?","T","M","R","B",null,"M","?","?","M","M","R","E","R","T","?","$","?","E","$","R","B"],"character_chosen":"THE_SERVANT","items_purchased":["Membership Card","Lizard Tail","Spin","SilverBlades","Darkstone Periapt","Orrery","Girya","Desolation","Thinking Ahead","Orbit"],"campfire_rested":6,"item_purchase_floors":[13,13,13,45,45,45,45,45,45,48],"current_hp_per_floor":[57,48,48,48,48,31,31,31,31,38,38,38,38,34,53,44,60,53,42,42,42,34,34,31,19,19,40,40,24,24,8,29,35,61,54,54,54,46,38,59,16,37,44,44,44,44,29,29,52,0,0],"gold":1,"neow_bonus":"BOSS_RELIC","is_daily":false,"chose_seed":false,"campfire_upgraded":2,"win_rate":0.0,"timestamp":1611117512,"path_taken":["M","M","?","?","?","E","R","?","T","M","R","M","$","M","R","BOSS","M","?","?","M","M","E","?","M","T","R","?","?","?","M","R","BOSS","M","?","?","?","M","R","E","R","T","?","$","?","E","$","R","BOSS"],"items_purchased_type":["Relic","Relic","Card","Card","Relic","Relic","Relic","Card","Card","Card"],"build_version":"2020-12-22","purchased_purges":2,"victory":false,"max_hp_per_floor":[65,65,65,65,65,65,65,65,65,65,65,65,65,65,65,65,65,65,70,70,70,70,70,70,70,70,70,70,70,70,70,70,70,70,70,70,70,70,70,70,70,70,77,77,77,77,77,77,77,77,77],"card_choices":[{"not_picked":["Replace","FastForward"],"picked":"DoubleEdge","floor":1.0},{"not_picked":["FanOfKnives","BottledTime"],"picked":"Misdirection","floor":2.0},{"not_picked":["Rewind","SurpressingFire"],"picked":"MurderousAura","floor":3.0},{"not_picked":["Alleviate","Potential"],"picked":"SoulSculpture","floor":6.0},{"not_picked":["TimeWarp","Starlight"],"picked":"ShatteredReality","floor":10.0},{"not_picked":["Read","Ricochet"],"picked":"Revamp","floor":12.0},{"not_picked":["Read","Alleviate"],"picked":"Reset","floor":14.0},{"not_picked":["Deny","SoulSculpture"],"picked":"TheWorld","floor":16.0},{"not_picked":["ShatteredReality+1","Ricochet"],"picked":"TimeWarp","floor":18.0},{"not_picked":["Hightail","Collapse+1"],"picked":"Defy","floor":21.0},{"not_picked":["Moonlight","SurpressingFire"],"picked":"Rewind","floor":22.0},{"not_picked":["DualDimension","Hightail"],"picked":"DoubleEdge+1","floor":24.0},{"not_picked":["ShatteredReality","Ricochet"],"picked":"Rearm+1","floor":25.0},{"not_picked":["FastForward","WasteNot+1"],"picked":"Defy","floor":31.0},{"not_picked":["Deny","TrueSight"],"picked":"SilverMatrix","floor":33.0},{"not_picked":["FastForward+1","TimeWarp"],"picked":"BestPractice","floor":35.0},{"not_picked":["TimeWarp+1","Manipulate+1"],"picked":"DualDimension","floor":38.0},{"not_picked":["Potential+1","ShatteredReality"],"picked":"Moonlight+1","floor":39.0},{"not_picked":["DoubleEdge","Snipe+1"],"picked":"Embodiment","floor":41.0},{"not_picked":["Unruled+1","Orbit+1"],"picked":"LightFlow","floor":45.0},{"not_picked":["Foresight","Alleviate+1"],"picked":"BestPractice+1","floor":45.0},{"not_picked":["Rewind","Moonlight+1"],"picked":"SilverBlades","floor":45.0},{"not_picked":["TimeTheft","Revamp+1"],"picked":"Orbit","floor":45.0},{"not_picked":["Panache","Good Instincts"],"picked":"Madness","floor":46.0},{"not_picked":["Reset+1","Rearm"],"picked":"Hightail+1","floor":47.0}],"player_experience":303980,"relics_obtained":[{"floor":6.0,"key":"Bag of Preparation"},{"floor":8.0,"key":"Broom"},{"floor":9.0,"key":"KneeBrace"},{"floor":26.0,"key":"Matryoshka"},{"floor":29.0,"key":"Enchiridion"},{"floor":30.0,"key":"Smiling Mask"},{"floor":30.0,"key":"Lantern"},{"floor":41.0,"key":"Meat on the Bone"},{"floor":43.0,"key":"Juzu Bracelet"},{"floor":43.0,"key":"Strawberry"},{"floor":47.0,"key":"Pen Nib"}],"event_choices":[{"damage_healed":0.0,"max_hp_gain":0.0,"max_hp_loss":0.0,"gold_gain":175.0,"event_name":"Liars Game","player_choice":"AGREE","floor":4.0,"gold_loss":0.0,"damage_taken":0.0,"cards_obtained":["Doubt"]},{"cards_removed":["Doubt"],"damage_healed":0.0,"max_hp_gain":0.0,"max_hp_loss":0.0,"gold_gain":0.0,"event_name":"Living Wall","player_choice":"Forget","floor":5.0,"gold_loss":0.0,"damage_taken":0.0},{"damage_healed":0.0,"max_hp_gain":5.0,"max_hp_loss":0.0,"gold_gain":0.0,"event_name":"Forgotten Altar","player_choice":"Shed Blood","floor":19.0,"gold_loss":0.0,"damage_taken":16.0},{"cards_removed":["Defend_S"],"damage_healed":0.0,"max_hp_gain":0.0,"max_hp_loss":0.0,"gold_gain":0.0,"event_name":"Back to Basics","player_choice":"Elegance","floor":20.0,"gold_loss":0.0,"damage_taken":0.0},{"damage_healed":0.0,"max_hp_gain":0.0,"max_hp_loss":0.0,"gold_gain":0.0,"event_name":"Vampires","player_choice":"Ignored","floor":28.0,"gold_loss":0.0,"damage_taken":0.0},{"damage_healed":0.0,"max_hp_gain":0.0,"max_hp_loss":0.0,"gold_gain":0.0,"event_name":"Cursed Tome","player_choice":"Obtained Book","floor":29.0,"gold_loss":0.0,"damage_taken":16.0},{"damage_healed":0.0,"max_hp_gain":0.0,"max_hp_loss":0.0,"gold_gain":0.0,"event_name":"OrinTheCat","player_choice":"Ignored","floor":36.0,"gold_loss":0.0,"damage_taken":0.0},{"damage_healed":0.0,"max_hp_gain":0.0,"max_hp_loss":0.0,"gold_gain":0.0,"event_name":"Lab","player_choice":"Got Potions","floor":37.0,"gold_loss":0.0,"damage_taken":0.0},{"cards_removed":["Strike_S"],"damage_healed":0.0,"max_hp_gain":0.0,"max_hp_loss":0.0,"gold_gain":0.0,"event_name":"Falling","player_choice":"Removed Attack","floor":44.0,"gold_loss":0.0,"damage_taken":0.0},{"damage_healed":0.0,"max_hp_gain":0.0,"max_hp_loss":0.0,"gold_gain":0.0,"event_name":"SensoryStone","player_choice":"Memory 1","floor":46.0,"gold_loss":0.0,"damage_taken":0.0}],"is_beta":false,"boss_relics":[{"not_picked":["Ectoplasm","Fusion Hammer"],"picked":"Cursed Key"},{"not_picked":["Velvet Choker","Tiny House"],"picked":"SplendidAttire"}],"items_purged_floors":[13,45],"is_endless":false,"potions_floor_spawned":[2,6,10,12,14,22,23,33,38,41],"killed_by":"Awakened One","ascension_level":5}}