{"host":"7fyy23rucerupe6i","time":1611120877,"event":{"mods":["AchievementEnabler","Act Like it!","BaseMod","BetterRewards","Colored Map","Colored Powertips","Conspire","Custom Start","Downfall","Mad Scientist","Marisa£®ÏF”Í°°ƒß¿Ì…≥£©","Minty Spire (QoL Compilation)","Pale of the Ancients","Quick Restart","Shop Mod","ShortenTheSpire","Spicy Shops","StSLib","SuperFastMode","The Bug Knight","The Construct","The Cursed","The Factory","The Jungle","The Servant 0.9.4","UnlockEverythingMod"],"gold_per_floor":[111,130,142,160,172,172,185,215,280,326,338,350,396,425,437,552,564,596,608,636,664,711,723,723],"floor_reached":23,"language":"ZHS","playtime":1045,"items_purged":["Strike_MRS","Defend_MRS"],"score":384,"play_id":"12d056a3-706b-4f45-8fb8-c76328bed2a1","local_time":"20210120133437","is_ascension_mode":true,"campfire_choices":[{"data":"MilkyWay","floor":6,"key":"SMITH"},{"data":"MilkyWay","floor":11,"key":"SMITH"},{"data":"EarthLightRay","floor":15,"key":"SMITH"}],"circlet_count":0,"master_deck":["Strike_MRS","Strike_MRS","Strike_MRS","Defend_MRS","Defend_MRS","MasterSpark","UpSweep","PowerUp","MilkyWay+1","EarthLightRay+1","6A","MilkyWay+1","StarBarrage","EventHorizon","AlicesGift","UltimateShortwave","Acceleration","PowerUp+1","Pain","Acceleration"],"relics":["MiniHakkero","conspire:Boomerang","Toolbox","Happy Flower","ClockworkSouvenir","MealTicket","MawBank","Ancient Tea Set","Eternal Feather","HollowMod:StagPassRelic","RampagingMagicTools","WarpedTongs","Red Mask"],"acts_visited":["Exordium","TheCity"],"potions_floor_usage":[4,8,8],"damage_taken":[{"damage":0,"enemies":"Cultist","floor":1,"turns":2},{"damage":8,"enemies":"Small Slimes","floor":2,"turns":3},{"damage":0,"enemies":"2 Louse","floor":3,"turns":2},{"damage":1,"enemies":"Lots of Slimes","floor":4,"turns":3},{"damage":1,"enemies":"Looter","floor":5,"turns":2},{"damage":0,"enemies":"2 Fungi Beasts","floor":7,"turns":3},{"damage":0,"enemies":"Lagavulin","floor":8,"turns":4},{"damage":18,"enemies":"3 Sentries","floor":10,"turns":5},{"damage":0,"enemies":"Lagavulin","floor":13,"turns":4},{"damage":3,"enemies":"Blue Slaver","floor":14,"turns":2},{"damage":13,"enemies":"Hexaghost","floor":16,"turns":6},{"damage":9,"enemies":"Shell Parasite","floor":18,"turns":3},{"damage":16,"enemies":"3 Byrds","floor":20,"turns":4},{"damage":7,"enemies":"3 Cultists","floor":21,"turns":3},{"damage":44,"enemies":"Masked Bandits","floor":22,"turns":5},{"damage":17,"enemies":"Book of Stabbing","floor":23,"turns":3}],"seed_played":"-4533633281214295499","potions_obtained":[{"floor":2,"key":"Fire Potion"},{"floor":3,"key":"Strength Potion"},{"floor":4,"key":"DistilledChaos"},{"floor":10,"key":"SkillPotion"},{"floor":18,"key":"FairyPotion"},{"floor":21,"key":"DuplicationPotion"}],"is_trial":false,"path_per_floor":["M","M","M","M","M","R","M","E","T","E","R","?","E","M","R","B",null,"M","?","M","M","?","E"],"character_chosen":"MARISA","items_purchased":["conspire:Boomerang","Toolbox","Happy Flower","PowerUp","MilkyWay","ClockworkSouvenir","MealTicket"],"campfire_rested":0,"item_purchase_floors":[0,0,0,0,0,0,0],"current_hp_per_floor":[33,29,29,32,35,35,35,39,39,25,34,27,31,32,41,34,65,62,62,52,51,13,22,22],"gold":723,"neow_bonus":"","is_daily":false,"chose_seed":false,"campfire_upgraded":3,"win_rate":0.0,"timestamp":1611120877,"path_taken":["M","M","?","M","M","R","M","E","T","E","R","?","E","M","R","BOSS","M","?","?","M","?","E"],"items_purchased_type":["Relic","Relic","Relic","Card","Card","Relic","Relic"],"build_version":"2020-12-22","purchased_purges":2,"victory":false,"max_hp_per_floor":[75,75,75,75,75,75,75,75,75,75,75,75,75,75,75,75,75,75,75,75,75,75,75,75],"card_choices":[{"not_picked":["PowerUp","NonDirectionalLaser"],"picked":"EarthLightRay","floor":1},{"not_picked":["Acceleration","SporeBomb"],"picked":"6A","floor":2},{"not_picked":["GrandCross","AsteroidBelt","EnergyFlow"],"picked":"SKIP","floor":3},{"not_picked":["MysteriousBeam","SprinkleStarSeal"],"picked":"MilkyWay","floor":4},{"not_picked":["SuperPerseids","GasGiant"],"picked":"StarBarrage","floor":5},{"not_picked":["WitchOfGreed","SporeBomb","SuperNova"],"picked":"SKIP","floor":7},{"not_picked":["MysteriousBeam","AsteroidBelt"],"picked":"EventHorizon","floor":8},{"not_picked":["ShootTheMoon","WitchOfGreed"],"picked":"AlicesGift","floor":10},{"not_picked":["BinaryStars","SuperPerseids"],"picked":"UltimateShortwave","floor":13},{"not_picked":["DoubleSpark","DarkSpark"],"picked":"Acceleration","floor":14},{"not_picked":["MysteriousBeam+1","ShootingEcho+1"],"picked":"PowerUp+1","floor":18},{"not_picked":["EnergyFlow","DarkMatter","DC"],"picked":"SKIP","floor":20},{"not_picked":["StarlightTyphoon","MysteriousBeam","MilkyWay"],"picked":"SKIP","floor":21},{"not_picked":["GalacticHalo","EarthLightRay+1"],"picked":"Acceleration","floor":22}],"player_experience":492374,"relics_obtained":[{"floor":8,"key":"MawBank"},{"floor":9,"key":"Ancient Tea Set"},{"floor":10,"key":"Eternal Feather"},{"floor":13,"key":"HollowMod:StagPassRelic"},{"floor":22,"key":"Red Mask"}],"event_choices":[{"cards_removed":["Defend_MRS"],"damage_healed":0,"gold_gain":0,"player_choice":"Card Removal","damage_taken":7,"max_hp_gain":0,"max_hp_loss":0,"event_name":"Golden Wing","floor":12,"gold_loss":0},{"damage_healed":0,"gold_gain":0,"player_choice":"Rummage","damage_taken":0,"relics_obtained":["WarpedTongs"],"max_hp_gain":0,"max_hp_loss":0,"event_name":"Accursed Blacksmith","floor":19,"gold_loss":0,"cards_obtained":["Pain"]},{"damage_healed":0,"gold_gain":0,"player_choice":"Fought Bandits","damage_taken":0,"max_hp_gain":0,"max_hp_loss":0,"event_name":"Masked Bandits","floor":22,"gold_loss":0}],"is_beta":false,"boss_relics":[{"not_picked":["Sozu","SacredBark"],"picked":"RampagingMagicTools"}],"items_purged_floors":[0,0],"is_endless":false,"potions_floor_spawned":[2,3,4,5,10,18,21,22],"killed_by":"Book of Stabbing","ascension_level":9}}