{"host":"gbjphby09ecsfbbs","time":1611169134,"event":{"mods":["AchievementEnabler","BaseMod","Downfall","GifTheSpireLib","Minty Spire (QoL Compilation)","StSLib","The Animator","The Bug Knight","The Cursed","The Saiyan","The Servant 0.9.4"],"gold_per_floor":[99,115,115,115,125,154,230,250,400,400,418,100,100,10,20,20,20,20],"floor_reached":16,"language":"ENG","playtime":2787,"items_purged":["downfall:Icky"],"score":100,"play_id":"4af47a53-2570-49d8-8e9d-15e72b530f79","local_time":"20210120105854","is_ascension_mode":false,"campfire_choices":[{"data":"champ:Taunt","floor":1.0,"key":"SMITH"},{"floor":13.0,"key":"REST"}],"circlet_count":0,"master_deck":["champ:Strike","champ:Strike","champ:Strike","champ:Strike","champ:Defend","champ:Defend","champ:Defend","champ:Defend","champ:Execute","champ:Taunt+1","champ:GutPunch","champ:FlashCut","champ:SkillfulDodge","champ:FanOfKnives","champ:Shatter","champ:FocusedBerserking","champ:DancingMaster","champ:GladiatorStyle","champ:ShieldSlam"],"relics":["champ:ChampionCrown","downfall:ShatteredFragment","Ice Cream","Ornamental Fan","Pantograph","Pen Nib"],"acts_visited":["Exordium"],"potions_floor_usage":[],"damage_taken":[{"damage":10.0,"enemies":"Jaw Worm","floor":2.0,"turns":3.0},{"damage":15.0,"enemies":"Small Slimes","floor":5.0,"turns":4.0},{"damage":63.0,"enemies":"Lagavulin","floor":6.0,"turns":7.0},{"damage":2.0,"enemies":"2 Louse","floor":8.0,"turns":2.0},{"damage":13.0,"enemies":"Blue Slaver","floor":11.0,"turns":3.0},{"damage":15.0,"enemies":"downfall:FleeingMerchant","floor":12.0,"turns":4.0},{"damage":16.0,"enemies":"downfall:FleeingMerchant","floor":14.0,"turns":4.0},{"damage":5,"enemies":"Exordium Thugs","floor":15,"turns":5},{"damage":123,"enemies":"SI_SHIV_ARCHETYPE","floor":16,"turns":10}],"seed_played":"8488912893256526282","potions_obtained":[{"floor":5.0,"key":"FearPotion"},{"floor":11.0,"key":"Dexterity Potion"},{"floor":15,"key":"sneckomod:MuddlingPotion"}],"is_trial":false,"path_per_floor":["R","M","?","?","M","E","T","M","?","T","M","$","R","$","M","B"],"character_chosen":"THE_CHAMP","items_purchased":["champ:DancingMaster","Pen Nib","champ:ShieldSlam"],"campfire_rested":1,"item_purchase_floors":[12,12,14],"current_hp_per_floor":[99,99,72,72,72,44,44,42,42,42,39,39,68,62,62,0,0,0],"gold":20,"neow_bonus":"TEN_PERCENT_HP_BONUS","is_daily":false,"chose_seed":false,"campfire_upgraded":1,"win_rate":0.0,"timestamp":1611169134,"path_taken":["R","M","?","?","M","E","T","?","?","?","M","$","R","$","M","BOSS"],"items_purchased_type":["Card","Relic","Card"],"build_version":"2020-12-22","purchased_purges":1,"victory":false,"max_hp_per_floor":[99,99,99,99,99,99,99,99,99,99,99,99,99,99,99,99,99,99],"card_choices":[{"not_picked":["champ:CrownThrow","champ:DefensiveShout"],"picked":"champ:GutPunch","floor":2.0},{"not_picked":["champ:Haymaker","champ:PreemptiveStrike"],"picked":"champ:FlashCut","floor":5.0},{"not_picked":["champ:BerserkersShout","champ:TornadoPunch"],"picked":"champ:SkillfulDodge","floor":6.0},{"not_picked":["champ:PerfectedStrike","champ:CrownThrow"],"picked":"champ:FanOfKnives","floor":8.0},{"not_picked":["champ:TornadoPunch","champ:FlashCut"],"picked":"champ:Shatter","floor":11.0},{"not_picked":["champ:FlashCut","champ:Encircle"],"picked":"champ:FocusedBerserking","floor":12.0},{"not_picked":["champ:RapidStrikes","champ:FocusedDefense"],"picked":"champ:GladiatorStyle","floor":14.0},{"not_picked":["champ:FanOfKnives","champ:Haymaker","champ:Parry"],"picked":"SKIP","floor":15}],"player_experience":96551,"relics_obtained":[{"floor":6.0,"key":"Ice Cream"},{"floor":7.0,"key":"Ornamental Fan"},{"floor":10.0,"key":"Pantograph"}],"event_choices":[],"is_beta":false,"boss_relics":[],"items_purged_floors":[12],"is_endless":false,"potions_floor_spawned":[5,11,15],"killed_by":"SI_SHIV_ARCHETYPE","ascension_level":0}}