{"host":"dhyczjm99amxd3qx","time":1611107216,"event":{"mods":["BaseMod","Colored Map","Googly Eyes","Highlight Path","Minty Spire (QoL Compilation)","Quick Restart","StSLib"],"gold_per_floor":[213,223,233,85,100,135,135,164,164,164,164,164,179,205,205,301,301,319,67,67,83,103,137,137,162,162,187,187,187,197,212,212,315,315,332,342,342,355,86,113,136,170,224,255,255,273,273,71,71,71],"floor_reached":51,"language":"ENG","playtime":3560,"items_purged":["Defend_B","Dualcast","Defend_B","Defend_B"],"score":1139,"play_id":"3c971146-d0a2-49b5-ac1a-c0a0218ef7e1","local_time":"20210119204656","is_ascension_mode":true,"campfire_choices":[{"data":"Zap","floor":7.0,"key":"SMITH"},{"data":"Defragment","floor":10.0,"key":"SMITH"},{"data":"FTL","floor":12.0,"key":"SMITH"},{"data":"Buffer","floor":15.0,"key":"SMITH"},{"data":"Fission","floor":24,"key":"SMITH"},{"data":"Echo Form","floor":28,"key":"SMITH"},{"data":"Electrodynamics","floor":32,"key":"SMITH"},{"data":"Echo Form","floor":45,"key":"SMITH"},{"data":"Chaos","floor":47,"key":"SMITH"},{"data":"Reboot","floor":49,"key":"SMITH"}],"circlet_count":0,"master_deck":["Defend_B","Zap+1","Cold Snap","Defragment+1","Conserve Battery","FTL+1","Blizzard","Cold Snap","Buffer+1","Fission+1","Go for the Eyes","Bite","Bite","Bite","Bite","Bite","Loop","Go for the Eyes+1","Electrodynamics+1","Echo Form+1","Chaos+1","Glacier","Redo+1","Loop+1","Finesse","Echo Form+1","Darkness+1","Reboot+1","Compile Driver"],"relics":["Cracked Core","Strawberry","Symbiotic Virus","Mummified Hand","Mercury Hourglass","Sozu","PreservedInsect","Question Card","MealTicket","Happy Flower","Nunchaku","Inserter","DataDisk","Bag of Marbles","Blood Vial","Kunai","Regal Pillow","Anchor"],"acts_visited":["Exordium","TheCity","TheBeyond"],"potions_floor_usage":[23],"damage_taken":[{"damage":7.0,"enemies":"Jaw Worm","floor":1.0,"turns":3.0},{"damage":0.0,"enemies":"Cultist","floor":2.0,"turns":3.0},{"damage":3.0,"enemies":"2 Louse","floor":3.0,"turns":4.0},{"damage":1.0,"enemies":"Looter","floor":5.0,"turns":4.0},{"damage":12.0,"enemies":"3 Sentries","floor":6.0,"turns":6.0},{"damage":24.0,"enemies":"Lagavulin","floor":8.0,"turns":7.0},{"damage":14.0,"enemies":"Exordium Thugs","floor":13.0,"turns":3.0},{"damage":8.0,"enemies":"Gremlin Nob","floor":14.0,"turns":4.0},{"damage":0.0,"enemies":"The Guardian","floor":16.0,"turns":11.0},{"damage":0.0,"enemies":"Chosen","floor":18.0,"turns":4.0},{"damage":13.0,"enemies":"3 Byrds","floor":21.0,"turns":4.0},{"damage":24,"enemies":"Snake Plant","floor":22,"turns":4},{"damage":21,"enemies":"Gremlin Leader","floor":23,"turns":7},{"damage":1,"enemies":"Slavers","floor":25,"turns":4},{"damage":11,"enemies":"Book of Stabbing","floor":27,"turns":3},{"damage":10,"enemies":"3 Cultists","floor":30,"turns":4},{"damage":16,"enemies":"Centurion and Healer","floor":31,"turns":4},{"damage":25,"enemies":"Collector","floor":33,"turns":10},{"damage":17,"enemies":"3 Darklings","floor":35,"turns":5},{"damage":10,"enemies":"Orb Walker","floor":36,"turns":3},{"damage":7,"enemies":"Spire Growth","floor":38,"turns":4},{"damage":12,"enemies":"Nemesis","floor":40,"turns":5},{"damage":0,"enemies":"Giant Head","floor":42,"turns":6},{"damage":7,"enemies":"Nemesis","floor":44,"turns":5},{"damage":13,"enemies":"Writhing Mass","floor":46,"turns":3},{"damage":19,"enemies":"Donu and Deca","floor":50,"turns":6}],"seed_played":"8468123183978830670","potions_obtained":[{"floor":5.0,"key":"Explosive Potion"},{"floor":8.0,"key":"FairyPotion"},{"floor":13.0,"key":"BlessingOfTheForge"},{"floor":16.0,"key":"Weak Potion"}],"is_trial":false,"path_per_floor":["M","M","M","$","M","E","R","E","T","R","?","R","M","E","R","B",null,"M","$","?","M","M","E","R","E","T","E","R","?","M","M","R","B",null,"M","M","?","M","$","E","T","E","T","E","R","M","R","$","R","B",null],"character_chosen":"DEFECT","items_purchased":["FTL","PreservedInsect","DataDisk","Compile Driver"],"campfire_rested":0,"item_purchase_floors":[4,19,39,48],"current_hp_per_floor":[61,61,58,58,57,52,52,28,28,28,28,28,14,6,6,6,63,63,63,57,52,40,33,33,44,44,43,43,34,36,32,32,39,56,55,51,51,54,62,58,58,62,62,59,59,49,49,62,62,55],"gold":71,"neow_bonus":"HUNDRED_GOLD","is_daily":false,"chose_seed":false,"campfire_upgraded":10,"win_rate":0.0,"timestamp":1611107216,"path_taken":["M","M","M","$","M","E","R","E","T","R","?","R","M","E","R","BOSS","M","?","?","M","M","E","R","E","T","E","R","?","M","M","R","BOSS","M","M","?","M","$","E","?","E","T","E","R","M","R","?","R","BOSS"],"items_purchased_type":["Card","Relic","Relic","Card"],"build_version":"2020-12-22","purchased_purges":4,"victory":true,"max_hp_per_floor":[75,75,75,75,75,82,82,82,82,82,82,82,82,82,82,82,82,82,82,57,57,57,57,57,57,57,57,57,62,62,62,62,62,62,62,62,62,62,62,62,62,62,62,62,62,62,62,62,62,62],"card_choices":[{"not_picked":["Hologram","Conserve Battery"],"picked":"Cold Snap","floor":1.0},{"not_picked":["Go for the Eyes","Doom and Gloom"],"picked":"Defragment","floor":2.0},{"not_picked":["Leap","White Noise"],"picked":"Conserve Battery","floor":3.0},{"not_picked":["Gash","Beam Cell","Rebound"],"picked":"SKIP","floor":5.0},{"not_picked":["Doom and Gloom","Turbo","Sunder"],"picked":"SKIP","floor":6.0},{"not_picked":["Double Energy","Force Field"],"picked":"Blizzard","floor":8.0},{"not_picked":["Sweeping Beam","Go for the Eyes"],"picked":"Cold Snap","floor":13.0},{"not_picked":["Steam","Redo"],"picked":"Buffer","floor":14.0},{"not_picked":["Multi-Cast","Reboot"],"picked":"Fission","floor":16.0},{"not_picked":["Rip and Tear","Compile Driver"],"picked":"Go for the Eyes","floor":18.0},{"not_picked":["Steam","Tempest"],"picked":"Loop","floor":21.0},{"not_picked":["Rebound","Sweeping Beam"],"picked":"Go for the Eyes+1","floor":22},{"not_picked":["Stack","Streamline","Rip and Tear+1"],"picked":"SKIP","floor":23},{"not_picked":["Turbo","Capacitor","Ball Lightning"],"picked":"Electrodynamics","floor":25},{"not_picked":["White Noise+1","Ball Lightning","Force Field"],"picked":"Echo Form","floor":27},{"not_picked":["Barrage","Aggregate","Go for the Eyes"],"picked":"Chaos","floor":30},{"not_picked":["Heatsinks+1","Turbo","Beam Cell+1"],"picked":"Glacier","floor":31},{"not_picked":["Sunder","Rebound","Hello World"],"picked":"Redo+1","floor":35},{"not_picked":["Sweeping Beam","Leap+1","Skim+1"],"picked":"Loop+1","floor":36},{"not_picked":["Thinking Ahead","Mayhem","Panache"],"picked":"Finesse","floor":37},{"not_picked":["Redo+1","Heatsinks+1","Undo","BootSequence+1"],"picked":"SKIP","floor":38},{"not_picked":["Redo","Compile Driver+1","Turbo+1"],"picked":"Echo Form","floor":40},{"not_picked":["Conserve Battery+1","Biased Cognition","Genetic Algorithm+1"],"picked":"Darkness+1","floor":42},{"not_picked":["Hologram","Defragment","Melter+1"],"picked":"Reboot","floor":44},{"not_picked":["Steam Power+1","Scrape","Sweeping Beam+1","Chaos"],"picked":"SKIP","floor":46}],"player_experience":333682,"relics_obtained":[{"floor":6.0,"key":"Strawberry"},{"floor":8.0,"key":"Symbiotic Virus"},{"floor":9.0,"key":"Mummified Hand"},{"floor":14.0,"key":"Mercury Hourglass"},{"floor":23,"key":"Question Card"},{"floor":25,"key":"MealTicket"},{"floor":26,"key":"Happy Flower"},{"floor":27,"key":"Nunchaku"},{"floor":40,"key":"Bag of Marbles"},{"floor":41,"key":"Blood Vial"},{"floor":42,"key":"Kunai"},{"floor":43,"key":"Regal Pillow"},{"floor":44,"key":"Anchor"}],"event_choices":[{"damage_healed":0.0,"max_hp_gain":0.0,"max_hp_loss":0.0,"gold_gain":0.0,"event_name":"Transmorgrifier","player_choice":"Ignored","floor":11.0,"gold_loss":0.0,"damage_taken":0.0},{"damage_healed":0.0,"max_hp_gain":0.0,"max_hp_loss":25.0,"gold_gain":0.0,"event_name":"Vampires","player_choice":"Became a vampire","floor":20.0,"gold_loss":0.0,"damage_taken":0.0,"cards_obtained":["Bite","Bite","Bite","Bite","Bite"]},{"damage_healed":0,"gold_gain":0,"player_choice":"Shed Blood","damage_taken":14,"max_hp_gain":5,"max_hp_loss":0,"event_name":"Forgotten Altar","floor":29,"gold_loss":0},{"damage_healed":0,"gold_gain":0,"player_choice":"Memory 1","damage_taken":0,"max_hp_gain":0,"max_hp_loss":0,"event_name":"SensoryStone","floor":37,"gold_loss":0}],"is_beta":false,"boss_relics":[{"not_picked":["Philosopher\u0027s Stone","Coffee Dripper"],"picked":"Sozu"},{"not_picked":["Pandora\u0027s Box","Velvet Choker"],"picked":"Inserter"}],"items_purged_floors":[4,19,39,48],"is_endless":false,"potions_floor_spawned":[5,8,13,16,18,22,27,33,36,38,40,42,46],"ascension_level":6}}