{"host":"usrgk25etjl0nf5i","time":1611120936,"event":{"mods":["2.2 Compatiblity","BaseMod","Downfall","Hubris","Minty Spire (QoL Compilation)","StSLib","SuperFastMode"],"gold_per_floor":[114,114,114,132,132,159,179,191,218,218,253,316,316,160,160,262,262,274,199,199,199,216,216,233,233,233,233,233,253,253,253],"floor_reached":30,"language":"ENG","playtime":921,"items_purged":[],"score":366,"play_id":"f2e87c76-ee92-4f65-af16-8c054d76c041","local_time":"20210119213536","is_ascension_mode":true,"campfire_choices":[{"floor":10,"key":"REST"},{"data":"Hologram","floor":15,"key":"SMITH"},{"data":"Buffer","floor":23,"key":"SMITH"},{"floor":25,"key":"REST"},{"data":"Spot Weakness","floor":27,"key":"SMITH"}],"circlet_count":0,"master_deck":["AscendersBane","Strike_B","Strike_B","Defend_B","Defend_B","Defend_B","Defend_B","Zap","Dualcast","Self Repair","Gash","Conserve Battery","Hologram+1","Reprogram","Gash","Gash","Meteor Strike","Buffer+1","Spot Weakness+1","Writhe","Decay","Beam Cell","BootSequence","Conserve Battery"],"relics":["Cracked Core","hubris:SlimyHat","hubris:Towel","Regal Pillow","Bag of Preparation","hexamod:BolsterEngine","hubris:DisguiseKit","SacredBark","Toy Ornithopter","Oddly Smooth Stone","InkBottle"],"acts_visited":["Exordium","TheCity"],"potions_floor_usage":[11,12,16,22,22],"damage_taken":[{"damage":0,"enemies":"2 Louse","floor":1,"turns":2},{"damage":16,"enemies":"Small Slimes","floor":4,"turns":4},{"damage":33,"enemies":"Lagavulin","floor":6,"turns":8},{"damage":1,"enemies":"Cultist","floor":7,"turns":4},{"damage":1,"enemies":"Looter","floor":8,"turns":4},{"damage":15,"enemies":"3 Sentries","floor":11,"turns":6},{"damage":22,"enemies":"Lagavulin Event","floor":12,"turns":5},{"damage":46,"enemies":"Hexaghost","floor":16,"turns":9},{"damage":25,"enemies":"Spheric Guardian","floor":18,"turns":4},{"damage":8,"enemies":"2 Thieves","floor":22,"turns":4},{"damage":42,"enemies":"Centurion and Healer","floor":24,"turns":8},{"damage":66,"enemies":"3 Cultists","floor":29,"turns":8},{"damage":14,"enemies":"Book of Stabbing","floor":30,"turns":2}],"seed_played":"-4413736043414020091","potions_obtained":[{"floor":4,"key":"sneckomod:MuddlingPotion"},{"floor":7,"key":"AttackPotion"},{"floor":11,"key":"AttackPotion"},{"floor":16,"key":"PowerPotion"},{"floor":18,"key":"Block Potion"}],"is_trial":false,"path_per_floor":["M","?","?","M","?","E","M","M","T","R","E","?","?","$","R","B",null,"M","?","?","?","M","R","M","R","T","R","T","M","E"],"character_chosen":"DEFECT","items_purchased":["Meteor Strike"],"campfire_rested":2,"item_purchase_floors":[14],"current_hp_per_floor":[75,72,72,63,63,37,43,49,49,82,74,59,59,59,59,20,67,49,49,49,49,65,65,30,69,69,69,69,10,0,0],"gold":253,"neow_bonus":"TEN_PERCENT_HP_BONUS","is_daily":false,"chose_seed":false,"campfire_upgraded":3,"win_rate":0.0,"timestamp":1611120936,"path_taken":["M","?","?","M","?","E","M","?","T","R","E","?","?","$","R","BOSS","M","?","?","?","M","R","M","R","T","R","?","M","E"],"items_purchased_type":["Card"],"build_version":"2020-12-22","purchased_purges":0,"victory":false,"max_hp_per_floor":[82,82,82,82,82,82,82,82,82,82,82,82,82,82,82,82,82,82,82,82,82,82,82,82,82,82,82,82,82,82,82],"card_choices":[{"not_picked":["Cold Snap","Undo"],"picked":"Self Repair","floor":1},{"not_picked":["Beam Cell","Steam"],"picked":"Gash","floor":4},{"not_picked":["Redo","Consume"],"picked":"Conserve Battery","floor":6},{"not_picked":["Redo","Reprogram"],"picked":"Hologram","floor":7},{"not_picked":["Cold Snap","Barrage"],"picked":"Reprogram","floor":8},{"not_picked":["Hello World","Consume"],"picked":"Gash","floor":11},{"not_picked":["Thunder Strike","Amplify","Fiend Fire"],"picked":"Buffer","floor":16},{"not_picked":["Steam","Self Repair","Cold Snap+1"],"picked":"Spot Weakness","floor":18},{"not_picked":["Redo","Rebound","Shrug It Off"],"picked":"Beam Cell","floor":22},{"not_picked":["Redo","Melter","Warcry"],"picked":"BootSequence","floor":24},{"not_picked":["Static Discharge","Rebound","Dropkick"],"picked":"Conserve Battery","floor":29}],"player_experience":651676,"relics_obtained":[{"floor":6,"key":"Regal Pillow"},{"floor":9,"key":"Bag of Preparation"},{"floor":11,"key":"hexamod:BolsterEngine"},{"floor":12,"key":"hubris:DisguiseKit"},{"floor":26,"key":"Oddly Smooth Stone"},{"floor":28,"key":"InkBottle"}],"event_choices":[{"damage_healed":0,"gold_gain":0,"player_choice":"Success","damage_taken":3,"relics_obtained":["hubris:SlimyHat"],"max_hp_gain":0,"max_hp_loss":0,"event_name":"Scrap Ooze","floor":2,"gold_loss":0},{"cards_removed":["Strike_B"],"damage_healed":0,"gold_gain":0,"player_choice":"Offered Basic","damage_taken":0,"max_hp_gain":0,"max_hp_loss":0,"event_name":"Bonfire Elementals","floor":5,"gold_loss":0},{"damage_healed":0,"gold_gain":30,"player_choice":"Searched \u00272\u0027 times","damage_taken":0,"max_hp_gain":0,"max_hp_loss":0,"event_name":"Dead Adventurer","floor":12,"gold_loss":0},{"cards_removed":["Strike_B"],"damage_healed":0,"gold_gain":0,"player_choice":"Gave Gold","damage_taken":0,"max_hp_gain":0,"max_hp_loss":0,"event_name":"Beggar","floor":19,"gold_loss":75},{"damage_healed":0,"gold_gain":0,"player_choice":"Opened","damage_taken":0,"relics_obtained":["Toy Ornithopter"],"max_hp_gain":0,"max_hp_loss":0,"event_name":"The Mausoleum","floor":20,"gold_loss":0,"cards_obtained":["Writhe"]},{"damage_healed":0,"gold_gain":0,"player_choice":"Smashed Altar","damage_taken":0,"max_hp_gain":0,"max_hp_loss":0,"event_name":"Forgotten Altar","floor":21,"gold_loss":0,"cards_obtained":["Decay"]}],"is_beta":false,"boss_relics":[{"not_picked":["hubris:ScarierMask","hubris:HollowSoul"],"picked":"SacredBark"}],"items_purged_floors":[],"is_endless":false,"potions_floor_spawned":[4,7,11,16,18],"killed_by":"Book of Stabbing","ascension_level":11}}