{"host":"l84l8xigz5v5foa2","time":1611138684,"event":{"mods":["2.2 Compatiblity","AchievementEnabler","BaseMod","Better Note","Better Vampires","Card Filter","Colored Map","DeckTracker","Downfall","Gremlin Skip","Highlight Path","Keyboard Shortcuts","Minty Spire (QoL Compilation)","Permanent Neow","Quick Restart","Relic Filter","Relic Stats","StSLib","SuperFastMode","Transform Curses","Unknown Chances"],"gold_per_floor":[111,111,111,36,50,50,50,50,75,96,136,149,192,172,172,265,265,281,294,36,36,55,55,95,95,95,130,130,196,224,255,255,369,369,419,227,296,347,375,375,140,158,158,158,158,158,158],"floor_reached":45,"language":"ENG","playtime":1770,"items_purged":["Normality","hexamod:Strike","hexamod:Strike+1","hexamod:Strike+1"],"score":1108,"play_id":"ead40c94-17b3-4e81-823d-8bb116edef8e","local_time":"20210120193124","is_ascension_mode":true,"campfire_choices":[{"data":"hexamod:GhostOfSpireFuture","floor":6.0,"key":"SMITH"},{"data":"hexamod:HeatMetal","floor":8.0,"key":"SMITH"},{"data":"hexamod:FastForward","floor":15.0,"key":"SMITH"},{"floor":23.0,"key":"REST"},{"floor":25.0,"key":"RECALL"},{"floor":28.0,"key":"REST"},{"floor":32.0,"key":"REST"},{"floor":40,"key":"REST"},{"floor":44,"key":"REST"}],"circlet_count":0,"master_deck":["AscendersBane","hexamod:Defend+1","hexamod:Defend+1","hexamod:Defend","hexamod:Sear+1","hexamod:Float+1","hexamod:ThermalTransfer+1","hexamod:GhostOfSpireFuture+1","hexamod:HauntingEcho+1","hexamod:HeatMetal+1","hexamod:ShieldOfDarkness+1","hexamod:ShieldOfDarkness+1","hexamod:FastForward+1","hexamod:ApocalypseNow+1","hexamod:RadiantFlame+1","hexamod:GhostShield+1","hexamod:SixthSeal","hexamod:ThirdSeal","hexamod:Hexaguard+1","hexamod:EtherealExpedition+1","hexamod:Incineration+1","hexamod:StepThrough+1","hexamod:StepThrough+1","hexamod:RainOfEmbers+1","hexamod:FifthSeal","hexamod:HexaLevel+1","hexamod:RetreatToShadows+1","hexamod:SixthSeal","hexamod:Haunt+1","hexamod:NecessarySacrifice+1","hexamod:GhostOfSpirePast+1","hexamod:PowerFromBeyond+1","hexamod:FourthSeal","hexamod:ThirdSeal","hexamod:FirstSeal","Madness+1","Secret Technique+1","Blind+1"],"relics":["hexamod:SpiritBrand","Black Star","Golden Idol","Regal Pillow","Strawberry","Bag of Marbles","hexamod:Sixitude","Pantograph","Pear","Fusion Hammer","hexamod:RecyclingMachine","sneckomod:BlankCard","Mercury Hourglass","Nunchaku","Potion Belt","Toxic Egg 2","CeramicFish","hexamod:InflammatoryLetter","hexamod:TheBrokenSeal","Philosopher\u0027s Stone","hexamod:SoulConsumer","Oddly Smooth Stone"],"acts_visited":["Exordium","TheCity","TheBeyond"],"potions_floor_usage":[39],"damage_taken":[{"damage":2.0,"enemies":"Jaw Worm","floor":1.0,"turns":3.0},{"damage":0.0,"enemies":"Small Slimes","floor":5.0,"turns":3.0},{"damage":0.0,"enemies":"2 Louse","floor":10.0,"turns":2.0},{"damage":0.0,"enemies":"3 Sentries","floor":11.0,"turns":8.0},{"damage":0.0,"enemies":"Lots of Slimes","floor":12.0,"turns":2.0},{"damage":0.0,"enemies":"Lagavulin","floor":13.0,"turns":7.0},{"damage":11.0,"enemies":"Hexaghost","floor":16.0,"turns":7.0},{"damage":11.0,"enemies":"Shell Parasite","floor":18.0,"turns":6.0},{"damage":10.0,"enemies":"3 Byrds","floor":19.0,"turns":5.0},{"damage":10.0,"enemies":"Shelled Parasite and Fungi","floor":22.0,"turns":6.0},{"damage":1.0,"enemies":"Gremlin Leader","floor":24.0,"turns":6.0},{"damage":25.0,"enemies":"Book of Stabbing","floor":27.0,"turns":5.0},{"damage":31.0,"enemies":"Slavers","floor":29.0,"turns":5.0},{"damage":27.0,"enemies":"3 Cultists","floor":30.0,"turns":6.0},{"damage":0.0,"enemies":"Cultist and Chosen","floor":31.0,"turns":3.0},{"damage":4.0,"enemies":"Collector","floor":33.0,"turns":7.0},{"damage":1.0,"enemies":"3 Shapes","floor":35.0,"turns":4.0},{"damage":21.0,"enemies":"2 Orb Walkers","floor":37.0,"turns":5.0},{"damage":30,"enemies":"Orb Walker","floor":38,"turns":6},{"damage":34,"enemies":"Jaw Worm Horde","floor":39,"turns":6},{"damage":95,"enemies":"Reptomancer","floor":45,"turns":3}],"seed_played":"6307609562756051485","potions_obtained":[{"floor":1.0,"key":"hexamod:EctoCoolerPotion"},{"floor":11.0,"key":"Explosive Potion"},{"floor":14.0,"key":"ColorlessPotion"},{"floor":19.0,"key":"AttackPotion"},{"floor":22.0,"key":"Fire Potion"},{"floor":24.0,"key":"EntropicBrew"},{"floor":24.0,"key":"AttackPotion"},{"floor":27.0,"key":"EntropicBrew"},{"floor":29.0,"key":"LiquidMemories"},{"floor":29.0,"key":"Ancient Potion"},{"floor":33.0,"key":"Fruit Juice"},{"floor":38,"key":"EssenceOfSteel"}],"is_trial":false,"path_per_floor":["M","?","?","$","M","R","?","R","T","M","E","M","E","?","R","B",null,"M","M","$","?","M","R","E","R","T","E","R","E","M","M","R","B",null,"M","$","?","M","M","R","$","?","T","R","E"],"character_chosen":"THE_SPIRIT","items_purchased":["hexamod:RecyclingMachine","hexamod:NecessarySacrifice+1","Madness+1"],"campfire_rested":5,"item_purchase_floors":[20,36,41],"current_hp_per_floor":[55,55,38,38,38,38,27,27,34,34,34,34,44,44,44,58,70,59,49,49,49,39,74,73,73,73,48,74,43,84,84,84,85,88,87,87,66,36,6,47,47,37,37,78,0,0,0],"gold":158,"neow_bonus":"TRANSFORM_TWO_CARDS","is_daily":false,"chose_seed":false,"campfire_upgraded":3,"win_rate":0.0,"timestamp":1611138684,"path_taken":["M","?","?","$","M","R","?","R","T","M","E","?","E","?","R","BOSS","M","?","$","?","M","R","E","R","T","E","R","E","M","?","R","BOSS","M","$","?","M","M","R","$","?","T","R","E"],"items_purchased_type":["Relic","Card","Card"],"build_version":"2020-12-22","purchased_purges":4,"victory":false,"max_hp_per_floor":[63,57,57,57,57,57,57,57,64,64,64,64,74,74,74,74,74,74,74,74,74,74,74,74,74,74,74,74,74,84,84,84,89,89,89,89,89,89,89,89,89,89,89,89,89,89,89],"relic_stats":{"Regal Pillow":47,"Nunchaku":[4],"counters":[21,103],"Golden Idol":135,"Pantograph":25,"CeramicFish":171,"Black Star":5,"obtain_stats":[{"Potion Belt":27,"Regal Pillow":7,"Pear":13,"Golden Idol":2,"sneckomod:BlankCard":21,"CeramicFish":29,"hexamod:Sixitude":11,"hexamod:TheBrokenSeal":30,"Oddly Smooth Stone":43,"hexamod:InflammatoryLetter":29,"Mercury Hourglass":24,"Nunchaku":24,"Strawberry":9,"Pantograph":13,"Philosopher\u0027s Stone":34,"Fusion Hammer":17,"Black Star":0,"Bag of Marbles":11,"hexamod:RecyclingMachine":20,"hexamod:SoulConsumer":37,"Toxic Egg 2":27,"hexamod:SpiritBrand":0},{"Potion Belt":12,"Regal Pillow":2,"Pear":6,"Golden Idol":1,"sneckomod:BlankCard":9,"CeramicFish":13,"hexamod:Sixitude":4,"hexamod:TheBrokenSeal":14,"Oddly Smooth Stone":20,"hexamod:InflammatoryLetter":13,"Mercury Hourglass":11,"Nunchaku":11,"Strawberry":2,"Pantograph":6,"Philosopher\u0027s Stone":16,"Fusion Hammer":7,"Black Star":0,"Bag of Marbles":4,"hexamod:RecyclingMachine":9,"hexamod:SoulConsumer":18,"Toxic Egg 2":12,"hexamod:SpiritBrand":0},{"Potion Belt":59,"Regal Pillow":6,"Pear":25,"Golden Idol":3,"sneckomod:BlankCard":43,"CeramicFish":64,"hexamod:Sixitude":16,"hexamod:TheBrokenSeal":70,"Oddly Smooth Stone":100,"hexamod:InflammatoryLetter":64,"Mercury Hourglass":55,"Nunchaku":55,"Strawberry":6,"Pantograph":25,"Philosopher\u0027s Stone":80,"Fusion Hammer":32,"Black Star":0,"Bag of Marbles":16,"hexamod:RecyclingMachine":43,"hexamod:SoulConsumer":89,"Toxic Egg 2":59,"hexamod:SpiritBrand":0}],"Mercury Hourglass":[230]},"card_choices":[{"not_picked":["hexamod:RadiantFlame","hexamod:EtherealExpedition"],"picked":"hexamod:HauntingEcho","floor":1.0},{"not_picked":["hexamod:RetreatToShadows","hexamod:GhostShield"],"picked":"hexamod:HeatMetal","floor":5.0},{"not_picked":["hexamod:ThermalTransfer","hexamod:EtherealExpedition"],"picked":"hexamod:ShieldOfDarkness","floor":10.0},{"not_picked":["hexamod:SecondSeal","hexamod:BurningTouch"],"picked":"hexamod:ShieldOfDarkness","floor":11.0},{"not_picked":["hexamod:SwordOfDarkness","hexamod:NightmareStrike"],"picked":"hexamod:FastForward","floor":12.0},{"not_picked":["hexamod:PowerFromBeyond","hexamod:SwordOfDarkness","hexamod:GhostLash"],"picked":"SKIP","floor":13.0},{"not_picked":["hexamod:GiftsFromTheDead","hexamod:TimeOfNeed"],"picked":"hexamod:FifthSeal","floor":16.0},{"not_picked":["hexamod:FirstSeal","hexamod:FourthSeal"],"picked":"hexamod:SixthSeal","floor":18.0},{"not_picked":["hexamod:ExtraCrispy","hexamod:SkipABeat"],"picked":"hexamod:ApocalypseNow","floor":18.0},{"not_picked":["hexamod:SecondSeal","hexamod:FirstSeal"],"picked":"hexamod:FourthSeal","floor":19.0},{"not_picked":["hexamod:DynamicBlow","hexamod:Firestarter"],"picked":"hexamod:RadiantFlame","floor":19.0},{"not_picked":["hexamod:SecondSeal","hexamod:FirstSeal"],"picked":"hexamod:ThirdSeal","floor":22.0},{"not_picked":["hexamod:GhostOfSpireFuture","hexamod:SpectralAdrenaline"],"picked":"hexamod:GhostShield","floor":22.0},{"not_picked":["hexamod:FirstSeal","hexamod:SecondSeal"],"picked":"hexamod:SixthSeal","floor":24.0},{"not_picked":["hexamod:PhantomFireball","hexamod:GhostLash"],"picked":"hexamod:ThirdSeal","floor":24.0},{"not_picked":["hexamod:SkipABeat+1","hexamod:Haunt","hexamod:BacktrackSmack"],"picked":"SKIP","floor":24.0},{"not_picked":["hexamod:SkipABeat+1","hexamod:Haunt","hexamod:BacktrackSmack"],"picked":"SKIP","floor":24.0},{"not_picked":["hexamod:UnleashSpirits","hexamod:InspiringFlames+1"],"picked":"hexamod:Hexaguard+1","floor":27.0},{"not_picked":["hexamod:ShieldOfDarkness+1","hexamod:GhostLash"],"picked":"hexamod:EtherealExpedition+1","floor":27.0},{"not_picked":["hexamod:RadiantFlame","hexamod:GhostOfSpireFuture"],"picked":"hexamod:Incineration","floor":27.0},{"not_picked":["hexamod:SecondSeal","hexamod:SixthSeal"],"picked":"hexamod:FirstSeal","floor":29.0},{"not_picked":["hexamod:FourthSeal","hexamod:ThirdSeal"],"picked":"hexamod:SecondSeal","floor":29.0},{"not_picked":["hexamod:WildfireWeapon","hexamod:ThirdSeal"],"picked":"hexamod:StepThrough","floor":29.0},{"not_picked":["hexamod:ShieldOfDarkness+1","hexamod:SkipABeat+1","hexamod:Incineration"],"picked":"SKIP","floor":29.0},{"not_picked":["hexamod:Firestarter","hexamod:ExtraCrispy","hexamod:HauntingEcho"],"picked":"SKIP","floor":30.0},{"not_picked":["hexamod:PhantomFireball","hexamod:HeatCrush","hexamod:Again+1"],"picked":"SKIP","floor":30.0},{"not_picked":["hexamod:EmpoweredFlame","hexamod:BurningTouch+1"],"picked":"hexamod:StepThrough","floor":31.0},{"not_picked":["hexamod:ShieldOfDarkness+1","hexamod:NightmareStrike"],"picked":"hexamod:RainOfEmbers","floor":31.0},{"not_picked":["hexamod:UnleashSpirits","hexamod:WildfireWeapon"],"picked":"hexamod:FifthSeal","floor":33.0},{"not_picked":["hexamod:ForkedFlame","hexamod:WildfireWeapon"],"picked":"hexamod:HexaLevel","floor":33.0},{"not_picked":["hexamod:ShieldOfDarkness+1","hexamod:ChargedBarrage+1"],"picked":"hexamod:RetreatToShadows+1","floor":35.0},{"not_picked":["hexamod:SecondSeal","hexamod:FirstSeal"],"picked":"hexamod:SixthSeal","floor":35.0},{"not_picked":["hexamod:BacktrackSmack","hexamod:GhostLash","hexamod:Haunt+1"],"picked":"SKIP","floor":35.0},{"not_picked":["hexamod:BacktrackSmack","hexamod:GhostLash"],"picked":"hexamod:Haunt+1","floor":35.0},{"not_picked":["hexamod:StepThrough","hexamod:NightmareGuise+1"],"picked":"hexamod:GhostOfSpirePast","floor":37.0},{"not_picked":["hexamod:GhostShield+1","hexamod:ShieldOfDarkness+1"],"picked":"hexamod:PowerFromBeyond+1","floor":38},{"not_picked":["hexamod:FirstSeal","hexamod:SecondSeal"],"picked":"hexamod:FourthSeal","floor":38},{"not_picked":["hexamod:NightmareGuise+1","hexamod:VolcanoVisage"],"picked":"hexamod:ThirdSeal","floor":38},{"not_picked":["hexamod:SixthSeal","hexamod:ThirdSeal"],"picked":"hexamod:FirstSeal","floor":39},{"not_picked":["hexamod:GhostflameBarrier+1","hexamod:ThermalTransfer","hexamod:GhostShield+1"],"picked":"SKIP","floor":39},{"not_picked":["hexamod:ExtraCrispy","hexamod:GhostShield+1","hexamod:EmpoweredFlame"],"picked":"SKIP","floor":39},{"not_picked":["hexamod:FastForward+1","hexamod:SkipABeat+1","hexamod:GhostLash"],"picked":"SKIP","floor":39},{"not_picked":["Discovery+1","Mayhem"],"picked":"Secret Technique+1","floor":42},{"not_picked":["Dark Shackles+1","Trip+1"],"picked":"Blind+1","floor":42}],"player_experience":3313416,"relics_obtained":[{"floor":9.0,"key":"Strawberry"},{"floor":11.0,"key":"Bag of Marbles"},{"floor":11.0,"key":"hexamod:Sixitude"},{"floor":13.0,"key":"Pantograph"},{"floor":13.0,"key":"Pear"},{"floor":24.0,"key":"Mercury Hourglass"},{"floor":24.0,"key":"Nunchaku"},{"floor":27.0,"key":"Potion Belt"},{"floor":27.0,"key":"Toxic Egg 2"},{"floor":29.0,"key":"CeramicFish"},{"floor":29.0,"key":"hexamod:InflammatoryLetter"},{"floor":37.0,"key":"hexamod:SoulConsumer"},{"floor":43,"key":"Oddly Smooth Stone"}],"event_choices":[{"damage_healed":0.0,"max_hp_gain":0.0,"max_hp_loss":6.0,"gold_gain":0.0,"event_name":"Golden Idol","player_choice":"Lose Max HP","floor":2.0,"gold_loss":0.0,"damage_taken":0.0,"relics_obtained":["Golden Idol"]},{"damage_healed":0.0,"max_hp_gain":0.0,"max_hp_loss":0.0,"gold_gain":0.0,"event_name":"Shining Light","player_choice":"Entered Light","floor":3.0,"gold_loss":0.0,"damage_taken":17.0,"cards_upgraded":["hexamod:Float","hexamod:Sear"]},{"damage_healed":0.0,"max_hp_gain":0.0,"max_hp_loss":0.0,"gold_gain":0.0,"event_name":"Scrap Ooze","player_choice":"Success","floor":7.0,"gold_loss":0.0,"damage_taken":11.0,"relics_obtained":["Regal Pillow"]},{"damage_healed":0.0,"max_hp_gain":0.0,"max_hp_loss":0.0,"gold_gain":0.0,"event_name":"The Woman in Blue","player_choice":"Bought 1 Potion","floor":14.0,"gold_loss":0.0,"damage_taken":0.0},{"damage_healed":0.0,"max_hp_gain":0.0,"max_hp_loss":0.0,"gold_gain":0.0,"event_name":"WeMeetAgain","player_choice":"Gave Potion","floor":21.0,"gold_loss":0.0,"damage_taken":0.0,"relics_obtained":["sneckomod:BlankCard"]},{"damage_healed":0.0,"max_hp_gain":0.0,"max_hp_loss":0.0,"gold_gain":0.0,"event_name":"Mysterious Sphere","player_choice":"Fight","floor":37.0,"gold_loss":0.0,"damage_taken":0.0},{"damage_healed":0,"gold_gain":0,"player_choice":"Memory 3","damage_taken":10,"max_hp_gain":0,"max_hp_loss":0,"event_name":"SensoryStone","floor":42,"gold_loss":0}],"is_beta":false,"boss_relics":[{"not_picked":["Busted Crown","Snecko Eye"],"picked":"Fusion Hammer"},{"not_picked":["Cursed Key","Velvet Choker"],"picked":"Philosopher\u0027s Stone"}],"items_purged_floors":[4,20,36,41],"is_endless":false,"potions_floor_spawned":[1,11,19,22,29,33,38],"killed_by":"Reptomancer","ascension_level":20}}