{"host":"70zhvo5nwrhp1mbg","time":1611160282,"event":{"mods":["BaseMod","Colored Map","Colored Powertips","Filter the Spire","Highlight Path","Minty Spire (QoL Compilation)","Rare Cards Sparkle","StSLib"],"gold_per_floor":[116,25,38,57,68,101,101,101,127,158,158,187,198,216,216,216,216],"floor_reached":16,"language":"ENG","playtime":1690,"items_purged":[],"score":224,"play_id":"0eeff563-ba89-4c97-8ec3-ece7c8673f90","local_time":"20210120113122","is_ascension_mode":true,"campfire_choices":[{"data":"Shrug It Off","floor":7,"key":"SMITH"},{"floor":11,"key":"REST"},{"data":"True Grit","floor":15,"key":"SMITH"}],"circlet_count":0,"master_deck":["Strike_R","Strike_R","Strike_R","Strike_R","Strike_R","Defend_R","Defend_R","Defend_R","Defend_R","Bash","Shrug It Off+1","Carnage","True Grit+1","Shrug It Off","Rampage","Inflame+1","Spot Weakness","Perfected Strike","Disarm","Spot Weakness"],"relics":["Burning Blood","Orichalcum","Toy Ornithopter","Bag of Marbles","Bronze Scales","Regal Pillow"],"acts_visited":[],"potions_floor_usage":[6,16,16],"damage_taken":[{"damage":0,"enemies":"Cultist","floor":1,"turns":3},{"damage":2,"enemies":"Small Slimes","floor":3,"turns":2},{"damage":2,"enemies":"Jaw Worm","floor":4,"turns":4},{"damage":3,"enemies":"Blue Slaver","floor":5,"turns":4},{"damage":21,"enemies":"Lagavulin","floor":6,"turns":6},{"damage":10,"enemies":"3 Sentries","floor":10,"turns":8},{"damage":19,"enemies":"Gremlin Nob","floor":12,"turns":4},{"damage":6,"enemies":"Exordium Wildlife","floor":13,"turns":3},{"damage":13,"enemies":"Large Slime","floor":14,"turns":5},{"damage":71,"enemies":"Slime Boss","floor":16,"turns":12}],"seed_played":"-2697794105661242712","potions_obtained":[{"floor":3,"key":"LiquidMemories"},{"floor":10,"key":"SpeedPotion"},{"floor":14,"key":"GamblersBrew"}],"is_trial":false,"path_per_floor":["M","$","M","M","M","E","R","?","T","E","R","E","M","M","R","B"],"character_chosen":"IRONCLAD","items_purchased":["Carnage","True Grit"],"campfire_rested":1,"item_purchase_floors":[2,2],"current_hp_per_floor":[78,78,80,80,80,65,65,65,65,61,80,67,67,60,60,0,0],"gold":216,"neow_bonus":"RANDOM_COMMON_RELIC","is_daily":false,"chose_seed":false,"campfire_upgraded":2,"win_rate":0.0,"timestamp":1611160282,"path_taken":["M","$","?","M","M","E","R","?","T","E","R","E","?","M","R","BOSS"],"items_purchased_type":["Card","Card"],"build_version":"2020-12-22","purchased_purges":0,"victory":false,"max_hp_per_floor":[80,80,80,80,80,80,80,80,80,80,80,80,80,80,80,80,80],"card_choices":[{"not_picked":["Wild Strike","Clothesline"],"picked":"Shrug It Off","floor":1},{"not_picked":["Pommel Strike","Blood for Blood"],"picked":"Shrug It Off","floor":3},{"not_picked":["Blood for Blood","Rupture"],"picked":"Rampage","floor":4},{"not_picked":["Thunderclap","Sword Boomerang"],"picked":"Inflame","floor":5},{"not_picked":["Shockwave","Brutality","Whirlwind"],"picked":"SKIP","floor":6},{"not_picked":["Sword Boomerang","Metallicize"],"picked":"Spot Weakness","floor":10},{"not_picked":["Barricade","Clash"],"picked":"Perfected Strike","floor":12},{"not_picked":["Wild Strike","Combust"],"picked":"Disarm","floor":13},{"not_picked":["Thunderclap","Perfected Strike"],"picked":"Spot Weakness","floor":14}],"player_experience":399209,"relics_obtained":[{"floor":6,"key":"Toy Ornithopter"},{"floor":9,"key":"Bag of Marbles"},{"floor":10,"key":"Bronze Scales"},{"floor":12,"key":"Regal Pillow"}],"event_choices":[{"damage_healed":0,"gold_gain":0,"player_choice":"Upgraded","damage_taken":0,"max_hp_gain":0,"max_hp_loss":0,"event_name":"Upgrade Shrine","floor":8,"gold_loss":0,"cards_upgraded":["Inflame"]}],"is_beta":false,"boss_relics":[],"items_purged_floors":[],"is_endless":false,"potions_floor_spawned":[3,10,14],"killed_by":"Slime Boss","ascension_level":6}}