{"host":"2p2urjtdoqk7wfo5","time":1611130678,"event":{"mods":["AchievementEnabler","BaseMod","Colored Powertips","Minty Spire (QoL Compilation)"],"gold_per_floor":[109,125,125,136,146,180,180,211,211,211,211,136,166,166,166,271,271,282,33,132,132,47,47,47,82,94,131,143,180,212,243,255,369,381,411,423,447,179,195,227,227,227,227,254,269,0,0,18,18,18,18],"floor_reached":50,"language":"ENG","playtime":6585,"items_purged":["Defend_P","Regret","Defend_P+1"],"score":616,"play_id":"7d8acb96-0b65-464f-aed1-06c4d397a33a","local_time":"20210120001758","is_ascension_mode":false,"campfire_choices":[{"floor":7,"key":"REST"},{"floor":10,"key":"REST"},{"floor":15,"key":"REST"},{"floor":23,"key":"REST"},{"floor":28,"key":"REST"},{"floor":32,"key":"REST"},{"floor":42,"key":"REST"},{"floor":47,"key":"REST"},{"floor":49,"key":"REST"}],"circlet_count":0,"master_deck":["Strike_P+1","Strike_P+1","Strike_P+1","Strike_P+1","Defend_P+1","Eruption+1","Vigilance","EmptyFist","SashWhip+1","ClearTheMind","WaveOfTheHand","Wallop","ReachHeaven+1","ThirdEye","ConjureBlade+1","ForeignInfluence+1","Swivel+1","Crescendo+1","Perseverance","FearNoEvil","Tantrum","BattleHymn","Halt"],"relics":["SlaversCollar","Blood Vial","Vajra","Kunai","Whetstone","VioletLotus","War Paint","Darkstone Periapt","MawBank","HornCleat","FossilizedHelix","Sundial","Velvet Choker","HandDrill","White Beast Statue","PreservedInsect","Dream Catcher","Red Mask"],"acts_visited":["Exordium","TheCity","TheBeyond"],"potions_floor_usage":[16,25,29,29,33,33,40,41,50,50,50],"damage_taken":[{"damage":7,"enemies":"Cultist","floor":1,"turns":3},{"damage":1,"enemies":"2 Louse","floor":2,"turns":2},{"damage":9,"enemies":"Jaw Worm","floor":4,"turns":3},{"damage":18,"enemies":"3 Louse","floor":5,"turns":3},{"damage":27,"enemies":"Gremlin Nob","floor":6,"turns":4},{"damage":23,"enemies":"Lagavulin","floor":8,"turns":7},{"damage":17,"enemies":"Hexaghost","floor":16,"turns":8},{"damage":36,"enemies":"2 Thieves","floor":18,"turns":4},{"damage":37,"enemies":"Book of Stabbing","floor":25,"turns":5},{"damage":16,"enemies":"Slavers","floor":27,"turns":6},{"damage":0,"enemies":"Book of Stabbing","floor":29,"turns":5},{"damage":0,"enemies":"Spheric Guardian","floor":30,"turns":4},{"damage":0,"enemies":"Centurion and Healer","floor":31,"turns":4},{"damage":7,"enemies":"Collector","floor":33,"turns":10},{"damage":20,"enemies":"3 Darklings","floor":35,"turns":6},{"damage":0,"enemies":"Orb Walker","floor":37,"turns":3},{"damage":0,"enemies":"Transient","floor":39,"turns":5},{"damage":39,"enemies":"Giant Head","floor":40,"turns":8},{"damage":0,"enemies":"Maw","floor":41,"turns":5},{"damage":0,"enemies":"Reptomancer","floor":44,"turns":5},{"damage":16,"enemies":"3 Darklings","floor":45,"turns":5},{"damage":9,"enemies":"Jaw Worm Horde","floor":48,"turns":4},{"damage":91,"enemies":"Donu and Deca","floor":50,"turns":5}],"seed_played":"-6238270709075011196","potions_obtained":[{"floor":1,"key":"SmokeBomb"},{"floor":2,"key":"AttackPotion"},{"floor":24,"key":"LiquidBronze"},{"floor":24,"key":"Block Potion"},{"floor":27,"key":"DistilledChaos"},{"floor":30,"key":"Ancient Potion"},{"floor":31,"key":"Block Potion"},{"floor":35,"key":"Fire Potion"},{"floor":39,"key":"Ambrosia"},{"floor":40,"key":"SpeedPotion"},{"floor":44,"key":"SkillPotion"},{"floor":45,"key":"ColorlessPotion"},{"floor":48,"key":"Swift Potion"}],"is_trial":false,"path_per_floor":["M","M","?","M","M","E","R","E","T","R","?","$","?","?","R","B",null,"M","$","?","?","?","R","?","E","T","E","R","E","M","M","R","B",null,"M","?","M","$","M","E","M","R","T","E","M","?","R","M","R","B"],"character_chosen":"WATCHER","items_purchased":["War Paint","HandDrill"],"campfire_rested":9,"item_purchase_floors":[19,38],"current_hp_per_floor":[65,64,64,57,41,16,37,16,16,37,37,37,37,37,58,43,72,36,36,36,36,36,57,57,22,22,8,29,31,33,35,56,51,72,52,52,54,54,56,19,21,42,42,44,30,30,51,44,65,0,0],"gold":18,"neow_bonus":"BOSS_RELIC","is_daily":false,"chose_seed":false,"campfire_upgraded":0,"win_rate":0.0,"timestamp":1611130678,"path_taken":["M","M","?","M","M","E","R","E","T","R","?","$","?","?","R","BOSS","M","$","?","?","?","R","?","E","T","E","R","E","M","?","R","BOSS","M","?","M","?","M","E","M","R","T","E","M","?","R","M","R","BOSS"],"items_purchased_type":["Relic","Relic"],"build_version":"2020-12-22","purchased_purges":3,"victory":false,"max_hp_per_floor":[72,72,72,72,72,72,72,72,72,72,72,72,72,72,72,72,72,72,72,72,72,72,72,72,72,72,72,72,72,72,72,72,72,72,72,72,72,72,72,72,72,72,72,72,72,72,72,72,72,72,72],"card_choices":[{"not_picked":["Worship","SignatureMove"],"picked":"EmptyFist","floor":1},{"not_picked":["Prostrate","CrushJoints"],"picked":"SashWhip","floor":2},{"not_picked":["Crescendo","JustLucky"],"picked":"ClearTheMind","floor":4},{"not_picked":["Protect","CutThroughFate"],"picked":"WaveOfTheHand","floor":5},{"not_picked":["Prostrate","SashWhip"],"picked":"Wallop","floor":6},{"not_picked":["EmptyBody","Devotion"],"picked":"ReachHeaven","floor":8},{"not_picked":["Omniscience","Blasphemy"],"picked":"ConjureBlade","floor":16},{"not_picked":["Pray","JustLucky+1"],"picked":"ForeignInfluence","floor":18},{"not_picked":["SashWhip","BowlingBash+1"],"picked":"Swivel+1","floor":25},{"not_picked":["Devotion","SandsOfTime"],"picked":"Crescendo+1","floor":27},{"not_picked":["Protect","Blasphemy"],"picked":"Perseverance","floor":29},{"not_picked":["JustLucky","CutThroughFate","ReachHeaven"],"picked":"SKIP","floor":30},{"not_picked":["EmptyFist","EmptyMind","JustLucky"],"picked":"SKIP","floor":31},{"not_picked":["Evaluate","Wallop+1"],"picked":"FearNoEvil","floor":35},{"not_picked":["Fasting2+1","Halt+1"],"picked":"Tantrum","floor":37},{"not_picked":["EmptyFist+1","Conclude","ClearTheMind"],"picked":"SKIP","floor":39},{"not_picked":["EmptyBody+1","JustLucky","SashWhip"],"picked":"SKIP","floor":40},{"not_picked":["Judgement","Protect+1"],"picked":"BattleHymn","floor":44},{"not_picked":["FollowUp","Tantrum","Nirvana"],"picked":"SKIP","floor":45},{"not_picked":["WreathOfFlame+1","Sanctity+1","CutThroughFate"],"picked":"SKIP","floor":48},{"not_picked":["Wallop","PathToVictory"],"picked":"Halt","floor":49}],"player_experience":111540,"relics_obtained":[{"floor":6,"key":"Vajra"},{"floor":8,"key":"Kunai"},{"floor":9,"key":"Whetstone"},{"floor":25,"key":"MawBank"},{"floor":26,"key":"HornCleat"},{"floor":27,"key":"FossilizedHelix"},{"floor":29,"key":"Sundial"},{"floor":40,"key":"White Beast Statue"},{"floor":43,"key":"PreservedInsect"},{"floor":44,"key":"Dream Catcher"}],"event_choices":[{"damage_healed":0,"gold_gain":0,"player_choice":"Box","damage_taken":0,"relics_obtained":["Blood Vial"],"max_hp_gain":0,"max_hp_loss":0,"event_name":"Big Fish","floor":3,"gold_loss":0,"cards_obtained":["Regret"]},{"damage_healed":0,"gold_gain":0,"cards_transformed":["Defend_P"],"player_choice":"Change","damage_taken":0,"max_hp_gain":0,"max_hp_loss":0,"event_name":"Living Wall","floor":11,"gold_loss":0,"cards_obtained":["ThirdEye"]},{"damage_healed":0,"gold_gain":30,"player_choice":"Searched \u00271\u0027 times","damage_taken":0,"max_hp_gain":0,"max_hp_loss":0,"event_name":"Dead Adventurer","floor":13,"gold_loss":0},{"damage_healed":0,"gold_gain":0,"player_choice":"Ignored","damage_taken":0,"max_hp_gain":0,"max_hp_loss":0,"event_name":"Liars Game","floor":14,"gold_loss":0},{"damage_healed":0,"gold_gain":99,"player_choice":"Stole From Cult","damage_taken":0,"max_hp_gain":0,"max_hp_loss":0,"event_name":"Nest","floor":20,"gold_loss":0},{"damage_healed":0,"gold_gain":0,"player_choice":"Simplicity","damage_taken":0,"max_hp_gain":0,"max_hp_loss":0,"event_name":"Back to Basics","floor":21,"gold_loss":0,"cards_upgraded":["Strike_P","Strike_P","Strike_P","Strike_P","Defend_P","Defend_P"]},{"damage_healed":0,"gold_gain":0,"player_choice":"Obtained Relic","damage_taken":0,"relics_obtained":["Darkstone Periapt"],"max_hp_gain":0,"max_hp_loss":0,"event_name":"Addict","floor":22,"gold_loss":85},{"damage_healed":0,"gold_gain":0,"player_choice":"Got Potions","damage_taken":0,"max_hp_gain":0,"max_hp_loss":0,"event_name":"Lab","floor":24,"gold_loss":0},{"damage_healed":0,"gold_gain":0,"player_choice":"Forge","damage_taken":0,"max_hp_gain":0,"max_hp_loss":0,"event_name":"Accursed Blacksmith","floor":36,"gold_loss":0,"cards_upgraded":["Eruption"]},{"damage_healed":0,"gold_gain":0,"player_choice":"Paid","damage_taken":0,"relics_obtained":["Red Mask"],"max_hp_gain":0,"max_hp_loss":0,"event_name":"Tomb of Lord Red Mask","floor":46,"gold_loss":269}],"is_beta":false,"boss_relics":[{"not_picked":["Ectoplasm","Fusion Hammer"],"picked":"VioletLotus"},{"not_picked":["Snecko Eye","Philosopher\u0027s Stone"],"picked":"Velvet Choker"}],"items_purged_floors":[12,19,38],"is_endless":false,"potions_floor_spawned":[1,2,27,30,31,35,39,40,41,44,45,48],"killed_by":"Donu and Deca","ascension_level":0}}