{"host":"fkig9nrckec4xsh0","time":1611181188,"event":{"mods":["BaseMod","Colored Map","Minty Spire (QoL Compilation)","Quick Restart","Replay The Spire","StSLib"],"gold_per_floor":[116,116,116,129,54,54,89,101,194,223,264,303,315,347,359,442,454,481,493,395,422,434,446,446],"floor_reached":23,"language":"ENG","playtime":684,"items_purged":["Regret"],"score":394,"play_id":"851e2b3b-a66c-4141-af2d-600c09773596","local_time":"20210120171948","is_ascension_mode":true,"campfire_choices":[{"data":"ReplayTheSpireMod:Muscle Training","floor":6.0,"key":"SMITH"},{"data":"Hemokinesis","floor":8.0,"key":"SMITH"},{"data":"Metallicize","floor":15.0,"key":"SMITH"}],"circlet_count":0,"master_deck":["AscendersBane","Strike_R","Strike_R","Strike_R","Strike_R","Defend_R","Defend_R","Bash+1","ReplayTheSpireMod:Muscle Training+1","Hemokinesis+1","Anger+1","Pommel Strike","Disarm","Ghostly Armor","Metallicize+1","Demon Form","Twin Strike","Metallicize"],"relics":["Burning Blood","Tiny Chest","MawBank","Mercury Hourglass","Turnip","ReplayTheSpireMod:Spearhead","Meat on the Bone","Philosopher\u0027s Stone","Prayer Wheel"],"acts_visited":["Exordium","TheCity"],"potions_floor_usage":[],"damage_taken":[{"damage":8.0,"enemies":"2 Louse","floor":1.0,"turns":3.0},{"damage":16.0,"enemies":"Jaw Worm","floor":4.0,"turns":2.0},{"damage":11.0,"enemies":"Gremlin Nob","floor":7.0,"turns":3.0},{"damage":8.0,"enemies":"Small Slimes","floor":10.0,"turns":2.0},{"damage":35.0,"enemies":"Lagavulin","floor":11.0,"turns":6.0},{"damage":2.0,"enemies":"2 Fungi Beasts","floor":14.0,"turns":2.0},{"damage":33.0,"enemies":"Slime Boss","floor":16.0,"turns":11.0},{"damage":31.0,"enemies":"2 Thieves","floor":18.0,"turns":4.0},{"damage":20.0,"enemies":"Shell Parasite","floor":21.0,"turns":3.0},{"damage":31,"enemies":"Book of Stabbing","floor":23,"turns":4}],"seed_played":"8782014195496978246","potions_obtained":[{"floor":4.0,"key":"Adrenaline Potion"},{"floor":18.0,"key":"Fruit Juice"}],"is_trial":false,"path_per_floor":["M","?","?","M","$","R","E","R","T","M","E","T","T","M","R","B",null,"M","?","?","M","T","E"],"character_chosen":"IRONCLAD","items_purchased":[],"campfire_rested":0,"item_purchase_floors":[],"current_hp_per_floor":[69,69,69,59,59,59,54,54,54,52,23,23,23,39,39,24,59,51,29,29,27,27,0,0],"gold":446,"neow_bonus":"TRANSFORM_TWO_CARDS","is_daily":false,"chose_seed":false,"campfire_upgraded":3,"win_rate":0.0,"timestamp":1611181188,"path_taken":["M","?","?","M","?","R","E","R","T","M","E","?","?","M","R","BOSS","M","?","?","?","?","E"],"items_purchased_type":[],"build_version":"2020-12-22","purchased_purges":1,"victory":false,"max_hp_per_floor":[71,71,71,71,71,71,71,71,71,71,71,71,71,71,71,71,71,76,81,81,81,81,81,81],"card_choices":[{"not_picked":["Shrug It Off","Ghostly Armor"],"picked":"Hemokinesis","floor":1.0},{"not_picked":["Evolve","Wild Strike"],"picked":"Pommel Strike","floor":4.0},{"not_picked":["Armaments","Wild Strike"],"picked":"Disarm","floor":7.0},{"not_picked":["Exhume","Twin Strike"],"picked":"Ghostly Armor","floor":10.0},{"not_picked":["Feel No Pain","True Grit"],"picked":"Metallicize","floor":11.0},{"not_picked":["Infernal Blade","Wild Strike","Flex"],"picked":"SKIP","floor":14.0},{"not_picked":["Barricade","Replay:Many Hands"],"picked":"Demon Form","floor":16.0},{"not_picked":["Havoc","Pommel Strike"],"picked":"Twin Strike","floor":18.0},{"not_picked":["Perfected Strike","Dropkick"],"picked":"Metallicize","floor":21.0}],"player_experience":372551,"relics_obtained":[{"floor":7.0,"key":"MawBank"},{"floor":9.0,"key":"Mercury Hourglass"},{"floor":11.0,"key":"Turnip"},{"floor":12.0,"key":"ReplayTheSpireMod:Spearhead"},{"floor":13.0,"key":"Meat on the Bone"},{"floor":22.0,"key":"Prayer Wheel"}],"event_choices":[{"damage_healed":0.0,"max_hp_gain":0.0,"max_hp_loss":0.0,"gold_gain":0.0,"event_name":"Big Fish","player_choice":"Box","floor":2.0,"gold_loss":0.0,"damage_taken":0.0,"relics_obtained":["Tiny Chest"],"cards_obtained":["Regret"]},{"damage_healed":0.0,"max_hp_gain":5.0,"max_hp_loss":0.0,"gold_gain":0.0,"event_name":"Forgotten Altar","player_choice":"Shed Blood","floor":19.0,"gold_loss":0.0,"damage_taken":27.0},{"cards_removed":["Strike_R"],"damage_healed":0.0,"max_hp_gain":0.0,"max_hp_loss":0.0,"gold_gain":0.0,"event_name":"Designer","player_choice":"Upgrade and Remove","floor":20.0,"gold_loss":110.0,"damage_taken":0.0,"cards_upgraded":["Bash"]}],"is_beta":false,"boss_relics":[{"not_picked":["Runic Pyramid","Cursed Key"],"picked":"Philosopher\u0027s Stone"}],"items_purged_floors":[5],"is_endless":false,"potions_floor_spawned":[4,18],"killed_by":"Book of Stabbing","ascension_level":20}}