{"host":"Brown Brick","time":1611179154,"event":{"mods":["BaseMod","Melee Mod","Minty Spire (QoL Compilation)","Rare Cards Sparkle","Relic Stats","StSLib","The Marked","Unceasing Turn Reminder","everything is the same but u backflip on backflip"],"gold_per_floor":[113,129,129,32,44,44,63,81,108,140,155,180,180,196,196,294,294,309,309,329,329,346,378,391,391,391,423,423,457,457,470,470,573,623,635,215,229,52,52,52,67,101,101,101,114,114,133,153,153,153,153,153,9,34,34,34],"floor_reached":55,"language":"ENG","playtime":3961,"items_purged":[],"score":771,"play_id":"9a27068a-6bff-4f58-9633-612731a90e02","local_time":"20210120224554","is_ascension_mode":false,"campfire_choices":[{"data":"Noxious Fumes","floor":6,"key":"SMITH"},{"data":"Cloak And Dagger","floor":13,"key":"SMITH"},{"data":"Accuracy","floor":15,"key":"SMITH"},{"data":"Accuracy","floor":25,"key":"SMITH"},{"floor":28,"key":"REST"},{"floor":32,"key":"REST"},{"data":"Tools of the Trade","floor":40,"key":"SMITH"},{"floor":44,"key":"RECALL"},{"data":"Adrenaline","floor":46,"key":"SMITH"},{"data":"Mayhem","floor":49,"key":"SMITH"},{"data":"PiercingWail","floor":52,"key":"SMITH"}],"circlet_count":0,"master_deck":["Strike_G","Strike_G","Strike_G","Strike_G","Strike_G","Defend_G","Defend_G","Defend_G","Defend_G","Defend_G","Survivor","Neutralize","Infinite Blades+1","Noxious Fumes+1","Slice","Cloak And Dagger+1","Blade Dance","PiercingWail+1","Slice","Accuracy+1","Corpse Explosion","Footwork+1","Accuracy+1","Adrenaline+1","Tools of the Trade+1","Apotheosis+1","Mayhem+1","Noxious Fumes+1","Cloak And Dagger+1","Escape Plan+1","Noxious Fumes","Noxious Fumes+1"],"relics":["Ring of the Serpent","NeowsBlessing","Orichalcum","Akabeko","Anchor","Blue Candle","Shuriken","Eternal Feather","Centennial Puzzle","Tiny House","Mercury Hourglass","Ornamental Fan","Gremlin Horn","Nunchaku","Pen Nib"],"acts_visited":["Exordium","TheCity","TheBeyond","TheEnding"],"potions_floor_usage":[12,16,18,24,31,35,50,50,55],"damage_taken":[{"damage":0,"enemies":"Cultist","floor":1,"turns":1},{"damage":0,"enemies":"Jaw Worm","floor":2,"turns":1},{"damage":0,"enemies":"2 Louse","floor":5,"turns":1},{"damage":0,"enemies":"Blue Slaver","floor":7,"turns":4},{"damage":0,"enemies":"2 Fungi Beasts","floor":8,"turns":3},{"damage":28,"enemies":"Lagavulin","floor":10,"turns":8},{"damage":8,"enemies":"Gremlin Gang","floor":11,"turns":5},{"damage":16,"enemies":"Gremlin Nob","floor":12,"turns":4},{"damage":0,"enemies":"3 Louse","floor":14,"turns":3},{"damage":14,"enemies":"The Guardian","floor":16,"turns":10},{"damage":0,"enemies":"Chosen","floor":18,"turns":4},{"damage":0,"enemies":"3 Byrds","floor":20,"turns":4},{"damage":0,"enemies":"Cultist and Chosen","floor":22,"turns":4},{"damage":4,"enemies":"Gremlin Leader","floor":23,"turns":6},{"damage":10,"enemies":"Snecko","floor":24,"turns":5},{"damage":30,"enemies":"Book of Stabbing","floor":27,"turns":7},{"damage":32,"enemies":"Slavers","floor":29,"turns":4},{"damage":7,"enemies":"3 Cultists","floor":31,"turns":4},{"damage":30,"enemies":"Automaton","floor":33,"turns":7},{"damage":0,"enemies":"3 Shapes","floor":35,"turns":3},{"damage":16,"enemies":"3 Darklings","floor":37,"turns":4},{"damage":8,"enemies":"Transient","floor":41,"turns":5},{"damage":10,"enemies":"Giant Head","floor":42,"turns":7},{"damage":14,"enemies":"Writhing Mass","floor":45,"turns":6},{"damage":6,"enemies":"3 Darklings","floor":47,"turns":4},{"damage":0,"enemies":"Sphere and 2 Shapes","floor":48,"turns":5},{"damage":38,"enemies":"Time Eater","floor":50,"turns":11},{"damage":52,"enemies":"Shield and Spear","floor":54,"turns":6},{"damage":38,"enemies":"The Heart","floor":55,"turns":2}],"seed_played":"8555000836034099782","potions_obtained":[{"floor":1,"key":"Strength Potion"},{"floor":2,"key":"Energy Potion"},{"floor":5,"key":"Block Potion"},{"floor":16,"key":"DistilledChaos"},{"floor":18,"key":"DuplicationPotion"},{"floor":20,"key":"Explosive Potion"},{"floor":24,"key":"EssenceOfSteel"},{"floor":31,"key":"CunningPotion"},{"floor":41,"key":"LiquidBronze"},{"floor":42,"key":"DistilledChaos"},{"floor":54,"key":"DuplicationPotion"}],"is_trial":false,"path_per_floor":["M","M","?","$","M","R","M","M","T","E","M","E","R","M","R","B",null,"M","?","M","?","M","E","M","R","T","E","R","E","?","M","R","B",null,"M","$","M","$","?","R","M","E","T","R","M","R","M","M","R","B",null,"R","$","E","B"],"character_chosen":"THE_SILENT","items_purchased":["Noxious Fumes","Slice","Apotheosis","Mercury Hourglass","Mayhem","Nunchaku"],"campfire_rested":2,"item_purchase_floors":[4,4,36,36,38,53],"current_hp_per_floor":[70,70,70,70,70,70,70,70,70,42,34,18,18,18,18,4,70,70,70,70,70,70,66,56,56,56,26,47,15,15,8,41,11,75,75,75,59,59,59,74,66,56,56,71,57,75,69,69,75,37,75,75,75,23,0,0],"gold":34,"neow_bonus":"THREE_ENEMY_KILL","is_daily":false,"chose_seed":false,"campfire_upgraded":8,"win_rate":0.0,"timestamp":1611179154,"path_taken":["M","M","?","$","?","R","M","M","T","E","M","E","R","M","R","BOSS","M","?","M","?","M","E","M","R","T","E","R","E","?","M","R","BOSS","M","$","M","$","?","R","M","E","T","R","M","R","M","?","R","BOSS","R","$","E","BOSS"],"items_purchased_type":["Card","Card","Card","Relic","Card","Relic"],"build_version":"2020-12-18","purchased_purges":0,"victory":false,"max_hp_per_floor":[70,70,70,70,70,70,70,70,70,70,70,70,70,70,70,70,70,70,70,70,70,70,70,70,70,70,70,70,70,70,70,70,70,75,75,75,75,75,75,75,75,75,75,75,75,75,75,75,75,75,75,75,75,75,75,75],"relic_stats":{"Centennial Puzzle":[30],"Nunchaku":[1],"Gremlin Horn":[4,4],"counters":[29,138],"Shuriken":[44],"Ornamental Fan":[84],"Blue Candle":[0],"Eternal Feather":66,"Pen Nib":[0],"Orichalcum":[108],"obtain_stats":[{"Tiny House":34,"NeowsBlessing":0,"Gremlin Horn":43,"Blue Candle":23,"Eternal Feather":29,"Pen Nib":54,"Orichalcum":9,"Akabeko":10,"Mercury Hourglass":36,"Anchor":12,"Centennial Puzzle":30,"Nunchaku":53,"Shuriken":27,"Ornamental Fan":42,"Ring of the Serpent":17,"Ring of the Snake":0},{"Tiny House":19,"NeowsBlessing":0,"Gremlin Horn":23,"Blue Candle":14,"Eternal Feather":17,"Pen Nib":28,"Orichalcum":5,"Akabeko":6,"Mercury Hourglass":20,"Anchor":8,"Centennial Puzzle":17,"Nunchaku":27,"Shuriken":16,"Ornamental Fan":23,"Ring of the Serpent":10,"Ring of the Snake":0},{"Tiny House":85,"NeowsBlessing":0,"Gremlin Horn":104,"Blue Candle":58,"Eternal Feather":74,"Pen Nib":136,"Orichalcum":10,"Akabeko":18,"Mercury Hourglass":88,"Anchor":27,"Centennial Puzzle":74,"Nunchaku":130,"Shuriken":70,"Ornamental Fan":104,"Ring of the Serpent":40,"Ring of the Snake":0}],"Mercury Hourglass":[171]},"card_choices":[{"not_picked":["Dagger Spray","Eviscerate"],"picked":"Infinite Blades","floor":1},{"not_picked":["Flying Knee","Sucker Punch"],"picked":"Slice","floor":2},{"not_picked":["Deflect","Terror"],"picked":"Cloak And Dagger","floor":5},{"not_picked":["Backflip","Deadly Poison","Flechettes"],"picked":"SKIP","floor":7},{"not_picked":["Slice","PiercingWail"],"picked":"Blade Dance","floor":8},{"not_picked":["Backflip","Heel Hook","Underhanded Strike"],"picked":"SKIP","floor":10},{"not_picked":["Concentrate","Tactician"],"picked":"PiercingWail","floor":11},{"not_picked":["Tactician","Masterful Stab"],"picked":"Slice","floor":12},{"not_picked":["Bane","A Thousand Cuts"],"picked":"Accuracy","floor":14},{"not_picked":["Adrenaline","Storm of Steel"],"picked":"Corpse Explosion","floor":16},{"not_picked":["Sucker Punch+1","Deadly Poison","Dodge and Roll"],"picked":"SKIP","floor":18},{"not_picked":["Poisoned Stab+1","Slice"],"picked":"Footwork+1","floor":20},{"not_picked":["Flying Knee","PiercingWail","Bouncing Flask"],"picked":"SKIP","floor":22},{"not_picked":["Dagger Spray","Backflip+1","Endless Agony"],"picked":"SKIP","floor":23},{"not_picked":["Caltrops","Underhanded Strike","Quick Slash"],"picked":"SKIP","floor":24},{"not_picked":["Deadly Poison+1","Prepared","Masterful Stab"],"picked":"SKIP","floor":27},{"not_picked":["Blur","Dagger Throw","Riddle With Holes+1"],"picked":"SKIP","floor":29},{"not_picked":["Bouncing Flask","Prepared"],"picked":"Adrenaline","floor":31},{"not_picked":["Phantasmal Killer","Wraith Form v2"],"picked":"Tools of the Trade","floor":33},{"not_picked":["Prepared+1","Flying Knee","Sucker Punch+1"],"picked":"SKIP","floor":35},{"not_picked":["Flying Knee","Underhanded Strike+1","Catalyst"],"picked":"SKIP","floor":37},{"not_picked":["PiercingWail+1","Flying Knee+1"],"picked":"Noxious Fumes+1","floor":41},{"not_picked":["Corpse Explosion","Dagger Throw"],"picked":"Cloak And Dagger+1","floor":42},{"not_picked":["Choke+1","Concentrate"],"picked":"Escape Plan+1","floor":45},{"not_picked":["Slice+1","Prepared+1"],"picked":"Noxious Fumes","floor":47},{"not_picked":["Cloak And Dagger","Underhanded Strike+1","Heel Hook+1"],"picked":"SKIP","floor":48},{"not_picked":["Dodge and Roll","Predator+1"],"picked":"Noxious Fumes+1","floor":54}],"player_experience":684955,"relics_obtained":[{"floor":9,"key":"Orichalcum"},{"floor":10,"key":"Akabeko"},{"floor":12,"key":"Anchor"},{"floor":23,"key":"Blue Candle"},{"floor":27,"key":"Shuriken"},{"floor":29,"key":"Eternal Feather"},{"floor":42,"key":"Ornamental Fan"},{"floor":43,"key":"Gremlin Horn"},{"floor":54,"key":"Pen Nib"}],"event_choices":[{"cards_removed":["Slice"],"damage_healed":5,"gold_gain":0,"player_choice":"Offered Common","damage_taken":0,"max_hp_gain":0,"max_hp_loss":0,"event_name":"Bonfire Elementals","floor":3,"gold_loss":0},{"cards_removed":["Slice"],"damage_healed":5,"gold_gain":0,"player_choice":"Offered Special","damage_taken":0,"max_hp_gain":0,"max_hp_loss":0,"event_name":"Bonfire Elementals","floor":3,"gold_loss":0},{"damage_healed":0,"gold_gain":0,"player_choice":"Ignored","damage_taken":0,"max_hp_gain":0,"max_hp_loss":0,"event_name":"Beggar","floor":19,"gold_loss":0},{"damage_healed":0,"gold_gain":0,"player_choice":"Read","damage_taken":0,"max_hp_gain":0,"max_hp_loss":0,"event_name":"The Library","floor":21,"gold_loss":0,"cards_obtained":["Accuracy"]},{"damage_healed":0,"gold_gain":0,"player_choice":"Opened","damage_taken":0,"relics_obtained":["Centennial Puzzle"],"max_hp_gain":0,"max_hp_loss":0,"event_name":"The Mausoleum","floor":30,"gold_loss":0},{"damage_healed":0,"gold_gain":0,"player_choice":"Upgraded","damage_taken":0,"max_hp_gain":0,"max_hp_loss":0,"event_name":"Upgrade Shrine","floor":39,"gold_loss":0,"cards_upgraded":["Apotheosis"]}],"is_beta":true,"boss_relics":[{"not_picked":["Ectoplasm","Cursed Key"],"picked":"Ring of the Serpent"},{"not_picked":["Black Star","Pandora\u0027s Box"],"picked":"Tiny House"}],"items_purged_floors":[],"is_endless":false,"potions_floor_spawned":[1,2,5,8,16,18,20,22,24,31,41,42,45,47,54],"killed_by":"The Heart","ascension_level":0}}