{"host":"oc9z8cublggqyfxu","time":1611123039,"event":{"mods":["AchievementEnabler","Act Like it!","Aspiration","BaseMod","Colored Map","Colored Powertips","Dota2Spire","Friendly Minions","Gensokyo","GifTheSpireLib","Hallownest","Hermit","Highlight Path","KinomotoSakuraMod(木之本樱)","Koishi","Lobotomy","LobotomyExtend","Marisa（F雨　魔理沙）","Minty Spire (QoL Compilation)","Quick Restart","Rare Cards Sparkle","Relic Stats","Remilia（蕾米莉亚）","Replay The Spire","RumiaBox-露米娅的神秘盒子","Spicy Shops","StSLib","The Administrix","The Animator","The Blackbeard","The Bug Knight","The Cursed","The Hierophant","The Mystic","The Runesmith","The Servant 0.9.4","Yakumo Yukari mod","Youmu（魂魄妖梦）","Yuyuko","vexMod","【功能Mod】混沌之环修复补丁","【功能Mod】聪明的最终Boss"],"gold_per_floor":[111,128,6,20,20,20,52,78,102,102,118,134,146,146,146,247,247,263,279,129,159,177,177,177,203,274,274,301,317,217,217,217,322,322,336,61,61,73,73,73,92,92,142,142,159,190,207,219,219,219,219,219,44,69,69],"floor_reached":56,"language":"ZHS","playtime":8182,"items_purged":["Defend_R","Strike_R","Brutality","Strike_R","Combust"],"score":1756,"play_id":"f52f0501-04c9-4dd4-9b02-b02f9e847d3d","local_time":"20210120141039","is_ascension_mode":true,"campfire_choices":[{"data":"Bash","floor":6.0,"key":"SMITH"},{"data":"Shrug It Off","floor":10.0,"key":"SMITH"},{"floor":15.0,"key":"REST"},{"data":"Heavy Blade","floor":23.0,"key":"SMITH"},{"data":"Hemogenesis","floor":32.0,"key":"SMITH"},{"floor":40.0,"key":"RECALL"},{"data":"Infernal Blade","floor":42.0,"key":"SMITH"},{"data":"Rupture","floor":44.0,"key":"SMITH"},{"data":"Rupture","floor":49.0,"key":"SMITH"},{"data":"Bloodletting","floor":52.0,"key":"SMITH"}],"circlet_count":0,"master_deck":["AscendersBane","Strike_R","Strike_R","Defend_R","Defend_R","Defend_R","Bash+1","Inflame","Shrug It Off+1","Inflame","Warcry","Rupture+1","Battle Trance","Heavy Blade+1","Hemogenesis+1","Massacre+1","Bloodletting+1","Rupture+1","Warcry+1","Infernal Blade+1"],"relics":["Burning Blood","RabbitCall","AddBug","SecretRecord","SecretRecord","SecretRecord","SecretRecord","SecretRecord","SecretRecord","SecretRecord"],"acts_visited":["Hallownest:Greenpath","Hallownest:CityofTears","Hallownest:KingdomsEdge","TheEnding"],"potions_floor_usage":[55],"damage_taken":[{"damage":16.0,"enemies":"Hallownest:2_Baldur","floor":1.0,"turns":6.0},{"damage":0.0,"enemies":"Hallownest:monsterHuskWarrior","floor":2.0,"turns":3.0},{"damage":4.0,"enemies":"Hallownest:2_Tiktiks_and_1_Crawlid","floor":4.0,"turns":3.0},{"damage":20.0,"enemies":"Hallownest:eliteCrystalGuardian","floor":8.0,"turns":4.0},{"damage":4.0,"enemies":"Hallownest:Wandering_and_Horned","floor":11.0,"turns":6.0},{"damage":7.0,"enemies":"Hallownest:monsterMossCharger","floor":12.0,"turns":2.0},{"damage":19.0,"enemies":"Hallownest:1_Ooma_and_2_Uuma","floor":13.0,"turns":4.0},{"damage":25.0,"enemies":"Hallownest:BossFalseKnight","floor":16.0,"turns":6.0},{"damage":16.0,"enemies":"Hallownest:Guard_and_Sentry","floor":18.0,"turns":6.0},{"damage":0.0,"enemies":"Hallownest:2_Mistakes","floor":19.0,"turns":3.0},{"damage":38.0,"enemies":"Hallownest:Glutton_and_Coward","floor":21.0,"turns":3.0},{"damage":7.0,"enemies":"Hallownest:monsterMisterMushroom","floor":22.0,"turns":4.0},{"damage":0.0,"enemies":"Hallownest:eliteSoulWarrior","floor":28.0,"turns":2.0},{"damage":20.0,"enemies":"Hallownest:2_Flukemon","floor":29.0,"turns":4.0},{"damage":29.0,"enemies":"Hallownest:BossGrimm","floor":33.0,"turns":4.0},{"damage":3.0,"enemies":"Hallownest:Shield_Heavy","floor":35.0,"turns":1.0},{"damage":3.0,"enemies":"Hallownest:3_Siblings","floor":38.0,"turns":1.0},{"damage":7.0,"enemies":"Hallownest:2_Wandering_and_1_Horned","floor":41.0,"turns":2.0},{"damage":7.0,"enemies":"Hallownest:2_Great","floor":45.0,"turns":2.0},{"damage":3.0,"enemies":"Hallownest:eliteCollector","floor":46.0,"turns":1.0},{"damage":3.0,"enemies":"Hallownest:Slobbering_and_Violent","floor":47.0,"turns":1.0},{"damage":4.0,"enemies":"Hallownest:2_Soldiers_and_1_Guardian","floor":48.0,"turns":2.0},{"damage":3.0,"enemies":"Hallownest:BossHollowKnight","floor":50.0,"turns":1.0},{"damage":26.0,"enemies":"Malkuth","floor":51.0,"turns":2.0},{"damage":3.0,"enemies":"Shield and Spear","floor":54.0,"turns":1.0},{"damage":62,"enemies":"The Heart","floor":55,"turns":3}],"seed_played":"6234443640133017852","potions_obtained":[{"floor":1.0,"key":"Energy Potion"},{"floor":2.0,"key":"SpeedPotion"},{"floor":4.0,"key":"LiquidBronze"},{"floor":19.0,"key":"SteroidPotion"},{"floor":22.0,"key":"Energy Potion"},{"floor":33.0,"key":"Swift Potion"},{"floor":38.0,"key":"Adrenaline Potion"},{"floor":45.0,"key":"FearPotion"}],"is_trial":false,"path_per_floor":["M","M","$","M","?","R","?","E","T","R","M","M","M","?","R","B",null,"M","M","$","M","M","R","?","T","T","?","E","M","$","?","R","B",null,"M","$","?","M","?","R","M","R","T","R","M","E","M","M","R","B",null,null,"R","$","E","B",null],"character_chosen":"IRONCLAD","items_purchased":["Inflame","Warcry","Combust"],"campfire_rested":1,"item_purchase_floors":[3,3,20],"current_hp_per_floor":[62,68,68,70,70,70,50,36,36,36,38,37,24,24,48,29,67,65,71,71,39,49,49,49,49,49,45,51,37,37,37,37,32,68,71,71,71,80,80,80,80,80,80,80,79,80,80,80,80,80,80,80,80,80,38],"gold":69,"neow_bonus":"","is_daily":false,"chose_seed":false,"campfire_upgraded":8,"win_rate":0.0,"timestamp":1611123039,"path_taken":["M","M","$","M","?","R","?","E","T","R","M","M","M","?","R","BOSS","M","M","$","M","?","R","?","?","T","?","E","?","$","?","R","BOSS","M","$","?","M","?","R","M","R","T","R","?","E","M","M","R","BOSS","R","$","E","BOSS"],"items_purchased_type":["Card","Card","Card"],"build_version":"2020-12-22","purchased_purges":5,"victory":true,"max_hp_per_floor":[80,80,80,80,80,80,80,80,80,80,80,80,80,80,80,80,80,80,80,80,80,80,80,80,80,80,80,80,80,80,80,80,80,80,80,80,80,80,80,80,80,80,80,80,80,80,80,80,80,80,80,80,80,80,80],"relic_stats":{"counters":[26,77],"obtain_stats":[{"RabbitCall":0,"CogitoBucket":0,"AddBug":1,"SecretRecord":1,"Burning Blood":0},{"RabbitCall":0,"CogitoBucket":0,"AddBug":1,"SecretRecord":1,"Burning Blood":0},{"RabbitCall":0,"CogitoBucket":0,"AddBug":6,"SecretRecord":6,"Burning Blood":0}],"Burning Blood":127},"card_choices":[{"not_picked":["Dual Wield","Anger"],"picked":"Inflame","floor":1.0},{"not_picked":["Anger","Run Through"],"picked":"Shrug It Off","floor":2.0},{"not_picked":["True Grit","Clothesline","ReplayTheSpireMod:Strike From Hell"],"picked":"SKIP","floor":4.0},{"not_picked":["Pommel Strike","Juggernaut"],"picked":"Rupture","floor":8.0},{"not_picked":["Hemokinesis","Clothesline"],"picked":"Battle Trance","floor":11.0},{"not_picked":["Headbutt","Flex"],"picked":"Heavy Blade","floor":12.0},{"not_picked":["True Grit","Infernal Blade","Headbutt"],"picked":"SKIP","floor":13.0},{"not_picked":["Demonic Infusion","Juggernaut"],"picked":"Hemogenesis","floor":16.0},{"not_picked":["Searing Blow","Clothesline+1","True Grit+1"],"picked":"SKIP","floor":18.0},{"not_picked":["Evolve+1","Cleave"],"picked":"Massacre+1","floor":19.0},{"not_picked":["Body Slam+1","Clothesline"],"picked":"Bloodletting","floor":21.0},{"not_picked":["Sword Boomerang+1","ReplayTheSpireMod:Stacked","Battle Trance"],"picked":"SKIP","floor":22.0},{"not_picked":["Corruption","ReplayTheSpireMod:Stacked+1","Abandon"],"picked":"SKIP","floor":28.0},{"not_picked":["True Grit+1","ReplayTheSpireMod:Corrosion Curse"],"picked":"Rupture","floor":29.0},{"not_picked":["Juggernaut","Demonic Infusion"],"picked":"Brutality","floor":33.0},{"not_picked":["Defy Death","Dark Embrace+1"],"picked":"Warcry+1","floor":35.0},{"not_picked":["Thunderclap+1","Clothesline","Iron Wave+1"],"picked":"SKIP","floor":38.0},{"not_picked":["Fire Breathing+1","Rampage+1"],"picked":"Infernal Blade","floor":41.0},{"not_picked":["Havoc+1","Flex+1","Cleave"],"picked":"SKIP","floor":45.0},{"not_picked":["Fiend Fire","Flex","Dropkick"],"picked":"SKIP","floor":46.0},{"not_picked":["Spot Weakness","Fire Breathing","Dark Embrace"],"picked":"SKIP","floor":47.0},{"not_picked":["Warcry","Burning Pact","Dropkick"],"picked":"SKIP","floor":48.0},{"not_picked":["Headbutt","Fiend Fire","Clothesline+1"],"picked":"SKIP","floor":54.0}],"player_experience":331919,"relics_obtained":[{"floor":1.0,"key":"AddBug"},{"floor":1.0,"key":"LetterFromLob"},{"floor":2.0,"key":"LetterFromLob"},{"floor":4.0,"key":"LetterFromLob"},{"floor":7.0,"key":"FossilizedHelix"},{"floor":8.0,"key":"Replay:Kaleidoscope"},{"floor":8.0,"key":"LetterFromLob"},{"floor":11.0,"key":"SecretRecord"},{"floor":11.0,"key":"LetterFromLob"},{"floor":12.0,"key":"LetterFromLob"},{"floor":13.0,"key":"LetterFromLob"},{"floor":16.0,"key":"SecretRecord"},{"floor":16.0,"key":"LetterFromLob"},{"floor":18.0,"key":"SecretRecord"},{"floor":18.0,"key":"LetterFromLob"},{"floor":19.0,"key":"LetterFromLob"},{"floor":21.0,"key":"LetterFromLob"},{"floor":22.0,"key":"LetterFromLob"},{"floor":25.0,"key":"Juzu Bracelet"},{"floor":26.0,"key":"GodSword3"},{"floor":28.0,"key":"Blood Vial"},{"floor":28.0,"key":"LetterFromLob"},{"floor":29.0,"key":"SecretRecord"},{"floor":29.0,"key":"LetterFromLob"},{"floor":33.0,"key":"LetterFromLob"},{"floor":35.0,"key":"LetterFromLob"},{"floor":38.0,"key":"LetterFromLob"},{"floor":41.0,"key":"SecretRecord"},{"floor":41.0,"key":"LetterFromLob"},{"floor":43.0,"key":"Anchor"},{"floor":45.0,"key":"LetterFromLob"},{"floor":46.0,"key":"The Courier"},{"floor":46.0,"key":"LetterFromLob"},{"floor":47.0,"key":"SecretRecord"},{"floor":47.0,"key":"LetterFromLob"},{"floor":48.0,"key":"LetterFromLob"},{"floor":54.0,"key":"Dota2Spire:MantaStyle"},{"floor":54.0,"key":"LetterFromLob"}],"event_choices":[],"is_beta":false,"boss_relics":[{"not_picked":["Runic Pyramid","Dota2Spire:Bloodstone"],"picked":"Fusion Hammer"},{"not_picked":["Runic Dome","aspiration:PoetsPen"],"picked":"Replay:Wanted Poster"}],"items_purged_floors":[20,30,36,36,53],"is_endless":false,"potions_floor_spawned":[1,2,4,19,22,33,38,41,45],"ascension_level":10}}