{"host":"t7mx8yfj1no5p62f","time":1611117847,"event":{"mods":["BaseMod","Bestiary","Colored Map","Colored Powertips","Minty Spire (QoL Compilation)","Relic Stats","StSLib"],"gold_per_floor":[116,116,116,132,152,185,185,208,208,224,224,248,272,272,272,371,371,394,50,68,68,92,92],"floor_reached":22,"language":"ENG","playtime":568,"items_purged":["Strike_B"],"score":380,"play_id":"e413848c-7240-48fe-ba0f-990e6448e0e6","local_time":"20210119234407","is_ascension_mode":true,"campfire_choices":[{"data":"Undo","floor":7,"key":"SMITH"},{"data":"Defragment","floor":11,"key":"SMITH"},{"data":"Doom and Gloom","floor":15,"key":"SMITH"}],"circlet_count":0,"master_deck":["AscendersBane","Strike_B+1","Strike_B","Defend_B","Defend_B","Defend_B+1","Defend_B","Zap","Dualcast","Chill","Undo+1","Doom and Gloom+1","Defragment+1","Hyperbeam","Go for the Eyes","Compile Driver","Seek","Apotheosis","Pain"],"relics":["Cracked Core","NeowsBlessing","Golden Idol","Orichalcum","Singing Bowl","Coffee Dripper","WarpedTongs"],"acts_visited":["Exordium","TheCity"],"potions_floor_usage":[10,13,16,16,16,18,22],"damage_taken":[{"damage":0.0,"enemies":"2 Louse","floor":1.0,"turns":1.0},{"damage":0.0,"enemies":"Jaw Worm","floor":4.0,"turns":1.0},{"damage":0.0,"enemies":"Cultist","floor":5.0,"turns":1.0},{"damage":10,"enemies":"3 Sentries","floor":6,"turns":13},{"damage":3,"enemies":"Blue Slaver","floor":8,"turns":4},{"damage":14,"enemies":"Exordium Thugs","floor":10,"turns":6},{"damage":0,"enemies":"Lots of Slimes","floor":12,"turns":4},{"damage":2,"enemies":"Gremlin Gang","floor":13,"turns":2},{"damage":6,"enemies":"Slime Boss","floor":16,"turns":6},{"damage":21,"enemies":"Chosen","floor":18,"turns":4},{"damage":12,"enemies":"2 Thieves","floor":20,"turns":3},{"damage":19,"enemies":"Shelled Parasite and Fungi","floor":22,"turns":7}],"seed_played":"4994777727579994575","potions_obtained":[{"floor":1.0,"key":"SpeedPotion"},{"floor":5.0,"key":"Energy Potion"},{"floor":8,"key":"AttackPotion"},{"floor":12,"key":"BlessingOfTheForge"},{"floor":13,"key":"EntropicBrew"},{"floor":18,"key":"Explosive Potion"},{"floor":22,"key":"SpeedPotion"}],"is_trial":false,"path_per_floor":["M","?","?","M","M","E","R","M","T","M","R","M","M","?","R","B",null,"M","$","M","?","M"],"character_chosen":"DEFECT","items_purchased":["Seek","Apotheosis"],"campfire_rested":0,"item_purchase_floors":[19,19],"current_hp_per_floor":[64,43,43,43,43,33,33,30,30,16,16,16,16,16,16,12,54,33,33,23,23,6,6],"gold":92,"neow_bonus":"THREE_ENEMY_KILL","is_daily":false,"chose_seed":false,"campfire_upgraded":3,"win_rate":0.0,"timestamp":1611117847,"path_taken":["M","?","?","M","?","E","R","M","T","M","R","M","M","?","R","BOSS","M","?","M","?","?"],"items_purchased_type":["Card","Card"],"build_version":"2020-12-22","purchased_purges":1,"victory":false,"max_hp_per_floor":[71,71,64,64,64,64,64,64,64,64,64,64,66,66,66,68,68,68,68,70,70,72,72],"relic_stats":{"Singing Bowl":8,"counters":[12,52],"Golden Idol":66,"Orichalcum":[54],"obtain_stats":[{"NeowsBlessing":0,"Singing Bowl":9,"Golden Idol":3,"Coffee Dripper":17,"Orichalcum":6,"Cracked Core":0,"WarpedTongs":21},{"NeowsBlessing":0,"Singing Bowl":5,"Golden Idol":1,"Coffee Dripper":9,"Orichalcum":4,"Cracked Core":0,"WarpedTongs":11},{"NeowsBlessing":0,"Singing Bowl":20,"Golden Idol":1,"Coffee Dripper":38,"Orichalcum":16,"Cracked Core":0,"WarpedTongs":45}],"WarpedTongs":[2]},"card_choices":[{"not_picked":["Capacitor","Turbo"],"picked":"Chill","floor":1.0},{"not_picked":["Blizzard","Chill"],"picked":"Undo","floor":4.0},{"not_picked":["Reprogram","Loop","Stack"],"picked":"SKIP","floor":5.0},{"not_picked":["Reinforced Body","BootSequence","Turbo"],"picked":"SKIP","floor":6},{"not_picked":["Tempest","Steam Power"],"picked":"Doom and Gloom","floor":8},{"not_picked":["Steam","Gash"],"picked":"Defragment","floor":10},{"not_picked":["Gash","Scrape"],"picked":"Hyperbeam","floor":12},{"not_picked":["Turbo","Sweeping Beam","Cold Snap"],"picked":"Singing Bowl","floor":13},{"not_picked":["Meteor Strike","All For One","Thunder Strike"],"picked":"Singing Bowl","floor":16},{"not_picked":["Skim","Static Discharge"],"picked":"Compile Driver","floor":18},{"not_picked":["White Noise","Rebound","Skim"],"picked":"Singing Bowl","floor":20},{"not_picked":["Chaos","Storm","Heatsinks"],"picked":"Singing Bowl","floor":22}],"player_experience":1797962,"relics_obtained":[{"floor":6,"key":"Orichalcum"},{"floor":9,"key":"Singing Bowl"}],"event_choices":[{"damage_healed":0.0,"max_hp_gain":0.0,"max_hp_loss":0.0,"gold_gain":0.0,"event_name":"Shining Light","player_choice":"Entered Light","floor":2.0,"gold_loss":0.0,"damage_taken":21.0,"cards_upgraded":["Defend_B","Strike_B"]},{"damage_healed":0.0,"max_hp_gain":0.0,"max_hp_loss":7.0,"gold_gain":0.0,"event_name":"Golden Idol","player_choice":"Lose Max HP","floor":3.0,"gold_loss":0.0,"damage_taken":0.0,"relics_obtained":["Golden Idol"]},{"damage_healed":0,"gold_gain":0,"cards_transformed":["Strike_B"],"player_choice":"Transformed","damage_taken":0,"max_hp_gain":0,"max_hp_loss":0,"event_name":"Transmorgrifier","floor":14,"gold_loss":0,"cards_obtained":["Go for the Eyes"]},{"damage_healed":0,"gold_gain":0,"player_choice":"Rummage","damage_taken":0,"relics_obtained":["WarpedTongs"],"max_hp_gain":0,"max_hp_loss":0,"event_name":"Accursed Blacksmith","floor":21,"gold_loss":0,"cards_obtained":["Pain"]}],"is_beta":false,"boss_relics":[{"not_picked":["Sozu","Velvet Choker"],"picked":"Coffee Dripper"}],"items_purged_floors":[19],"is_endless":false,"potions_floor_spawned":[1,5,8,12,13,18,22],"killed_by":"Shelled Parasite and Fungi","ascension_level":20}}