{"host":"6p0attdrtjqaih7v","time":1611120003,"event":{"mods":["2.2 Compatiblity","AchievementEnabler","Bard","BaseMod","Better Skull","Better Third Choice","Colored Powertips","Hermit","Highlight Path","Jorbs\u0027s Wanderer Trilogy","Key Reminder","Minty Spire (QoL Compilation)","Permanent Neow","Quick Restart","Random Character Button","Relic Stats","Replay The Spire","Robot Space Explorer","StSLib"],"gold_per_floor":[111,111,122,47,63,63,149,119,143,143,155,166,216,227,227,301,301,312,332,10,28,28,28,63,63,63,91,91,104,120,132,132,206,206,222,242,16,16,16,16,29,46,46,76,94,94,105,122,122,122,122],"floor_reached":52,"language":"ENG","playtime":2601,"items_purged":["Defend_G","Strike_G"],"score":2185,"play_id":"3af513f6-66e0-448a-9e8f-69a718772348","local_time":"20210120002003","is_ascension_mode":true,"campfire_choices":[{"data":"Cloak And Dagger","floor":6,"key":"SMITH"},{"data":"Finisher","floor":15,"key":"SMITH"},{"floor":23,"key":"REST"},{"floor":25,"key":"REST"},{"data":"Replay:Poison Smokescreen","floor":28,"key":"SMITH"},{"data":"Concentrate","floor":32,"key":"SMITH"},{"floor":40,"key":"RECALL"},{"data":"1","floor":46,"key":"LIFT"},{"data":"2","floor":49,"key":"LIFT"}],"circlet_count":0,"master_deck":["AscendersBane","Defend_G","Defend_G","Defend_G","Defend_G","Survivor","Neutralize+1","Backstab","Cloak And Dagger+1","Footwork","Die Die Die","Blade Dance","Blade Dance","Quick Slash","Finisher+1","After Image","Replay:Poison Smokescreen+1","Dagger Spray","After Image","Dodge and Roll+1","Accuracy","Blade Dance+1","Deflect","Concentrate+1","Deflect","Burst","Slice+1","After Image","Blade Dance+1","Catalyst","Bullet Time","Deflect"],"relics":["Ring of the Snake","Ancient Tea Set","Replay:Mystery Machine","PreservedInsect","Replay:Drink Me","DollysMirror","Vajra","Matryoshka","MealTicket","Fusion Hammer","ReplayTheSpireMod:Lightbulb","keyreminder:keyreminder","Pantograph","Chameleon Ring","Girya"],"acts_visited":["Exordium","TheCity","TheBeyond"],"potions_floor_usage":[7,16,18,19,21,33,50,51],"damage_taken":[{"damage":0,"enemies":"Small Slimes","floor":1,"turns":5},{"damage":2,"enemies":"Jaw Worm","floor":3,"turns":5},{"damage":0,"enemies":"2 Louse","floor":5,"turns":3},{"damage":16,"enemies":"3 Sentries","floor":7,"turns":12},{"damage":5,"enemies":"Exordium Thugs","floor":8,"turns":4},{"damage":0,"enemies":"Red Slaver","floor":11,"turns":3},{"damage":1,"enemies":"Lots of Slimes","floor":12,"turns":3},{"damage":4,"enemies":"Exordium Wildlife","floor":14,"turns":2},{"damage":21,"enemies":"Slime Boss","floor":16,"turns":9},{"damage":22,"enemies":"3 Byrds","floor":18,"turns":4},{"damage":0,"enemies":"Shell Parasite","floor":19,"turns":7},{"damage":10,"enemies":"Snake Plant","floor":21,"turns":7},{"damage":4,"enemies":"Book of Stabbing","floor":24,"turns":5},{"damage":0,"enemies":"Gremlin Leader","floor":27,"turns":3},{"damage":0,"enemies":"Centurion and Healer","floor":29,"turns":5},{"damage":0,"enemies":"Shelled Parasite and Fungi","floor":30,"turns":4},{"damage":0,"enemies":"3 Cultists","floor":31,"turns":4},{"damage":0,"enemies":"Champ","floor":33,"turns":9},{"damage":0,"enemies":"3 Shapes","floor":35,"turns":5},{"damage":0,"enemies":"Orb Walker","floor":36,"turns":4},{"damage":0,"enemies":"Sphere and 2 Shapes","floor":41,"turns":3},{"damage":0,"enemies":"Transient","floor":42,"turns":6},{"damage":0,"enemies":"Reptomancer","floor":44,"turns":5},{"damage":0,"enemies":"3 Darklings","floor":45,"turns":3},{"damage":0,"enemies":"Maw","floor":47,"turns":5},{"damage":0,"enemies":"Transient","floor":48,"turns":6},{"damage":0,"enemies":"Donu and Deca","floor":50,"turns":10},{"damage":44,"enemies":"Awakened One","floor":51,"turns":12}],"seed_played":"-6215481632382239889","potions_obtained":[{"floor":1,"key":"ColorlessPotion"},{"floor":3,"key":"Dexterity Potion"},{"floor":8,"key":"ColorlessPotion"},{"floor":16,"key":"SkillPotion"},{"floor":18,"key":"Block Potion"},{"floor":24,"key":"LiquidBronze"},{"floor":27,"key":"BlessingOfTheForge"},{"floor":33,"key":"BlessingOfTheForge"},{"floor":44,"key":"ColorlessPotion"}],"is_trial":false,"path_per_floor":["M","?","M","$","M","R","E","M","T","?","M","M","?","M","R","B",null,"M","M","$","M","?","R","E","R","T","E","R","M","M","M","R","B",null,"M","M","$","?","$","R","M","M","T","E","M","R","M","M","R","B","B",null],"character_chosen":"THE_SILENT","items_purchased":["DollysMirror","Block Potion","ReplayTheSpireMod:Lightbulb"],"campfire_rested":2,"item_purchase_floors":[20,20,37],"current_hp_per_floor":[59,59,57,57,57,57,41,36,36,41,41,40,40,36,36,15,44,22,22,22,12,12,28,24,40,40,40,40,40,40,40,40,40,51,51,51,54,54,54,54,54,54,54,54,54,54,54,54,54,54,10],"gold":122,"neow_bonus":"RANDOM_COMMON_RELIC","is_daily":false,"chose_seed":false,"campfire_upgraded":4,"win_rate":0.0,"timestamp":1611120003,"path_taken":["M","?","M","$","M","R","E","M","T","?","M","M","?","M","R","BOSS","M","M","$","M","?","R","E","R","T","E","R","M","M","M","R","BOSS","M","M","$","?","$","R","M","M","T","E","?","R","?","M","R","BOSS","BOSS"],"items_purchased_type":["Relic","Potion","Relic"],"build_version":"2020-12-22","purchased_purges":2,"victory":true,"max_hp_per_floor":[66,66,66,66,66,66,66,66,66,71,71,71,71,71,71,71,54,54,54,54,54,54,54,54,54,54,54,54,54,54,54,54,54,54,54,54,54,54,54,54,54,54,54,54,54,54,54,54,54,54,54],"relic_stats":{"counters":[28,153],"Pantograph":0,"MealTicket":3,"PreservedInsect":153,"obtain_stats":[{"Girya":44,"Vajra":24,"PreservedInsect":9,"Replay:Mystery Machine":7,"Ancient Tea Set":0,"keyreminder:keyreminder":40,"Matryoshka":26,"Chameleon Ring":43,"DollysMirror":20,"Pantograph":43,"MealTicket":27,"Fusion Hammer":34,"Replay:Drink Me":17,"ReplayTheSpireMod:Lightbulb":37,"Ring of the Snake":0},{"Girya":23,"Vajra":13,"PreservedInsect":5,"Replay:Mystery Machine":4,"Ancient Tea Set":0,"keyreminder:keyreminder":20,"Matryoshka":13,"Chameleon Ring":22,"DollysMirror":11,"Pantograph":22,"MealTicket":14,"Fusion Hammer":18,"Replay:Drink Me":9,"ReplayTheSpireMod:Lightbulb":20,"Ring of the Snake":0},{"Girya":117,"Vajra":69,"PreservedInsect":29,"Replay:Mystery Machine":25,"Ancient Tea Set":0,"keyreminder:keyreminder":103,"Matryoshka":69,"Chameleon Ring":112,"DollysMirror":57,"Pantograph":112,"MealTicket":72,"Fusion Hammer":94,"Replay:Drink Me":46,"ReplayTheSpireMod:Lightbulb":103,"Ring of the Snake":0}],"Ring of the Snake":[56]},"card_choices":[{"not_picked":["Slice","Flying Knee"],"picked":"Backstab","floor":1},{"not_picked":["Bane","Dodge and Roll"],"picked":"Cloak And Dagger","floor":3},{"not_picked":["Sucker Punch","Draining Mist"],"picked":"Footwork","floor":5},{"not_picked":["Tools of the Trade","Backflip"],"picked":"Die Die Die","floor":7},{"not_picked":["Infinite Blades","Slice"],"picked":"Blade Dance","floor":8},{"not_picked":["Eviscerate","Choke"],"picked":"Blade Dance","floor":11},{"not_picked":["Deadly Poison","Caltrops"],"picked":"Quick Slash","floor":12},{"not_picked":["Predator","Glass Knife"],"picked":"Finisher","floor":14},{"not_picked":["ReplayTheSpireMod:From All Sides","Die Die Die"],"picked":"After Image","floor":16},{"not_picked":["Heel Hook","Bouncing Flask"],"picked":"Replay:Poison Smokescreen","floor":18},{"not_picked":["All Out Attack","Deadly Poison"],"picked":"Dagger Spray","floor":19},{"not_picked":["PiercingWail","Riddle With Holes"],"picked":"Dodge and Roll+1","floor":21},{"not_picked":["Caltrops","Unload"],"picked":"Accuracy","floor":24},{"not_picked":["Footwork","Flechettes"],"picked":"Blade Dance+1","floor":27},{"not_picked":["Flying Knee","Dodge and Roll"],"picked":"Deflect","floor":29},{"not_picked":["Flechettes","Crippling Poison"],"picked":"Concentrate","floor":30},{"not_picked":["Concentrate","Quick Slash"],"picked":"Deflect","floor":31},{"not_picked":["ReplayTheSpireMod:Necrosis","Phantasmal Killer"],"picked":"Burst","floor":33},{"not_picked":["Outmaneuver+1","Quick Slash","Sucker Punch"],"picked":"SKIP","floor":35},{"not_picked":["Well Laid Plans","Reflex"],"picked":"Slice+1","floor":36},{"not_picked":["Deflect","Grand Finale"],"picked":"Blade Dance+1","floor":41},{"not_picked":["Poisoned Stab","Flying Knee"],"picked":"Catalyst","floor":42},{"not_picked":["Leg Sweep","Poisoned Stab+1"],"picked":"Bullet Time","floor":44},{"not_picked":["Setup+1","Toxin Wave+1","Backflip"],"picked":"SKIP","floor":45},{"not_picked":["Leg Sweep+1","Dash"],"picked":"Deflect","floor":47},{"not_picked":["PiercingWail","Underhanded Strike","Tactician"],"picked":"SKIP","floor":48}],"player_experience":889622,"relics_obtained":[{"floor":7,"key":"Replay:Mystery Machine"},{"floor":9,"key":"PreservedInsect"},{"floor":24,"key":"Vajra"},{"floor":26,"key":"Matryoshka"},{"floor":27,"key":"MealTicket"},{"floor":43,"key":"Pantograph"},{"floor":43,"key":"Chameleon Ring"},{"floor":44,"key":"Girya"}],"event_choices":[{"damage_healed":0,"gold_gain":0,"player_choice":"Donut","damage_taken":0,"max_hp_gain":5,"max_hp_loss":0,"event_name":"Big Fish","floor":10,"gold_loss":0},{"damage_healed":0,"gold_gain":50,"player_choice":"Pray","damage_taken":0,"max_hp_gain":0,"max_hp_loss":0,"event_name":"Golden Shrine","floor":13,"gold_loss":0},{"damage_healed":0,"gold_gain":0,"player_choice":"Upgraded","damage_taken":0,"max_hp_gain":0,"max_hp_loss":0,"event_name":"Upgrade Shrine","floor":22,"gold_loss":0,"cards_upgraded":["Neutralize"]},{"damage_healed":0,"gold_gain":0,"player_choice":"Copied","damage_taken":0,"max_hp_gain":0,"max_hp_loss":0,"event_name":"Duplicator","floor":38,"gold_loss":0,"cards_obtained":["After Image"]}],"is_beta":false,"boss_relics":[{"not_picked":["ReplayTheSpireMod:DimensionalGlitch","Replay:Wanted Poster"],"picked":"Replay:Drink Me"},{"not_picked":["Honey Jar","HoveringKite"],"picked":"Fusion Hammer"}],"items_purged_floors":[4,20],"is_endless":false,"potions_floor_spawned":[1,3,8,16,18,24,27,30,33,41,44,47],"ascension_level":20}}