{"host":"qhhcmep1unj6mpf7","time":1611159913,"event":{"mods":["2.2 Compatiblity","AchievementEnabler","BaseMod","Colored Map","DeckTracker","Highlight Path","Keyboard Shortcuts","Minty Spire (QoL Compilation)","Permanent Neow","Quick Restart","Random Character Button","StSLib","SuperFastMode","everything is the same but u backflip on backflip"],"gold_per_floor":[117,117,26,26,26,26,57,57,57,57,75,95,108,124,124,243,243,263,277,12,12,31,71,71,89,89,132,152,152,167,211,211,335,335,351,204,204,204,79,94,53,84,84,117,133,147,165,201,201,201,201,201,56,92,92],"floor_reached":56,"language":"KOR","playtime":3024,"items_purged":["Regret","Defend_B","Strike_B"],"score":1472,"play_id":"cbc98782-4ad2-4504-a8ca-d94bdaf52ff6","local_time":"20210121012513","is_ascension_mode":false,"campfire_choices":[{"data":"Enlightenment","floor":6.0,"key":"SMITH"},{"floor":10.0,"key":"REST"},{"data":"Coolheaded","floor":15.0,"key":"SMITH"},{"data":"Echo Form","floor":24.0,"key":"SMITH"},{"floor":32.0,"key":"REST"},{"floor":49,"key":"RECALL"},{"data":"Meteor Strike","floor":52,"key":"SMITH"}],"circlet_count":0,"master_deck":["Strike_B","Defend_B+1","Defend_B+1","Zap","Dualcast+1","Meteor Strike+1","Ball Lightning","Double Energy+1","Enlightenment+1","Coolheaded+1","Recycle+1","Undo+1","Reboot+1","Reinforced Body+1","Master of Strategy+1","Echo Form+1","Skim+1","Glacier+1","Steam+1","Fission+1","Skim+1","Hologram+1","Finesse+1","Self Repair"],"relics":["Golden Idol","War Paint","Toxic Egg 2","Sozu","Nloth\u0027s Gift","Letter Opener","Orichalcum","Sundial","Philosopher\u0027s Stone","PreservedInsect","Unceasing Top","InkBottle","Centennial Puzzle","TheAbacus","TungstenRod"],"acts_visited":["Exordium","TheCity","TheBeyond","TheEnding"],"potions_floor_usage":[],"damage_taken":[{"damage":4.0,"enemies":"2 Louse","floor":1.0,"turns":3.0},{"damage":34.0,"enemies":"3 Sentries","floor":7.0,"turns":7.0},{"damage":1.0,"enemies":"Small Slimes","floor":11.0,"turns":3.0},{"damage":0.0,"enemies":"Jaw Worm","floor":12.0,"turns":2.0},{"damage":6.0,"enemies":"Blue Slaver","floor":13.0,"turns":2.0},{"damage":5.0,"enemies":"Looter","floor":14.0,"turns":4.0},{"damage":19.0,"enemies":"Hexaghost","floor":16.0,"turns":11.0},{"damage":0.0,"enemies":"Spheric Guardian","floor":18.0,"turns":3.0},{"damage":8.0,"enemies":"3 Byrds","floor":19.0,"turns":6.0},{"damage":20.0,"enemies":"Snecko","floor":22.0,"turns":5.0},{"damage":6.0,"enemies":"Book of Stabbing","floor":23.0,"turns":7.0},{"damage":0.0,"enemies":"Snake Plant","floor":25.0,"turns":3.0},{"damage":17.0,"enemies":"Slavers","floor":27.0,"turns":4.0},{"damage":0.0,"enemies":"Centurion and Healer","floor":28.0,"turns":3.0},{"damage":0.0,"enemies":"Snecko","floor":30.0,"turns":4.0},{"damage":18.0,"enemies":"Gremlin Leader","floor":31.0,"turns":5.0},{"damage":0.0,"enemies":"Collector","floor":33.0,"turns":5.0},{"damage":30.0,"enemies":"3 Darklings","floor":35.0,"turns":4.0},{"damage":0,"enemies":"3 Shapes","floor":40,"turns":2},{"damage":0,"enemies":"Reptomancer","floor":42,"turns":1},{"damage":0,"enemies":"Giant Head","floor":44,"turns":2},{"damage":0,"enemies":"Maw","floor":45,"turns":2},{"damage":0,"enemies":"Spire Growth","floor":46,"turns":1},{"damage":0,"enemies":"4 Shapes","floor":47,"turns":2},{"damage":0,"enemies":"Reptomancer","floor":48,"turns":2},{"damage":5,"enemies":"Time Eater","floor":50,"turns":9},{"damage":0,"enemies":"Shield and Spear","floor":54,"turns":3},{"damage":0,"enemies":"The Heart","floor":55,"turns":3}],"seed_played":"6210965633689542569","potions_obtained":[{"floor":11.0,"key":"DuplicationPotion"},{"floor":12.0,"key":"EssenceOfSteel"}],"is_trial":false,"path_per_floor":["M","?","$","?","?","R","E","$","T","R","M","M","M","M","R","B",null,"M","M","$","?","M","E","R","M","T","E","M","?","M","E","R","B",null,"M","$","?","?","$","M","$","E","T","E","M","M","M","E","R","B",null,"R","$","E","B",null],"character_chosen":"DEFECT","items_purchased":["Enlightenment","Master of Strategy+1","Hologram+1","Self Repair","TheAbacus"],"campfire_rested":2,"item_purchase_floors":[3,20,36,41,53],"current_hp_per_floor":[71,53,53,38,43,43,9,9,9,33,32,32,26,21,21,2,80,80,72,72,72,52,46,46,46,46,29,29,29,29,11,35,35,80,50,50,40,40,40,40,40,47,47,54,61,68,75,80,80,80,80,80,80,80,80],"gold":92,"neow_bonus":"TRANSFORM_TWO_CARDS","is_daily":false,"chose_seed":false,"campfire_upgraded":4,"win_rate":0.0,"timestamp":1611159913,"path_taken":["M","?","$","?","?","R","E","?","T","R","M","?","M","M","R","BOSS","M","M","$","?","M","E","R","M","T","E","?","?","M","E","R","BOSS","M","$","?","?","$","M","$","E","T","E","?","M","M","E","R","BOSS","R","$","E","BOSS"],"items_purchased_type":["Card","Card","Card","Card","Relic"],"build_version":"2020-12-22","purchased_purges":3,"victory":true,"max_hp_per_floor":[75,75,75,75,80,80,80,80,80,80,80,80,80,80,80,80,80,80,80,80,80,80,80,80,80,80,80,80,80,80,80,80,80,80,80,80,80,80,80,80,80,80,80,80,80,80,80,80,80,80,80,80,80,80,80],"card_choices":[{"not_picked":["Streamline","Stack"],"picked":"Double Energy","floor":1.0},{"not_picked":["Gash","Compile Driver"],"picked":"Coolheaded","floor":7.0},{"not_picked":["Amplify+1","Streamline"],"picked":"Recycle+1","floor":11.0},{"not_picked":["Storm","Blizzard","Steam+1"],"picked":"SKIP","floor":12.0},{"not_picked":["Go for the Eyes","FTL","Barrage"],"picked":"SKIP","floor":13.0},{"not_picked":["Cold Snap","Tempest+1"],"picked":"Undo+1","floor":14.0},{"not_picked":["Electrodynamics","Fission+1"],"picked":"Reboot+1","floor":16.0},{"not_picked":["Sunder","Sweeping Beam","Gash"],"picked":"SKIP","floor":18.0},{"not_picked":["Consume+1","Blizzard"],"picked":"Reinforced Body+1","floor":19.0},{"not_picked":["Steam+1","Melter","Redo+1"],"picked":"SKIP","floor":22.0},{"not_picked":["Steam+1","Melter","Redo+1"],"picked":"SKIP","floor":22.0},{"not_picked":["Redo+1","Go for the Eyes"],"picked":"Echo Form","floor":23.0},{"not_picked":["Barrage","Steam Power+1"],"picked":"Skim+1","floor":25.0},{"not_picked":["BootSequence+1","Heatsinks","Force Field+1"],"picked":"SKIP","floor":27.0},{"not_picked":["Darkness+1","Sweeping Beam+1"],"picked":"Glacier+1","floor":28.0},{"not_picked":["Streamline+1","Rebound","Chill+1"],"picked":"SKIP","floor":30.0},{"not_picked":["FTL","Aggregate+1"],"picked":"Fission+1","floor":31.0},{"not_picked":["Double Energy+1","Steam+1"],"picked":"Skim+1","floor":35.0},{"not_picked":["Blind+1","The Bomb+1"],"picked":"Finesse+1","floor":37},{"not_picked":["Storm+1","BootSequence+1","Aggregate+1"],"picked":"SKIP","floor":40},{"not_picked":["Turbo+1","Doom and Gloom+1","Reinforced Body+1"],"picked":"SKIP","floor":42},{"not_picked":["Turbo+1","Doom and Gloom+1","Reinforced Body+1"],"picked":"SKIP","floor":42},{"not_picked":["Aggregate+1","Loop","Echo Form"],"picked":"SKIP","floor":44},{"not_picked":["Reprogram+1","Chill+1","Heatsinks"],"picked":"SKIP","floor":45},{"not_picked":["Auto Shields+1","Redo+1","Sweeping Beam+1"],"picked":"SKIP","floor":46},{"not_picked":["Turbo+1","Auto Shields+1","Cold Snap+1"],"picked":"SKIP","floor":47},{"not_picked":["Fusion+1","Chill+1","Auto Shields+1"],"picked":"SKIP","floor":48},{"not_picked":["Force Field+1","Glacier+1","Blizzard"],"picked":"SKIP","floor":54}],"player_experience":320338,"relics_obtained":[{"floor":7.0,"key":"War Paint"},{"floor":9.0,"key":"Toxic Egg 2"},{"floor":23.0,"key":"Letter Opener"},{"floor":27.0,"key":"Orichalcum"},{"floor":31.0,"key":"Sundial"},{"floor":42,"key":"PreservedInsect"},{"floor":43,"key":"Unceasing Top"},{"floor":44,"key":"InkBottle"},{"floor":48,"key":"Centennial Puzzle"},{"floor":54,"key":"TungstenRod"}],"event_choices":[{"damage_healed":0.0,"max_hp_gain":0.0,"max_hp_loss":0.0,"gold_gain":0.0,"event_name":"Golden Idol","player_choice":"Take Damage","floor":2.0,"gold_loss":0.0,"damage_taken":18.0,"relics_obtained":["Golden Idol"]},{"damage_healed":0.0,"max_hp_gain":0.0,"max_hp_loss":0.0,"gold_gain":0.0,"event_name":"Shining Light","player_choice":"Entered Light","floor":4.0,"gold_loss":0.0,"damage_taken":15.0,"cards_upgraded":["Defend_B","Dualcast"]},{"damage_healed":0.0,"max_hp_gain":5.0,"max_hp_loss":0.0,"gold_gain":0.0,"event_name":"Big Fish","player_choice":"Donut","floor":5.0,"gold_loss":0.0,"damage_taken":0.0},{"damage_healed":0.0,"max_hp_gain":0.0,"max_hp_loss":0.0,"gold_gain":0.0,"event_name":"N\u0027loth","player_choice":"Traded Relic","floor":21.0,"relics_lost":["Cracked Core"],"gold_loss":0.0,"damage_taken":0.0,"relics_obtained":["Nloth\u0027s Gift"]},{"damage_healed":0.0,"max_hp_gain":0.0,"max_hp_loss":0.0,"gold_gain":0.0,"cards_transformed":["Defend_B"],"event_name":"Transmorgrifier","player_choice":"Transformed","floor":29.0,"gold_loss":0.0,"damage_taken":0.0,"cards_obtained":["Steam"]},{"damage_healed":0,"gold_gain":0,"player_choice":"Memory 3","damage_taken":10,"max_hp_gain":0,"max_hp_loss":0,"event_name":"SensoryStone","floor":37,"gold_loss":0},{"damage_healed":0,"gold_gain":0,"player_choice":"Got Potions","damage_taken":0,"max_hp_gain":0,"max_hp_loss":0,"event_name":"Lab","floor":38,"gold_loss":0}],"is_beta":false,"boss_relics":[{"not_picked":["Busted Crown","Coffee Dripper"],"picked":"Sozu"},{"not_picked":["Tiny House","Cursed Key"],"picked":"Philosopher\u0027s Stone"}],"items_purged_floors":[20,36,39],"is_endless":false,"potions_floor_spawned":[11,12,22,23,27,30,31,42,44,47,48],"ascension_level":0}}