{"host":"i2ir6b55gxkcwpt4","time":1611164934,"event":{"mods":["BaseMod","Colored Map","Colored Powertips","Downfall","Minty Spire (QoL Compilation)","StSLib"],"gold_per_floor":[99,117,117,136,150,165,233,250,266,266,321,321,321,321],"floor_reached":12,"language":"ZHS","playtime":1054,"items_purged":[],"score":72,"play_id":"3fb6f033-88bc-4f69-a97a-06f7c6d58b64","local_time":"20210121014854","is_ascension_mode":false,"campfire_choices":[{"data":"champ:Taunt","floor":1,"key":"SMITH"},{"floor":10,"key":"REST"}],"circlet_count":0,"master_deck":["champ:Strike","champ:Strike","champ:Strike","champ:Strike","champ:Defend","champ:Defend","champ:Defend","champ:Defend","champ:Execute","champ:Taunt+1","champ:SetATrap","Pain","champ:TornadoPunch","champ:GladiatorStyle","champ:ArenaPreparation","champ:DeathBlow","champ:EnragedBash","champ:StanceDance"],"relics":["champ:ChampionCrown","WarpedTongs","Question Card","champ:FightingForDummies"],"acts_visited":["Exordium"],"potions_floor_usage":[9,12],"damage_taken":[{"damage":10,"enemies":"2 Louse","floor":2,"turns":3},{"damage":25,"enemies":"Cultist","floor":4,"turns":5},{"damage":15,"enemies":"Small Slimes","floor":5,"turns":4},{"damage":25,"enemies":"Blue Slaver","floor":6,"turns":4},{"damage":53,"enemies":"Lots of Slimes","floor":8,"turns":6},{"damage":36,"enemies":"Gremlin Gang","floor":9,"turns":5},{"damage":21,"enemies":"3 Sentries","floor":11,"turns":5},{"damage":48,"enemies":"Gremlin Nob","floor":12,"turns":4}],"seed_played":"-4148248356189969070","potions_obtained":[{"floor":5,"key":"Weak Potion"},{"floor":8,"key":"FearPotion"},{"floor":11,"key":"LiquidBronze"}],"is_trial":false,"path_per_floor":["R","M","?","M","M","M","T","M","M","R","?","E"],"character_chosen":"THE_CHAMP","items_purchased":[],"campfire_rested":1,"item_purchase_floors":[],"current_hp_per_floor":[99,99,99,89,79,64,64,46,20,49,43,0,0,0],"gold":321,"neow_bonus":"TEN_PERCENT_HP_BONUS","is_daily":false,"chose_seed":false,"campfire_upgraded":1,"win_rate":0.0,"timestamp":1611164934,"path_taken":["R","M","?","M","M","M","T","?","M","R","?","E"],"items_purchased_type":[],"build_version":"2020-12-22","purchased_purges":0,"victory":false,"max_hp_per_floor":[99,99,99,99,99,99,99,99,99,99,99,99,99,99],"card_choices":[{"not_picked":["champ:BladeFlurry","champ:HeartStrike"],"picked":"champ:SetATrap","floor":2},{"not_picked":["champ:CrownThrow","champ:BringItOn"],"picked":"champ:TornadoPunch","floor":4},{"not_picked":["champ:EnGarde","champ:CrownThrow"],"picked":"champ:GladiatorStyle","floor":5},{"not_picked":["champ:CalledShot","champ:PreciseThrust"],"picked":"champ:ArenaPreparation","floor":6},{"not_picked":["champ:DefensiveShout","champ:Lariat","champ:IgnorePain"],"picked":"champ:DeathBlow","floor":8},{"not_picked":["champ:DefensiveShout","champ:SkillfulDodge","champ:FocusedDefense"],"picked":"champ:EnragedBash","floor":9},{"not_picked":["champ:PreciseThrust","champ:Shatter","champ:GladiatorStyle"],"picked":"champ:StanceDance","floor":11}],"player_experience":70791,"relics_obtained":[{"floor":7,"key":"Question Card"},{"floor":11,"key":"champ:FightingForDummies"}],"event_choices":[{"damage_healed":0,"gold_gain":0,"player_choice":"Rummage","damage_taken":0,"relics_obtained":["WarpedTongs"],"max_hp_gain":0,"max_hp_loss":0,"event_name":"Accursed Blacksmith","floor":3,"gold_loss":0,"cards_obtained":["Pain"]}],"is_beta":false,"boss_relics":[],"items_purged_floors":[],"is_endless":false,"potions_floor_spawned":[5,8,11],"killed_by":"Gremlin Nob","ascension_level":0}}