{"host":"7sryglll1si3bc7f","time":1611132494,"event":{"mods":["AchievementEnabler","BaseMod","Card Forge","Colored Map","Colored Powertips","Custom Start","Downfall","Friendly Minions","Hermit","Mimic Mod","Minty Spire (QoL Compilation)","Quick Restart","StSLib","The Construct","The Hierophant"],"gold_per_floor":[111,125,125,225,240,240,240,260,336,336,336,296,330,104,104,205,205,223,223,223,223,233,233,244,244,282,282,211,226,226,226,226,226,226],"floor_reached":33,"language":"ENG","playtime":1089,"items_purged":[],"score":349,"play_id":"191ccb17-b77d-41a5-9f41-360e28088257","local_time":"20210120104814","daily_mods":["Heirloom"],"is_ascension_mode":true,"campfire_choices":[{"floor":6,"key":"REST"},{"data":"hermit:Quickdraw","floor":11,"key":"SMITH"},{"floor":15,"key":"REST"},{"floor":23,"key":"REST"},{"floor":25,"key":"REST"},{"data":"hermit:FullyLoaded","floor":27,"key":"SMITH"},{"floor":32,"key":"REST"}],"circlet_count":0,"master_deck":["hermit:Snapshot","hermit:Covet","hermit:NoHoldsBarred","hermit:Headshot","hermit:Desperado","hermit:Quickdraw+1","hermit:GoldenBullet","hermit:Dissolve","hermit:FinalCanter","hermit:Gambit","hermit:CalledShot","hermit:Feint","hermit:Purgatory","hermit:WideOpen","hermit:Midnight","hermit:CursedWeapon","hermit:Spite+1","hermit:Quickdraw","hermit:CalledShot","hermit:FullyLoaded+1","hermit:NoHoldsBarred+1","hermit:Virtue","Decay"],"relics":["hermit:Momento","Hammer of Thor","Seething Fire","Anvil of the Gods","Incense Burner","PreservedInsect","Mercury Hourglass","Regal Pillow","Anchor","Pandora\u0027s Box","Enchiridion","Molten Egg 2"],"acts_visited":["Exordium","TheCity"],"potions_floor_usage":[16,16,18,33,33],"damage_taken":[{"damage":5,"enemies":"Small Slimes","floor":1,"turns":3},{"damage":6,"enemies":"Cultist","floor":2,"turns":3},{"damage":7,"enemies":"2 Louse","floor":5,"turns":2},{"damage":1,"enemies":"Large Slime","floor":8,"turns":5},{"damage":13,"enemies":"Gremlin Nob","floor":13,"turns":3},{"damage":71,"enemies":"Slime Boss","floor":16,"turns":11},{"damage":11,"enemies":"Spheric Guardian","floor":18,"turns":3},{"damage":4,"enemies":"2 Thieves","floor":22,"turns":3},{"damage":29,"enemies":"Centurion and Healer","floor":24,"turns":6},{"damage":8,"enemies":"Snecko","floor":26,"turns":4},{"damage":50,"enemies":"Snecko","floor":29,"turns":4},{"damage":50,"enemies":"Automaton","floor":33,"turns":4}],"seed_played":"448322249984317738","potions_obtained":[{"floor":2,"key":"Strength Potion"},{"floor":8,"key":"SneckoOil"},{"floor":13,"key":"SkillPotion"},{"floor":16,"key":"Energy Potion"},{"floor":24,"key":"Strength Potion"}],"is_trial":true,"path_per_floor":["M","M","?","?","M","R","$","M","T","?","R","?","E","$","R","B",null,"M","$","?","?","M","R","M","R","MIM","R","$","M","?","?","R","B"],"character_chosen":"HERMIT","items_purchased":["Anchor","hermit:GoldenBullet","hermit:NoHoldsBarred+1"],"campfire_rested":5,"item_purchase_floors":[14,14,28],"current_hp_per_floor":[63,57,50,50,43,65,65,64,64,64,64,64,51,51,75,4,57,46,46,30,30,26,63,34,71,63,63,63,13,13,13,50,0,0],"gold":226,"neow_bonus":"","is_daily":false,"chose_seed":false,"campfire_upgraded":2,"win_rate":0.0,"timestamp":1611132494,"path_taken":["M","M","?","?","M","R","$","?","T","?","R","?","E","?","R","BOSS","M","$","?","?","M","R","M","R","MIM","R","?","M","?","?","R","BOSS"],"items_purchased_type":["Relic","Card","Card"],"build_version":"2020-12-22","purchased_purges":0,"victory":false,"max_hp_per_floor":[75,75,75,75,75,75,75,75,75,75,75,75,75,75,75,75,75,75,75,75,75,75,75,75,75,75,75,75,75,75,75,75,75,75],"card_choices":[{"not_picked":["hermit:Ricochet","hermit:Feint"],"picked":"hermit:NoHoldsBarred","floor":1},{"not_picked":["hermit:Misfire","hermit:Roulette"],"picked":"hermit:Headshot","floor":2},{"not_picked":["hermit:Vantage","hermit:Snipe"],"picked":"hermit:Desperado","floor":5},{"not_picked":["hermit:HoleUp","hermit:Enervate"],"picked":"hermit:Quickdraw","floor":8},{"not_picked":["hermit:Manifest","hermit:FatalDesire","hermit:Headshot"],"picked":"SKIP","floor":13},{"not_picked":["hermit:Roughhouse","hermit:Reprieve"],"picked":"hermit:Dissolve","floor":16},{"not_picked":["hermit:CalledShot","hermit:Coalescence+1"],"picked":"hermit:Spite+1","floor":18},{"not_picked":["hermit:Coalescence+1","hermit:Cheat"],"picked":"hermit:Quickdraw","floor":22},{"not_picked":["hermit:Coalescence","hermit:TrackingShot"],"picked":"hermit:CalledShot","floor":24},{"not_picked":["hermit:HoleUp","hermit:Feint"],"picked":"hermit:FullyLoaded","floor":26},{"not_picked":["hermit:Deadeye+1","hermit:WideOpen+1"],"picked":"hermit:Virtue","floor":29}],"player_experience":599019,"relics_obtained":[{"floor":9,"key":"Mercury Hourglass"},{"floor":13,"key":"Regal Pillow"},{"floor":20,"key":"Enchiridion"},{"floor":26,"key":"Molten Egg 2"}],"event_choices":[{"damage_healed":0,"gold_gain":0,"player_choice":"Success","damage_taken":7,"relics_obtained":["PreservedInsect"],"max_hp_gain":0,"max_hp_loss":0,"event_name":"Scrap Ooze","floor":3,"gold_loss":0},{"damage_healed":0,"gold_gain":100,"player_choice":"Pray","damage_taken":0,"max_hp_gain":0,"max_hp_loss":0,"event_name":"Golden Shrine","floor":4,"gold_loss":0},{"damage_healed":0,"gold_gain":0,"player_choice":"Ignored","damage_taken":0,"max_hp_gain":0,"max_hp_loss":0,"event_name":"Shining Light","floor":10,"gold_loss":0},{"damage_healed":0,"gold_gain":0,"player_choice":"Left Gold","damage_taken":0,"max_hp_gain":0,"max_hp_loss":0,"event_name":"World of Goop","floor":12,"gold_loss":40},{"damage_healed":0,"gold_gain":0,"player_choice":"Obtained Book","damage_taken":16,"max_hp_gain":0,"max_hp_loss":0,"event_name":"Cursed Tome","floor":20,"gold_loss":0},{"damage_healed":0,"gold_gain":0,"player_choice":"Simplicity","damage_taken":0,"max_hp_gain":0,"max_hp_loss":0,"event_name":"Back to Basics","floor":21,"gold_loss":0,"cards_upgraded":[]},{"damage_healed":0,"gold_gain":0,"player_choice":"Ignored","damage_taken":0,"max_hp_gain":0,"max_hp_loss":0,"event_name":"Vampires","floor":30,"gold_loss":0},{"damage_healed":0,"gold_gain":0,"player_choice":"Smashed Altar","damage_taken":0,"max_hp_gain":0,"max_hp_loss":0,"event_name":"Forgotten Altar","floor":31,"gold_loss":0,"cards_obtained":["Decay"]}],"is_beta":false,"boss_relics":[{"not_picked":["Calling Bell","Velvet Choker"],"picked":"Pandora\u0027s Box"}],"items_purged_floors":[],"is_endless":false,"potions_floor_spawned":[2,8,13,16,24],"killed_by":"Automaton","ascension_level":9}}