{"host":"l84l8xigz5v5foa2","time":1611150531,"event":{"mods":["2.2 Compatiblity","AchievementEnabler","BaseMod","Better Note","Better Vampires","Card Filter","Colored Map","DeckTracker","Downfall","Gremlin Skip","Highlight Path","Keyboard Shortcuts","Minty Spire (QoL Compilation)","Permanent Neow","Quick Restart","Relic Filter","Relic Stats","StSLib","SuperFastMode","Transform Curses","Unknown Chances"],"gold_per_floor":[117,117,129,154,185,197,220,157,194,206,233,245,275,287,299,387,399,428,79,79,89,101,101,127,137,137,96,106,106,123,173,173,247,247,263,275,275,275,288,288,288,288,288],"floor_reached":41,"language":"ENG","playtime":1481,"items_purged":["hexamod:Strike"],"score":810,"play_id":"cb0c50d9-67f7-4a26-9d9b-bece13ac923c","local_time":"20210120224851","is_ascension_mode":true,"campfire_choices":[{"data":"hexamod:Float","floor":6.0,"key":"SMITH"},{"floor":10.0,"key":"REST"},{"data":"hexamod:Rewind","floor":12.0,"key":"SMITH"},{"data":"hexamod:GhostOfSpireFuture","floor":15.0,"key":"SMITH"},{"data":"hexamod:NecessarySacrifice","floor":23.0,"key":"SMITH"},{"floor":29.0,"key":"REST"},{"data":"hexamod:Incineration","floor":32.0,"key":"SMITH"},{"floor":40.0,"key":"REST"}],"circlet_count":0,"master_deck":["AscendersBane","hexamod:Defend","hexamod:Defend","hexamod:Defend","hexamod:Sear","hexamod:Float+1","hexamod:RecurringNightmare","hexamod:HeatMetal","hexamod:HauntingEcho","hexamod:InspiringFlames","hexamod:Rewind+1","hexamod:GhostOfSpireFuture+1","hexamod:TimeWarp","hexamod:ShieldOfDarkness","hexamod:NecessarySacrifice+1","hexamod:GhostOfSpirePast","hexamod:BacktrackSmack","hexamod:StepThrough","hexamod:SpectersWail","hexamod:GhostOfSpirePast","hexamod:Incineration+1","hexamod:VolcanoVisage","hexamod:ThirdSeal","hexamod:PhantomFireball"],"relics":["hexamod:SpiritBrand","MawBank","Regal Pillow","Sozu","Chemical X","Pantograph","Happy Flower","Matryoshka","Philosopher\u0027s Stone"],"acts_visited":["Exordium","TheCity","TheBeyond"],"potions_floor_usage":[],"damage_taken":[{"damage":7.0,"enemies":"Jaw Worm","floor":1.0,"turns":5.0},{"damage":1.0,"enemies":"2 Louse","floor":4.0,"turns":3.0},{"damage":0.0,"enemies":"Cultist","floor":5.0,"turns":3.0},{"damage":16.0,"enemies":"3 Louse","floor":7.0,"turns":2.0},{"damage":1.0,"enemies":"Looter","floor":11.0,"turns":3.0},{"damage":6.0,"enemies":"Lots of Slimes","floor":13.0,"turns":4.0},{"damage":12.0,"enemies":"The Guardian","floor":16.0,"turns":9.0},{"damage":6.0,"enemies":"Shell Parasite","floor":18.0,"turns":5.0},{"damage":0.0,"enemies":"Spheric Guardian","floor":21.0,"turns":4.0},{"damage":14.0,"enemies":"Chosen and Byrds","floor":22.0,"turns":7.0},{"damage":27.0,"enemies":"Gremlin Leader","floor":24.0,"turns":6.0},{"damage":4.0,"enemies":"3 Cultists","floor":25.0,"turns":5.0},{"damage":6.0,"enemies":"Snecko","floor":28.0,"turns":4.0},{"damage":5.0,"enemies":"Centurion and Healer","floor":30.0,"turns":4.0},{"damage":47.0,"enemies":"Automaton","floor":33.0,"turns":8.0},{"damage":18.0,"enemies":"3 Darklings","floor":35.0,"turns":4.0},{"damage":0.0,"enemies":"3 Shapes","floor":36.0,"turns":3.0},{"damage":21.0,"enemies":"Sphere and 2 Shapes","floor":39.0,"turns":5.0},{"damage":73,"enemies":"Giant Head","floor":41,"turns":6}],"seed_played":"-2162063016679762164","potions_obtained":[{"floor":4.0,"key":"Weak Potion"},{"floor":11.0,"key":"Dexterity Potion"},{"floor":16.0,"key":"AttackPotion"}],"is_trial":false,"path_per_floor":["M","?","$","M","M","R","M","?","T","R","M","R","M","?","R","B",null,"M","$","?","M","M","R","E","M","T","$","M","R","M","?","R","B",null,"M","M","?","?","M","R","E"],"character_chosen":"THE_SPIRIT","items_purchased":["hexamod:ThermalTransfer","hexamod:NecessarySacrifice","Chemical X","hexamod:GhostOfSpirePast"],"campfire_rested":3,"item_purchase_floors":[19,19,19,27],"current_hp_per_floor":[35,30,30,29,29,29,13,13,13,46,45,45,39,44,44,32,59,53,53,53,53,39,39,12,8,8,8,2,37,32,32,32,10,54,36,36,36,36,15,50,0,0,0],"gold":288,"neow_bonus":"REMOVE_TWO","is_daily":false,"chose_seed":false,"campfire_upgraded":5,"win_rate":0.0,"timestamp":1611150531,"path_taken":["M","?","$","M","M","R","M","?","T","R","M","R","M","?","R","BOSS","M","$","?","M","M","R","E","M","T","$","M","R","?","?","R","BOSS","M","M","?","?","M","R","E"],"items_purchased_type":["Card","Card","Relic","Card"],"build_version":"2020-12-22","purchased_purges":1,"victory":false,"max_hp_per_floor":[63,63,63,63,63,63,63,63,63,63,63,63,63,68,68,68,68,68,68,68,68,68,68,68,68,68,68,68,68,68,68,68,68,68,68,68,68,68,68,68,68,68,68],"relic_stats":{"Sozu":6,"Regal Pillow":45,"Happy Flower":[13],"counters":[19,90],"Pantograph":25,"Chemical X":[3],"MawBank":204,"obtain_stats":[{"Sozu":17,"Regal Pillow":9,"Matryoshka":26,"Happy Flower":24,"Pantograph":20,"Philosopher\u0027s Stone":34,"Chemical X":19,"MawBank":2,"hexamod:SpiritBrand":0},{"Sozu":7,"Regal Pillow":4,"Matryoshka":12,"Happy Flower":11,"Pantograph":8,"Philosopher\u0027s Stone":15,"Chemical X":8,"MawBank":1,"hexamod:SpiritBrand":0},{"Sozu":29,"Regal Pillow":13,"Matryoshka":56,"Happy Flower":51,"Pantograph":34,"Philosopher\u0027s Stone":72,"Chemical X":34,"MawBank":5,"hexamod:SpiritBrand":0}]},"card_choices":[{"not_picked":["hexamod:GhostLash","hexamod:NightmareStrike"],"picked":"hexamod:RecurringNightmare","floor":1.0},{"not_picked":["hexamod:GhostShield","hexamod:BacktrackSmack"],"picked":"hexamod:HeatMetal","floor":4.0},{"not_picked":["hexamod:HexaLevel","hexamod:GhostLash"],"picked":"hexamod:HauntingEcho","floor":5.0},{"not_picked":["hexamod:FlamesFromBeyond","hexamod:FastForward"],"picked":"hexamod:InspiringFlames","floor":7.0},{"not_picked":["hexamod:FastForward","hexamod:ThermalTransfer"],"picked":"hexamod:Rewind","floor":11.0},{"not_picked":["hexamod:RainOfEmbers","hexamod:BacktrackSmack"],"picked":"hexamod:GhostOfSpireFuture","floor":13.0},{"not_picked":["hexamod:HexaLevel","hexamod:ForkedFlame"],"picked":"hexamod:TimeWarp","floor":16.0},{"not_picked":["hexamod:HeatCrush","hexamod:FastForward"],"picked":"hexamod:ShieldOfDarkness","floor":18.0},{"not_picked":["hexamod:NightmareStrike","hexamod:HauntingEcho"],"picked":"hexamod:GhostOfSpirePast","floor":21.0},{"not_picked":["hexamod:SpectralSpark","hexamod:FlamesFromBeyond"],"picked":"hexamod:BacktrackSmack","floor":22.0},{"not_picked":["hexamod:NightmareGuise","hexamod:SkipABeat"],"picked":"hexamod:StepThrough","floor":24.0},{"not_picked":["hexamod:Hexaguard","hexamod:GhostLash"],"picked":"hexamod:SpectersWail","floor":25.0},{"not_picked":["hexamod:Again","hexamod:HauntingEcho"],"picked":"hexamod:Incineration","floor":28.0},{"not_picked":["hexamod:InspiringFlames","hexamod:HauntingEcho+1","hexamod:Incineration"],"picked":"SKIP","floor":30.0},{"not_picked":["hexamod:ParanormalForm","hexamod:GiftsFromTheDead"],"picked":"hexamod:VolcanoVisage","floor":33.0},{"not_picked":["hexamod:HauntingEcho","hexamod:HeatCrush"],"picked":"hexamod:ThirdSeal","floor":35.0},{"not_picked":["hexamod:ThermalTransfer","hexamod:InspiringFlames+1","hexamod:Firestarter+1"],"picked":"SKIP","floor":36.0},{"not_picked":["hexamod:CatchUp","hexamod:PhantomFireball","hexamod:GhostOfSpirePast"],"picked":"SKIP","floor":36.0},{"not_picked":["hexamod:CatchUp","hexamod:GhostOfSpirePast"],"picked":"hexamod:PhantomFireball","floor":36.0},{"not_picked":["hexamod:ThermalTransfer","hexamod:InspiringFlames+1","hexamod:Firestarter+1"],"picked":"SKIP","floor":36.0},{"not_picked":["hexamod:HeatMetal","hexamod:Firestarter","hexamod:NightmareGuise"],"picked":"SKIP","floor":39.0},{"not_picked":["hexamod:WildfireWeapon","hexamod:NightmareGuise","hexamod:SwordOfDarkness"],"picked":"SKIP","floor":39.0}],"player_experience":3319337,"relics_obtained":[{"floor":9.0,"key":"Regal Pillow"},{"floor":24.0,"key":"Happy Flower"},{"floor":26.0,"key":"Matryoshka"}],"event_choices":[{"damage_healed":0.0,"max_hp_gain":0.0,"max_hp_loss":0.0,"gold_gain":0.0,"event_name":"Scrap Ooze","player_choice":"Success","floor":2.0,"gold_loss":0.0,"damage_taken":5.0,"relics_obtained":["MawBank"]},{"cards_removed":["hexamod:Strike"],"damage_healed":0.0,"max_hp_gain":0.0,"max_hp_loss":0.0,"gold_gain":0.0,"event_name":"The Cleric","player_choice":"Card Removal","floor":8.0,"gold_loss":75.0,"damage_taken":0.0},{"damage_healed":0.0,"max_hp_gain":5.0,"max_hp_loss":0.0,"gold_gain":0.0,"event_name":"Big Fish","player_choice":"Donut","floor":14.0,"gold_loss":0.0,"damage_taken":0.0},{"cards_removed":["hexamod:ThermalTransfer"],"damage_healed":0.0,"max_hp_gain":0.0,"max_hp_loss":0.0,"gold_gain":0.0,"event_name":"WeMeetAgain","player_choice":"Gave Card","floor":20.0,"gold_loss":0.0,"damage_taken":0.0,"relics_obtained":["Pantograph"]},{"damage_healed":0.0,"max_hp_gain":0.0,"max_hp_loss":0.0,"gold_gain":50.0,"event_name":"Nest","player_choice":"Stole From Cult","floor":31.0,"gold_loss":0.0,"damage_taken":0.0},{"cards_removed":["hexamod:Strike"],"damage_healed":0.0,"max_hp_gain":0.0,"max_hp_loss":0.0,"gold_gain":0.0,"event_name":"Purifier","player_choice":"Purged","floor":38.0,"gold_loss":0.0,"damage_taken":0.0}],"is_beta":false,"boss_relics":[{"not_picked":["Calling Bell","SlaversCollar"],"picked":"Sozu"},{"not_picked":["SacredBark","Empty Cage"],"picked":"Philosopher\u0027s Stone"}],"items_purged_floors":[19],"is_endless":false,"potions_floor_spawned":[4,11,16,18,24,28,30,35,36],"killed_by":"Giant Head","ascension_level":20}}