{"host":"l84l8xigz5v5foa2","time":1611153080,"event":{"mods":["2.2 Compatiblity","AchievementEnabler","BaseMod","Better Note","Better Vampires","Card Filter","Colored Map","DeckTracker","Downfall","Gremlin Skip","Highlight Path","Keyboard Shortcuts","Minty Spire (QoL Compilation)","Permanent Neow","Quick Restart","Relic Filter","Relic Stats","StSLib","SuperFastMode","Transform Curses","Unknown Chances"],"gold_per_floor":[14,31,31,31,51,51,71,100,100,133,133,146,146,146,146,223,223,239,239,239,252,252,252,266,316,341,341,341,341,341],"floor_reached":28,"language":"ENG","playtime":868,"items_purged":[],"score":452,"play_id":"bd192b4c-01fd-4f87-8762-7c463a7849e5","local_time":"20210120233120","is_ascension_mode":true,"campfire_choices":[{"data":"hexamod:Float","floor":6.0,"key":"SMITH"},{"data":"hexamod:SuperheatedStrike","floor":11.0,"key":"SMITH"},{"data":"hexamod:GhostflameBarrier","floor":13.0,"key":"SMITH"},{"data":"hexamod:GhostflameInferno","floor":15.0,"key":"SMITH"},{"floor":23.0,"key":"REST"},{"data":"hexamod:AdvancingGuard","floor":27,"key":"SMITH"}],"circlet_count":0,"master_deck":["AscendersBane","hexamod:Strike","hexamod:Strike","hexamod:Defend","hexamod:Defend","hexamod:Defend+1","hexamod:Float+1","hexamod:SuperheatedStrike+1","hexamod:AdvancingGuard+1","hexamod:GhostflameInferno+1","hexamod:FlamesFromBeyond","hexamod:GhostflameBarrier+1","hexamod:SpectersWail+1","hexamod:FourthSeal","hexamod:FifthSeal","hexamod:SixthSeal","hexamod:ThirdSeal","hexamod:FirstSeal","hexamod:SecondSeal","hexamod:GhostShield+1","hexamod:DynamicBlow"],"relics":["hexamod:SpiritBrand","Ornamental Fan","Sundial","Centennial Puzzle","Philosopher\u0027s Stone","hexamod:BolsterEngine"],"acts_visited":["Exordium","TheCity"],"potions_floor_usage":[24,28],"damage_taken":[{"damage":0.0,"enemies":"Small Slimes","floor":1.0,"turns":4.0},{"damage":5.0,"enemies":"2 Louse","floor":2.0,"turns":2.0},{"damage":2.0,"enemies":"Jaw Worm","floor":5.0,"turns":3.0},{"damage":3.0,"enemies":"Blue Slaver","floor":7.0,"turns":3.0},{"damage":6.0,"enemies":"Gremlin Nob","floor":8.0,"turns":3.0},{"damage":10.0,"enemies":"Lagavulin","floor":10.0,"turns":6.0},{"damage":2.0,"enemies":"Gremlin Gang","floor":12.0,"turns":4.0},{"damage":11.0,"enemies":"The Guardian","floor":16.0,"turns":8.0},{"damage":1.0,"enemies":"2 Thieves","floor":18.0,"turns":3.0},{"damage":18.0,"enemies":"3 Byrds","floor":21.0,"turns":4.0},{"damage":8,"enemies":"3 Cultists","floor":24,"turns":6},{"damage":28,"enemies":"Sentry and Sphere","floor":28,"turns":5}],"seed_played":"167839945011313337","potions_obtained":[{"floor":1.0,"key":"hexamod:EctoCoolerPotion"},{"floor":2.0,"key":"SteroidPotion"},{"floor":12.0,"key":"hexamod:EctoCoolerPotion"},{"floor":16.0,"key":"DuplicationPotion"},{"floor":16.0,"key":"FearPotion"},{"floor":18.0,"key":"hexamod:InfernoChargePotion"},{"floor":21.0,"key":"champ:CounterPotion"},{"floor":21.0,"key":"SkillPotion"}],"is_trial":false,"path_per_floor":["M","M","?","?","M","R","M","E","T","E","R","M","R","?","R","B",null,"M","?","?","M","T","R","M","?","T","R","M"],"character_chosen":"THE_SPIRIT","items_purchased":[],"campfire_rested":1,"item_purchase_floors":[],"current_hp_per_floor":[57,52,45,45,43,43,40,34,34,24,24,22,22,22,22,11,50,49,49,32,14,14,34,26,26,26,26,0,0,0],"gold":341,"neow_bonus":"REMOVE_TWO","is_daily":false,"chose_seed":false,"campfire_upgraded":5,"win_rate":0.0,"timestamp":1611153080,"path_taken":["M","M","?","?","M","R","M","E","T","E","R","M","R","?","R","BOSS","M","?","?","M","?","R","?","?","T","R","M"],"items_purchased_type":[],"build_version":"2020-12-22","purchased_purges":0,"victory":false,"max_hp_per_floor":[63,63,63,63,63,63,63,63,63,63,63,63,63,63,63,63,63,63,63,68,68,68,68,68,68,68,68,68,68,68],"relic_stats":{"Centennial Puzzle":[18],"counters":[12,51],"Ornamental Fan":[12],"Sundial":[10],"obtain_stats":[{"Centennial Puzzle":10,"Ornamental Fan":8,"Sundial":9,"Philosopher\u0027s Stone":17,"hexamod:BolsterEngine":26,"hexamod:SpiritBrand":0},{"Centennial Puzzle":6,"Ornamental Fan":5,"Sundial":5,"Philosopher\u0027s Stone":8,"hexamod:BolsterEngine":11,"hexamod:SpiritBrand":0},{"Centennial Puzzle":21,"Ornamental Fan":15,"Sundial":15,"Philosopher\u0027s Stone":33,"hexamod:BolsterEngine":46,"hexamod:SpiritBrand":0}]},"card_choices":[{"not_picked":["hexamod:SecondSeal","hexamod:ChargedBarrage"],"picked":"hexamod:SuperheatedStrike","floor":1.0},{"not_picked":["hexamod:SpectersWail","hexamod:FlamesFromBeyond"],"picked":"hexamod:AdvancingGuard","floor":2.0},{"not_picked":["hexamod:GhostShield","hexamod:Firestarter"],"picked":"hexamod:GhostflameInferno","floor":5.0},{"not_picked":["hexamod:BacktrackSmack","hexamod:NightmareStrike"],"picked":"hexamod:FlamesFromBeyond","floor":7.0},{"not_picked":["hexamod:FlamesFromBeyond","hexamod:BurningTouch"],"picked":"hexamod:GhostflameBarrier","floor":8.0},{"not_picked":["hexamod:SpectralSpark","hexamod:GhostLash"],"picked":"hexamod:SpectersWail","floor":10.0},{"not_picked":["hexamod:NightmareStrike","hexamod:Haunt"],"picked":"hexamod:FourthSeal","floor":12.0},{"not_picked":["hexamod:TimeOfNeed","hexamod:WildfireWeapon"],"picked":"hexamod:FifthSeal","floor":16.0},{"not_picked":["hexamod:ThirdSeal","hexamod:FirstSeal"],"picked":"hexamod:SixthSeal","floor":18.0},{"not_picked":["hexamod:FourthSeal","hexamod:SixthSeal"],"picked":"hexamod:ThirdSeal","floor":18.0},{"not_picked":["hexamod:ChargedBarrage","hexamod:HeatMetal","hexamod:AdvancingGuard"],"picked":"SKIP","floor":18.0},{"not_picked":["hexamod:ChargedBarrage","hexamod:HeatMetal","hexamod:AdvancingGuard"],"picked":"SKIP","floor":18.0},{"not_picked":["hexamod:ShieldOfDarkness","hexamod:ChargedBarrage"],"picked":"hexamod:FirstSeal","floor":21.0},{"not_picked":["hexamod:ThirdSeal","hexamod:SixthSeal"],"picked":"hexamod:SecondSeal","floor":24},{"not_picked":["hexamod:SuperheatedStrike","hexamod:InspiringFlames"],"picked":"hexamod:GhostShield+1","floor":24},{"not_picked":["hexamod:BacktrackSmack","hexamod:ChargedBarrage"],"picked":"hexamod:DynamicBlow","floor":24}],"player_experience":3321805,"relics_obtained":[{"floor":8.0,"key":"Ornamental Fan"},{"floor":9.0,"key":"Sundial"},{"floor":10.0,"key":"Centennial Puzzle"},{"floor":26,"key":"hexamod:BolsterEngine"}],"event_choices":[{"cards_removed":["hexamod:Strike"],"damage_healed":0.0,"max_hp_gain":0.0,"max_hp_loss":0.0,"gold_gain":0.0,"event_name":"Golden Wing","player_choice":"Card Removal","floor":3.0,"gold_loss":0.0,"damage_taken":7.0},{"damage_healed":0.0,"max_hp_gain":0.0,"max_hp_loss":0.0,"gold_gain":0.0,"event_name":"Liars Game","player_choice":"Ignored","floor":4.0,"gold_loss":0.0,"damage_taken":0.0},{"damage_healed":0.0,"max_hp_gain":0.0,"max_hp_loss":0.0,"gold_gain":0.0,"event_name":"Dead Adventurer","player_choice":"Searched \u00270\u0027 times","floor":14.0,"gold_loss":0.0,"damage_taken":0.0},{"damage_healed":0.0,"max_hp_gain":5.0,"max_hp_loss":0.0,"gold_gain":0.0,"event_name":"Forgotten Altar","player_choice":"Shed Blood","floor":20.0,"gold_loss":0.0,"damage_taken":22.0},{"damage_healed":0,"gold_gain":50,"player_choice":"Stole From Cult","damage_taken":0,"max_hp_gain":0,"max_hp_loss":0,"event_name":"Nest","floor":25,"gold_loss":0}],"is_beta":false,"boss_relics":[{"not_picked":["SlaversCollar","Sozu"],"picked":"Philosopher\u0027s Stone"}],"items_purged_floors":[],"is_endless":false,"potions_floor_spawned":[1,2,12,16,21],"killed_by":"Sentry and Sphere","ascension_level":20}}