{"host":"l5xpox9cbdko122s","time":1611162893,"event":{"mods":["AchievementEnabler","BaseMod","Better Skull","Colored Map","Colored Powertips","Displayed Cursed Tome","Hermit","Highlight Path","Minty Spire (QoL Compilation)","Quick Restart","Shop Mod","StSLib"],"gold_per_floor":[119,132,149,160,160,194,205,155,230,46,46,46,46,46,46,144,144,134,234,247,247,267,267,267],"floor_reached":23,"language":"ENG","playtime":1207,"items_purged":[],"score":191,"play_id":"1cffd269-04d5-4ecc-8b3c-79b04b1170c0","local_time":"20210120121453","is_ascension_mode":false,"campfire_choices":[{"floor":11,"key":"RECALL"},{"data":"hermit:Snapshot","floor":15,"key":"SMITH"}],"circlet_count":0,"master_deck":["hermit:Strike_Hermit","hermit:Strike_Hermit","hermit:Strike_Hermit","hermit:Strike_Hermit","hermit:Defend_Hermit","hermit:Defend_Hermit","hermit:Defend_Hermit","hermit:Defend_Hermit","hermit:Snapshot+1","hermit:Showdown+1","Writhe"],"relics":["Oddly Smooth Stone","MerchantsRug","Strawberry","Fusion Hammer","MutagenicStrength"],"acts_visited":["Exordium","TheCity"],"potions_floor_usage":[6,6,6,16,23],"damage_taken":[{"damage":7,"enemies":"Small Slimes","floor":1,"turns":3},{"damage":2,"enemies":"2 Louse","floor":2,"turns":3},{"damage":1,"enemies":"Cultist","floor":3,"turns":4},{"damage":0,"enemies":"2 Fungi Beasts","floor":4,"turns":3},{"damage":7,"enemies":"Gremlin Nob","floor":6,"turns":4},{"damage":6,"enemies":"Blue Slaver","floor":7,"turns":3},{"damage":23,"enemies":"Slime Boss","floor":16,"turns":10},{"damage":22,"enemies":"2 Thieves","floor":18,"turns":4},{"damage":25,"enemies":"3 Byrds","floor":20,"turns":8},{"damage":12,"enemies":"Centurion and Healer","floor":22,"turns":9},{"damage":30,"enemies":"Gremlin Leader","floor":23,"turns":4}],"seed_played":"-6998272821202290490","potions_obtained":[{"floor":1,"key":"Dexterity Potion"},{"floor":3,"key":"LiquidBronze"},{"floor":4,"key":"Dexterity Potion"},{"floor":7,"key":"CultistPotion"},{"floor":22,"key":"Explosive Potion"}],"is_trial":false,"path_per_floor":["M","M","M","M","?","E","M","?","T","$","R","?","$","?","R","B",null,"M","?","M","?","M","E"],"character_chosen":"HERMIT","items_purchased":["MerchantsRug","Strawberry"],"campfire_rested":0,"item_purchase_floors":[10,10],"current_hp_per_floor":[68,66,65,65,65,58,52,52,52,59,59,59,59,82,82,59,82,60,60,35,35,23,0,0],"gold":267,"neow_bonus":"BOSS_RELIC","is_daily":false,"chose_seed":false,"campfire_upgraded":1,"win_rate":0.0,"timestamp":1611162893,"path_taken":["M","M","M","M","?","E","M","?","T","$","R","?","?","?","R","BOSS","M","?","?","?","M","E"],"items_purchased_type":["Relic","Relic"],"build_version":"2020-12-22","purchased_purges":0,"victory":false,"max_hp_per_floor":[75,75,75,75,75,75,75,75,75,82,82,82,82,82,82,82,82,82,82,82,82,82,82,82],"card_choices":[{"not_picked":["hermit:NoHoldsBarred","hermit:LowProfile","hermit:Roulette"],"picked":"SKIP","floor":1},{"not_picked":["hermit:EyeOfTheStorm","hermit:DeadMansHand","hermit:Ricochet"],"picked":"SKIP","floor":2},{"not_picked":["hermit:TrackingShot","hermit:ShadowCloak","hermit:Determination"],"picked":"SKIP","floor":3},{"not_picked":["hermit:Headshot","hermit:Coalescence"],"picked":"hermit:Showdown","floor":4},{"not_picked":["hermit:Scavenge","hermit:Dive","hermit:Brawl"],"picked":"SKIP","floor":6},{"not_picked":["hermit:Coalescence","hermit:WideOpen","hermit:GoldenBullet"],"picked":"SKIP","floor":7},{"not_picked":["hermit:Cheat","hermit:Grudge","hermit:Maintenance"],"picked":"SKIP","floor":18},{"not_picked":["hermit:Desperado","hermit:Roulette","hermit:WideOpen"],"picked":"SKIP","floor":20},{"not_picked":["hermit:WideOpen","hermit:Showdown","hermit:Quickdraw+1"],"picked":"SKIP","floor":22}],"player_experience":156145,"relics_obtained":[{"floor":6,"key":"Oddly Smooth Stone"}],"event_choices":[{"damage_healed":0,"gold_gain":0,"player_choice":"Ignored","damage_taken":0,"max_hp_gain":0,"max_hp_loss":0,"event_name":"Shining Light","floor":5,"gold_loss":0},{"cards_removed":["hermit:Covet"],"damage_healed":0,"gold_gain":0,"player_choice":"Card Removal","damage_taken":0,"max_hp_gain":0,"max_hp_loss":0,"event_name":"The Cleric","floor":8,"gold_loss":50},{"damage_healed":0,"gold_gain":0,"player_choice":"Grow","damage_taken":0,"max_hp_gain":0,"max_hp_loss":0,"event_name":"Living Wall","floor":12,"gold_loss":0,"cards_upgraded":["hermit:Showdown"]},{"damage_healed":27,"gold_gain":0,"player_choice":"Banana","damage_taken":0,"max_hp_gain":0,"max_hp_loss":0,"event_name":"Big Fish","floor":14,"gold_loss":0},{"damage_healed":0,"gold_gain":100,"player_choice":"Pray","damage_taken":0,"max_hp_gain":0,"max_hp_loss":0,"event_name":"Golden Shrine","floor":19,"gold_loss":0},{"damage_healed":0,"gold_gain":0,"player_choice":"Inject Mutagens","damage_taken":0,"relics_obtained":["MutagenicStrength"],"max_hp_gain":0,"max_hp_loss":0,"event_name":"Drug Dealer","floor":21,"gold_loss":0}],"is_beta":false,"boss_relics":[{"not_picked":["Astrolabe","Philosopher\u0027s Stone"],"picked":"Fusion Hammer"}],"items_purged_floors":[],"is_endless":false,"potions_floor_spawned":[1,3,4,7,22],"killed_by":"Gremlin Leader","ascension_level":0}}