{"host":"snn1c4qsf0fj7fzf","time":1611154915,"event":{"mods":["AchievementEnabler","Act Like it!","Aspiration","Astrologer","Bard","BaseMod","Colored Powertips","Gensokyo","Gremlin Mod","Hallownest","Hermit","HololiveMod","Hubris","Infinite Spire","Jorbs\u0027s Wanderer Trilogy","Lobotomy","LobotomyExtend","Marisa????????","Minty Spire (QoL Compilation)","Random Character Button","Rare Cards Sparkle","Reimu??????","Replay The Spire","Shop Mod","StSLib","The Administrix","The Animator","The Bug Knight","The Cursed","The Gatherer","The Hierophant","The Poker Player"],"gold_per_floor":[111,36,50,50,65,95,20,55,55,55,55,55,87,102,102,204,204,216,171,171,171,189,223,223,223,223,256,256,256,268,286,286,385,385,395,395,215,215,228,263,282,312,312,330,364,364,383,395,395,395],"floor_reached":51,"language":"ENG","playtime":3483,"items_purged":["HollowMod:QuickDashStart","HollowMod:QuickDashStart"],"score":1002,"play_id":"a4b404be-8dda-4941-896a-23fd8a1ac609","local_time":"20210120230155","is_ascension_mode":true,"campfire_choices":[{"data":"HollowMod:GrimmsGift","floor":10,"key":"SMITH"},{"floor":15,"key":"DIG"},{"data":"HollowMod:theNailsmith","floor":24,"key":"SMITH"},{"data":"HollowMod:FocusHealStart","floor":32,"key":"SMITH"},{"data":"HollowMod:theNailsmith","floor":46,"key":"SMITH"},{"data":"ReplayTheSpireMod:Black Plague","floor":49,"key":"SMITH"}],"circlet_count":0,"master_deck":["HollowMod:NailStrikeStart","HollowMod:NailStrikeStart","HollowMod:NailStrikeStart","HollowMod:QuickDashStart","HollowMod:FocusHealStart+1","HollowMod:PogoStrike","HollowMod:Grubsong","Hallownest:skillGreenpathMap","HollowMod:DesolateDive","HollowMod:GrimmsGift+1","HollowMod:VoidDash","HollowMod:theNailsmith+1","Hallownest:attackMasterCycloneSlash","HollowMod:ShapeofUnn+1","HollowMod:theNailsmith+1","HollowMod:DreamGate+1","ReplayTheSpireMod:Black Plague+1","HollowMod:theNailsmith+1","CommonCold","HollowMod:DashSlash+1","HollowMod:CoiledNail+1","HollowMod:SoulSplash+1","HollowMod:DashSlash+1","HollowMod:SoulSplash+1","HollowMod:VengefulSpirit+1"],"relics":["HollowMod:VesselMask","aspiration:Nostalgia","Gatherer:AlchemyBag","LetterFromLob","HollowMod:PaleOreRelic","RedMistMask","Replay:Mystery Machine","Replay:Ringing Soul","Gremlin Food","aspiration:HummingbirdHeart","Busted Crown","Red Mask","Dream Catcher","Moonlight_r","HollowMod:LifeEnderRelic","infinitespire:Golems Mask","hubris:Icosahedron","Membership Card","aspiration:RitualDagger","Replay:Grab Bag","ReplayTheSpireMod:Onyx Gauntlets","hubris:TerracottaHorce","aspiration:SecretTechniqueScroll","Ring of Fury","ReplayTheSpireMod:Ring of Addiction","hubris:EmptyBottle","Toy Ornithopter","Hallownest:StagBellRelic1","Molten Egg 2","Snack Pack","hubris:SphereOfDissonance","infinitespire:Broken Mirror","Kunai"],"acts_visited":["Hallownest:Greenpath","Hallownest:CityofTears","Hallownest:KingdomsEdge"],"potions_floor_usage":[14,33,33,50,50,50,50,51,51],"damage_taken":[{"damage":0.0,"enemies":"Hallownest:2_MossCreeps","floor":1.0,"turns":5.0},{"damage":7,"enemies":"Hallownest:2_Tiktiks_and_1_Crawlid","floor":3,"turns":6},{"damage":7,"enemies":"2_ Uuma","floor":5,"turns":6},{"damage":29,"enemies":"Hallownest:eliteVengeflyKing","floor":6,"turns":7},{"damage":4,"enemies":"Hallownest:eliteCrystalGuardian","floor":8,"turns":5},{"damage":5,"enemies":"Hallownest:eliteVengeflyKing","floor":13,"turns":4},{"damage":6,"enemies":"Hallownest:Guard_and_Warrior","floor":14,"turns":2},{"damage":4,"enemies":"Hallownest:BossBrokenVessel","floor":16,"turns":4},{"damage":1,"enemies":"Hallownest:2_Mistakes","floor":18,"turns":2},{"damage":1,"enemies":"Hallownest:Guard_and_Sentry","floor":22,"turns":2},{"damage":0,"enemies":"Hallownest:Nosk","floor":23,"turns":4},{"damage":6,"enemies":"Hallownest:eliteSoulWarrior","floor":27,"turns":5},{"damage":6,"enemies":"Hallownest:3_Mistakes","floor":30,"turns":2},{"damage":16,"enemies":"Hallownest:Warrior_and_Youth","floor":31,"turns":4},{"damage":70,"enemies":"Hallownest:BossMantisLord","floor":33,"turns":5},{"damage":14,"enemies":"Hallownest:2_Littles","floor":35,"turns":3},{"damage":9,"enemies":"Hallownest:Shield_Heavy","floor":39,"turns":3},{"damage":9,"enemies":"Hallownest:StalkingDevout","floor":40,"turns":3},{"damage":9,"enemies":"Hallownest:2_Wandering_and_1_Horned","floor":41,"turns":3},{"damage":15,"enemies":"Hallownest:eliteHiveKnight","floor":42,"turns":3},{"damage":6,"enemies":"Hallownest:2_Soldiers_and_1_Guardian","floor":44,"turns":2},{"damage":9,"enemies":"Hallownest:eliteCollector","floor":45,"turns":3},{"damage":6,"enemies":"Hallownest:Shield_Sturdy","floor":47,"turns":2},{"damage":6,"enemies":"Hallownest:monsterPrimalAspid","floor":48,"turns":2},{"damage":65,"enemies":"Hallownest:BossHollowKnight","floor":50,"turns":4},{"damage":18,"enemies":"Malkuth","floor":51,"turns":4},{"damage":64,"enemies":"Netzach","floor":51,"turns":6},{"damage":288,"enemies":"Chesed","floor":51,"turns":7}],"seed_played":"-2375643858138373689","potions_obtained":[{"floor":6,"key":"SkillPotion"},{"floor":14,"key":"ZuzhouPotion:ReiMu"},{"floor":22,"key":"AttackPotion"},{"floor":23,"key":"FearPotion"},{"floor":33,"key":"FearPotion"},{"floor":35,"key":"BlessingOfTheForge"},{"floor":36,"key":"PowerPotion"},{"floor":36,"key":"ColorlessPotion"},{"floor":42,"key":"LiquidMemories"}],"is_trial":false,"path_per_floor":["M","?","M","?","M","E","$","E","T","R","?","$","E","M","R","B",null,"M","?","?","?","M","E","R","M","T","E","?","AVR","M","M","R","B",null,"M","?","?","T","M","E","M","E","T","M","E","R","M","M","R","B",null],"character_chosen":"THE_BUGKNIGHT","items_purchased":[],"campfire_rested":0,"item_purchase_floors":[],"current_hp_per_floor":[75,75,74,74,75,56,56,58,58,58,58,58,59,56,56,55,81,80,80,80,83,85,88,88,83,83,86,86,89,89,79,79,21,80,72,75,75,75,79,79,81,79,79,78,79,79,80,76,76,39],"gold":395,"neow_bonus":"NOSTALGIA","is_daily":false,"chose_seed":false,"campfire_upgraded":5,"win_rate":0.0,"timestamp":1611154915,"path_taken":["M","?","M","?","M","E","$","E","T","R","?","?","E","M","R","BOSS","M","?","?","?","M","E","R","M","T","E","?","AVR","M","M","R","BOSS","M","?","?","?","?","E","M","E","T","M","E","R","M","M","R","BOSS"],"items_purchased_type":[],"build_version":"2020-12-22","purchased_purges":2,"victory":true,"max_hp_per_floor":[75,75,75,75,75,75,75,75,75,75,75,75,75,78,78,81,81,81,81,81,84,87,90,90,90,90,93,93,96,96,96,96,99,99,99,102,102,102,105,108,111,114,114,117,117,117,120,120,120,120],"card_choices":[{"not_picked":["HollowMod:SharpenedShadows","HollowMod:HowlingWraiths"],"picked":"HollowMod:Grubsong","floor":1},{"not_picked":["HollowMod:ChannelNail","HollowMod:DescendingDark","HollowMod:Grubsong"],"picked":"SKIP","floor":3},{"not_picked":["HollowMod:NewLittleFool","HollowMod:HeavyBlow","HollowMod:ShadowDash"],"picked":"SKIP","floor":5},{"not_picked":["HollowMod:SharpenedShadows","HollowMod:DashSlash"],"picked":"HollowMod:DesolateDive","floor":6},{"not_picked":["HollowMod:ZotesMagnificence","HollowMod:SoulShaman"],"picked":"HollowMod:GrimmsGift","floor":8},{"not_picked":["HollowMod:CornifersMapStart","HollowMod:FastStrike","HollowMod:SharpenedShadows"],"picked":"SKIP","floor":13},{"not_picked":["HollowMod:AbyssShriek","HollowMod:CycloneSlash"],"picked":"HollowMod:VoidDash","floor":14},{"not_picked":["HollowMod:ElderbugsWisdom","HollowMod:Weaversong"],"picked":"HollowMod:theNailsmith","floor":16},{"not_picked":["HollowMod:DoubleDash+1"],"picked":"SKIP","floor":18},{"not_picked":[],"picked":"HollowMod:ShapeofUnn","floor":22},{"not_picked":[],"picked":"HollowMod:theNailsmith","floor":23},{"not_picked":[],"picked":"HollowMod:DreamGate+1","floor":27},{"not_picked":["HollowMod:HeavyBlow+1"],"picked":"SKIP","floor":30},{"not_picked":["HollowMod:DesolateDive"],"picked":"SKIP","floor":31},{"not_picked":[],"picked":"HollowMod:theNailsmith","floor":33},{"not_picked":["HollowMod:GrimmsGift"],"picked":"SKIP","floor":35},{"not_picked":[],"picked":"HollowMod:DashSlash+1","floor":39},{"not_picked":[],"picked":"HollowMod:CoiledNail+1","floor":40},{"not_picked":[],"picked":"HollowMod:SoulSplash+1","floor":41},{"not_picked":[],"picked":"HollowMod:DashSlash+1","floor":42},{"not_picked":[],"picked":"HollowMod:SoulSplash+1","floor":44},{"not_picked":["HollowMod:SoulSplash"],"picked":"SKIP","floor":45},{"not_picked":[],"picked":"HollowMod:VengefulSpirit+1","floor":47},{"not_picked":["HollowMod:SharpenedNail+1"],"picked":"SKIP","floor":48}],"player_experience":317606,"relics_obtained":[{"floor":1,"key":"LetterFromLob"},{"floor":6,"key":"HollowMod:PaleOreRelic"},{"floor":8,"key":"RedMistMask"},{"floor":8,"key":"Replay:Mystery Machine"},{"floor":9,"key":"Replay:Ringing Soul"},{"floor":13,"key":"Gremlin Food"},{"floor":15,"key":"aspiration:HummingbirdHeart"},{"floor":23,"key":"Dream Catcher"},{"floor":26,"key":"HollowMod:LifeEnderRelic"},{"floor":27,"key":"infinitespire:Golems Mask"},{"floor":36,"key":"Ring of Fury"},{"floor":36,"key":"ReplayTheSpireMod:Ring of Addiction"},{"floor":36,"key":"hubris:EmptyBottle"},{"floor":36,"key":"Toy Ornithopter"},{"floor":38,"key":"Molten Egg 2"},{"floor":40,"key":"Snack Pack"},{"floor":42,"key":"hubris:SphereOfDissonance"},{"floor":43,"key":"infinitespire:Broken Mirror"},{"floor":45,"key":"Kunai"}],"event_choices":[],"is_beta":false,"boss_relics":[{"not_picked":["aspiration:SilentSkillbook","Astrolabe"],"picked":"Busted Crown"},{"not_picked":["Fusion Hammer","Replay:Bronze Core"],"picked":"Replay:Grab Bag"},{"not_picked":["hubris:CrackedHourglass","infinitespire:Cupcake"],"picked":"ReplayTheSpireMod:Onyx Gauntlets"},{"not_picked":["Velvet Choker","hubris:VirtuousBlindfold"],"picked":"hubris:TerracottaHorce"},{"not_picked":["aspiration:RunicSpoon","RedLine:ReiMu"],"picked":"aspiration:SecretTechniqueScroll"}],"items_purged_floors":[7,29],"is_endless":false,"potions_floor_spawned":[6,14,22,23,33,35,40,42,47],"ascension_level":1}}