{"host":"iphsb0ccnjx0pfn6","time":1611106247,"event":{"mods":["2.2 Compatiblity","AchievementEnabler","BaseMod","Colored Map","DeckTracker","Keyboard Shortcuts","Minty Spire (QoL Compilation)","Permanent Neow","Quick Restart","Relic Stats","StSLib","SuperFastMode","Uncapped","everything is the same but u backflip on backflip"],"gold_per_floor":[115,126,126,139,89,89,106,136,136,108,108,126,126,143,143,217,217,235,235,250,37,48,79,79,29,29,29,29,29,29],"floor_reached":29,"language":"KOR","playtime":1569,"items_purged":["Strike_G","Strike_G","Strike_G"],"score":490,"play_id":"0175058d-412a-44b4-955e-9614996efca8","local_time":"20210120103047","is_ascension_mode":true,"campfire_choices":[{"data":"Noxious Fumes","floor":6.0,"key":"SMITH"},{"data":"Acrobatics","floor":11.0,"key":"SMITH"},{"floor":13.0,"key":"REST"},{"data":"Crippling Poison","floor":15.0,"key":"SMITH"},{"data":"Well Laid Plans","floor":28,"key":"SMITH"}],"circlet_count":0,"master_deck":["AscendersBane","Strike_G","Strike_G","Defend_G","Defend_G","Defend_G","Defend_G","Defend_G","Survivor","Neutralize","Noxious Fumes+1","Reflex","Crippling Poison+1","Venomology","Well Laid Plans+1","Acrobatics+1","Corpse Explosion","Footwork","Noxious Fumes+1","Ghostly","Ghostly","Ghostly"],"relics":["Runic Dome","Smiling Mask","Incense Burner","Gremlin Horn","Velvet Choker","Membership Card","Happy Flower","Darkstone Periapt"],"acts_visited":["Exordium","TheCity"],"potions_floor_usage":[22,22,23,23],"damage_taken":[{"damage":3.0,"enemies":"2 Louse","floor":1.0,"turns":3.0},{"damage":7.0,"enemies":"Jaw Worm","floor":2.0,"turns":4.0},{"damage":0.0,"enemies":"Cultist","floor":4.0,"turns":4.0},{"damage":0.0,"enemies":"2 Fungi Beasts","floor":7.0,"turns":4.0},{"damage":16.0,"enemies":"Lagavulin","floor":8.0,"turns":7.0},{"damage":1.0,"enemies":"Exordium Thugs","floor":10.0,"turns":6.0},{"damage":6.0,"enemies":"3 Louse","floor":12.0,"turns":3.0},{"damage":11.0,"enemies":"Looter","floor":14.0,"turns":3.0},{"damage":12.0,"enemies":"The Guardian","floor":16.0,"turns":11.0},{"damage":0.0,"enemies":"3 Byrds","floor":18.0,"turns":3.0},{"damage":9.0,"enemies":"Spheric Guardian","floor":20.0,"turns":4.0},{"damage":23,"enemies":"Snake Plant","floor":22,"turns":6},{"damage":43,"enemies":"Slavers","floor":23,"turns":3},{"damage":1,"enemies":"Centurion and Healer","floor":29,"turns":3}],"seed_played":"6601335746977077731","potions_obtained":[{"floor":2.0,"key":"BlessingOfTheForge"},{"floor":8.0,"key":"Dexterity Potion"},{"floor":12.0,"key":"SpeedPotion"},{"floor":14.0,"key":"SkillPotion"},{"floor":18.0,"key":"BlessingOfTheForge"},{"floor":22,"key":"SkillPotion"}],"is_trial":false,"path_per_floor":["M","M","?","M","$","R","M","E","T","M","R","M","R","M","R","B",null,"M","?","M","$","M","E","?","$","T","?","R","M"],"character_chosen":"THE_SILENT","items_purchased":["Membership Card"],"campfire_rested":1,"item_purchase_floors":[21],"current_hp_per_floor":[56,49,31,31,31,31,31,15,15,14,14,8,27,16,16,4,51,51,76,67,67,44,1,1,1,1,1,1,0,0],"gold":29,"neow_bonus":"BOSS_RELIC","is_daily":false,"chose_seed":false,"campfire_upgraded":4,"win_rate":0.0,"timestamp":1611106247,"path_taken":["M","M","?","M","$","R","M","E","T","M","R","M","R","M","R","BOSS","M","?","M","$","?","E","?","?","T","?","R","M"],"items_purchased_type":["Relic"],"build_version":"2020-12-22","purchased_purges":3,"victory":false,"max_hp_per_floor":[66,66,66,66,66,66,66,66,66,66,66,66,66,66,66,66,66,66,76,76,76,76,76,76,76,76,38,38,38,38],"relic_stats":{"Darkstone Periapt":0,"Gremlin Horn":[1,1],"Happy Flower":[1],"counters":[14,64],"Smiling Mask":38,"obtain_stats":[{"Darkstone Periapt":24,"Runic Dome":0,"Gremlin Horn":9,"Happy Flower":23,"Velvet Choker":17,"Incense Burner":8,"Membership Card":21,"Smiling Mask":3,"Ring of the Snake":0},{"Darkstone Periapt":13,"Runic Dome":0,"Gremlin Horn":5,"Happy Flower":13,"Velvet Choker":9,"Incense Burner":5,"Membership Card":11,"Smiling Mask":2,"Ring of the Snake":0},{"Darkstone Periapt":61,"Runic Dome":0,"Gremlin Horn":22,"Happy Flower":61,"Velvet Choker":45,"Incense Burner":22,"Membership Card":52,"Smiling Mask":7,"Ring of the Snake":0}]},"card_choices":[{"not_picked":["Deadly Poison","Outmaneuver"],"picked":"Noxious Fumes","floor":1.0},{"not_picked":["Underhanded Strike","Slice"],"picked":"Reflex","floor":2.0},{"not_picked":["Deadly Poison","Masterful Stab"],"picked":"Crippling Poison","floor":4.0},{"not_picked":["Noxious Fumes","Deflect"],"picked":"Venomology","floor":7.0},{"not_picked":["Predator","PiercingWail"],"picked":"Well Laid Plans","floor":8.0},{"not_picked":["Blur","Underhanded Strike"],"picked":"Acrobatics","floor":10.0},{"not_picked":["Dodge and Roll","Sucker Punch","PiercingWail"],"picked":"SKIP","floor":12.0},{"not_picked":["Flying Knee","Backstab"],"picked":"Malaise","floor":14.0},{"not_picked":["Tools of the Trade","Night Terror"],"picked":"Corpse Explosion","floor":16.0},{"not_picked":["Backstab","PiercingWail"],"picked":"Footwork","floor":18.0},{"not_picked":["Quick Slash","Accuracy","PiercingWail"],"picked":"SKIP","floor":20.0},{"not_picked":["Poisoned Stab","Backflip"],"picked":"Leg Sweep","floor":22},{"not_picked":["Riddle With Holes+1","Cloak And Dagger+1"],"picked":"Noxious Fumes+1","floor":23}],"player_experience":1265772,"relics_obtained":[{"floor":8.0,"key":"Incense Burner"},{"floor":9.0,"key":"Gremlin Horn"},{"floor":23,"key":"Happy Flower"}],"event_choices":[{"damage_healed":0.0,"max_hp_gain":0.0,"max_hp_loss":0.0,"gold_gain":0.0,"event_name":"Scrap Ooze","player_choice":"Success","floor":3.0,"gold_loss":0.0,"damage_taken":18.0,"relics_obtained":["Smiling Mask"]},{"cards_removed":["Malaise"],"damage_healed":15.0,"max_hp_gain":10.0,"max_hp_loss":0.0,"gold_gain":0.0,"event_name":"Bonfire Elementals","player_choice":"Offered Rare","floor":19.0,"gold_loss":0.0,"damage_taken":0.0},{"cards_removed":["Leg Sweep"],"damage_healed":0,"gold_gain":0,"player_choice":"Gave Card","damage_taken":0,"relics_obtained":["Darkstone Periapt"],"max_hp_gain":0,"max_hp_loss":0,"event_name":"WeMeetAgain","floor":24,"gold_loss":0},{"damage_healed":0,"gold_gain":0,"player_choice":"Became a Ghost","damage_taken":0,"max_hp_gain":0,"max_hp_loss":38,"event_name":"Ghosts","floor":27,"gold_loss":0,"cards_obtained":["Ghostly","Ghostly","Ghostly"]}],"is_beta":false,"boss_relics":[{"not_picked":["Fusion Hammer","WristBlade"],"picked":"Velvet Choker"}],"items_purged_floors":[5,21,25],"is_endless":false,"potions_floor_spawned":[2,8,12,14,18,22],"killed_by":"Centurion and Healer","ascension_level":20}}