{"host":"lip44byzewa3adv8","time":1611103862,"event":{"mods":["BaseMod","Curses Come First","Minty Spire (QoL Compilation)","Relic Sorter","Relic Stats","ShortenTheSpire","StSLib","Synergy Search"],"gold_per_floor":[111,125,141,160,178,212,212,232,232,232,257,276,293,29,29,131,131,170,185,225,18,74,74,119,119,142,168,168,168],"floor_reached":28,"language":"ENG","playtime":2966,"items_purged":["Strike_G"],"score":384,"play_id":"2bfde2db-c751-44a4-8246-10832bec4aa1","local_time":"20210119195102","is_ascension_mode":true,"campfire_choices":[{"floor":7.0,"key":"DIG"},{"floor":10.0,"key":"DIG"},{"floor":15,"key":"DIG"},{"floor":23,"key":"REST"},{"floor":25,"key":"DIG"}],"circlet_count":0,"master_deck":["Strike_G","Strike_G","Strike_G","Strike_G","Defend_G","Defend_G","Defend_G","Defend_G","Defend_G","Survivor","Neutralize","PiercingWail","All Out Attack","Footwork","Leg Sweep","Dodge and Roll","Crippling Poison","Leg Sweep","Dodge and Roll","Caltrops","Footwork","HandOfGreed","Tools of the Trade","CurseOfTheBell","Deadly Poison","PiercingWail","Die Die Die","Footwork","Footwork","Dash"],"relics":["SlaversCollar","Shovel","PreservedInsect","The Courier","Paper Crane","Matryoshka","Pantograph","Calling Bell","Regal Pillow","Question Card","Dead Branch","Meat on the Bone","Centennial Puzzle","Pen Nib","Strawberry","Vajra","Toy Ornithopter"],"acts_visited":["Exordium","TheCity"],"potions_floor_usage":[24,24],"damage_taken":[{"damage":0.0,"enemies":"Cultist","floor":1.0,"turns":6.0},{"damage":10.0,"enemies":"Jaw Worm","floor":2.0,"turns":5.0},{"damage":1.0,"enemies":"2 Louse","floor":3.0,"turns":4.0},{"damage":1.0,"enemies":"Looter","floor":4.0,"turns":5.0},{"damage":0.0,"enemies":"Red Slaver","floor":5.0,"turns":7.0},{"damage":3.0,"enemies":"Lagavulin","floor":6.0,"turns":9.0},{"damage":2.0,"enemies":"Blue Slaver","floor":8.0,"turns":9.0},{"damage":0,"enemies":"3 Sentries","floor":11,"turns":9},{"damage":2,"enemies":"3 Louse","floor":12,"turns":5},{"damage":7,"enemies":"Large Slime","floor":13,"turns":9},{"damage":15,"enemies":"The Guardian","floor":16,"turns":24},{"damage":3,"enemies":"Spheric Guardian","floor":18,"turns":12},{"damage":10,"enemies":"Chosen","floor":19,"turns":9},{"damage":21,"enemies":"Snake Plant","floor":20,"turns":6},{"damage":34,"enemies":"Centurion and Healer","floor":22,"turns":24},{"damage":6,"enemies":"Slavers","floor":24,"turns":7},{"damage":43,"enemies":"Gremlin Leader","floor":27,"turns":7},{"damage":24,"enemies":"Sentry and Sphere","floor":28,"turns":7}],"seed_played":"-3323866430403776733","potions_obtained":[{"floor":4.0,"key":"Poison Potion"},{"floor":5.0,"key":"SteroidPotion"},{"floor":11,"key":"SpeedPotion"},{"floor":20,"key":"FearPotion"},{"floor":22,"key":"DistilledChaos"}],"is_trial":false,"path_per_floor":["M","M","M","M","M","E","R","M","T","R","E","M","M","$","R","B",null,"M","M","M","$","M","R","E","R","T","E","M"],"character_chosen":"THE_SILENT","items_purchased":["Footwork","HandOfGreed","Meat on the Bone"],"campfire_rested":1,"item_purchase_floors":[14,14,21],"current_hp_per_floor":[70,60,59,58,58,55,55,53,53,53,53,51,44,44,44,54,70,67,57,36,36,14,50,44,44,51,20,0,0],"gold":168,"neow_bonus":"BOSS_RELIC","is_daily":false,"chose_seed":false,"campfire_upgraded":0,"win_rate":0.0,"timestamp":1611103862,"path_taken":["M","M","M","M","M","E","R","M","T","R","E","M","M","$","R","BOSS","M","M","M","$","?","R","E","R","T","E","M"],"items_purchased_type":["Card","Card","Relic"],"build_version":"2020-12-22","purchased_purges":1,"victory":false,"max_hp_per_floor":[70,70,70,70,70,70,70,70,70,70,70,70,70,70,70,70,70,70,70,70,70,70,70,70,70,77,77,77,77],"relic_stats":{"Regal Pillow":15,"Centennial Puzzle":[6],"Shovel":4,"counters":[18,164],"Pantograph":25,"Dead Branch":[33],"PreservedInsect":119,"Pen Nib":[1],"Question Card":6,"obtain_stats":[{"Regal Pillow":17,"Dead Branch":17,"Vajra":26,"PreservedInsect":7,"The Courier":9,"Pen Nib":25,"Paper Crane":10,"Question Card":17,"Calling Bell":17,"SlaversCollar":0,"Centennial Puzzle":24,"Shovel":6,"Matryoshka":11,"Pantograph":15,"Strawberry":26,"Toy Ornithopter":27,"Ring of the Snake":0,"Meat on the Bone":21},{"Regal Pillow":11,"Dead Branch":11,"Vajra":16,"PreservedInsect":6,"The Courier":7,"Pen Nib":16,"Paper Crane":7,"Question Card":11,"Calling Bell":11,"SlaversCollar":0,"Centennial Puzzle":16,"Shovel":6,"Matryoshka":8,"Pantograph":10,"Strawberry":16,"Toy Ornithopter":17,"Ring of the Snake":0,"Meat on the Bone":14},{"Regal Pillow":92,"Dead Branch":92,"Vajra":150,"PreservedInsect":36,"The Courier":45,"Pen Nib":150,"Paper Crane":45,"Question Card":92,"Calling Bell":92,"SlaversCollar":0,"Centennial Puzzle":150,"Shovel":36,"Matryoshka":54,"Pantograph":68,"Strawberry":150,"Toy Ornithopter":157,"Ring of the Snake":0,"Meat on the Bone":119}],"Toy Ornithopter":0,"Meat on the Bone":24},"card_choices":[{"not_picked":["Poisoned Stab","All Out Attack"],"picked":"PiercingWail","floor":1.0},{"not_picked":["Deadly Poison","Eviscerate"],"picked":"All Out Attack","floor":2.0},{"not_picked":["Flechettes","Sucker Punch"],"picked":"Footwork","floor":3.0},{"not_picked":["Deadly Poison","Endless Agony"],"picked":"Leg Sweep","floor":4.0},{"not_picked":["Cloak And Dagger","Blade Dance"],"picked":"Dodge and Roll","floor":5.0},{"not_picked":["Infinite Blades","Eviscerate"],"picked":"Crippling Poison","floor":6.0},{"not_picked":["Blade Dance","Cloak And Dagger"],"picked":"Leg Sweep","floor":8.0},{"not_picked":["Poisoned Stab","Grand Finale"],"picked":"Dodge and Roll","floor":11},{"not_picked":["Dash","Infinite Blades"],"picked":"Caltrops","floor":12},{"not_picked":["Slice","Acrobatics","Cloak And Dagger"],"picked":"SKIP","floor":13},{"not_picked":["Wraith Form v2","Grand Finale"],"picked":"Tools of the Trade","floor":16},{"not_picked":["Backstab+1","Slice","Distraction"],"picked":"Deadly Poison","floor":18},{"not_picked":["Prepared","Quick Slash+1","Underhanded Strike"],"picked":"PiercingWail","floor":19},{"not_picked":["Deadly Poison","Flechettes+1","Sucker Punch"],"picked":"Die Die Die","floor":20},{"not_picked":["Endless Agony","Predator+1","Poisoned Stab"],"picked":"Footwork","floor":22},{"not_picked":["Night Terror","Expertise","All Out Attack"],"picked":"Footwork","floor":24},{"not_picked":["Catalyst+1","Heel Hook","Dagger Spray"],"picked":"Dash","floor":27}],"player_experience":723328,"relics_obtained":[{"floor":6.0,"key":"Shovel"},{"floor":7.0,"key":"PreservedInsect"},{"floor":9.0,"key":"The Courier"},{"floor":10.0,"key":"Paper Crane"},{"floor":11,"key":"Matryoshka"},{"floor":15,"key":"Pantograph"},{"floor":17,"key":"Regal Pillow"},{"floor":17,"key":"Question Card"},{"floor":17,"key":"Dead Branch"},{"floor":24,"key":"Centennial Puzzle"},{"floor":25,"key":"Pen Nib"},{"floor":26,"key":"Strawberry"},{"floor":26,"key":"Vajra"},{"floor":27,"key":"Toy Ornithopter"}],"event_choices":[],"is_beta":false,"boss_relics":[{"not_picked":["Snecko Eye","Cursed Key"],"picked":"Calling Bell"}],"items_purged_floors":[14],"is_endless":false,"potions_floor_spawned":[4,5,11,20,22],"killed_by":"Sentry and Sphere","ascension_level":4}}