{"host":"ÇïÍ¥»¨¿ªÃÎÀïÏã","time":1611159822,"event":{"mods":["ATMod(°¢èªMod)","BaseMod","Challenge The Spire","Custom Start","DeckTracker","Minty Spire (QoL Compilation)","Quick Restart","Relic Stats","StSLib"],"gold_per_floor":[114,114,130,130,146,178,178,178,178,213,236,263,37,53,53,150,150,161,86,103,132,132,132,151,179,230,243,269,281,281,281,281,376,376,389,399,416,213,228,228,259,481,481,431,466,466,466,482,482,482,482,482,46,76,76],"floor_reached":56,"language":"ZHS","playtime":2361,"items_purged":["Strike_G","Strike_G","Strike_G","Defend_G"],"score":1882,"play_id":"ccf13ae5-545e-418b-b579-eefce1ac83c9","local_time":"20210121002342","is_ascension_mode":false,"campfire_choices":[{"data":"AT_DivineConfetti","floor":7.0,"key":"SMITH"},{"data":"Neutralize","floor":15.0,"key":"SMITH"},{"data":"AT_EmpoweredMortalDraw","floor":23.0,"key":"SMITH"},{"data":"AT_ArcaneSupremacy","floor":30.0,"key":"SMITH"},{"data":"Blade Dance","floor":32.0,"key":"SMITH"},{"data":"Calculated Gamble","floor":40.0,"key":"SMITH"},{"floor":46.0,"key":"RECALL"},{"data":"Calculated Gamble","floor":49.0,"key":"SMITH"},{"data":"Terror","floor":52.0,"key":"SMITH"}],"circlet_count":0,"master_deck":["Defend_G","Defend_G","Defend_G","Survivor","Neutralize+1","AT_DivineConfetti+1","Deflect","Terror+1","Calculated Gamble+1","AT_ArcaneSupremacy+1","After Image","AT_EmpoweredMortalDraw+1","Tactician+1","Backflip","Backflip+1","Calculated Gamble+1","Blade Dance+1","Cloak And Dagger+1","Well Laid Plans+1","Acrobatics+1","Acrobatics+1","Prepared+1","Well Laid Plans+1"],"relics":["Ring of the Snake","AT_ATBox","FossilizedHelix","AT_Kusabimaru","MawBank","Sundial","AT_MortalBlade","Red Mask","Smiling Mask","PreservedInsect","Molten Egg 2","WristBlade","Membership Card","Mercury Hourglass","White Beast Statue","Pear","Letter Opener","AT_LudenTempest","Toolbox","Whetstone"],"acts_visited":["Exordium","TheCity","TheBeyond","TheEnding"],"potions_floor_usage":[55,55,55],"damage_taken":[{"damage":3.0,"enemies":"Jaw Worm","floor":1.0,"turns":5.0},{"damage":0.0,"enemies":"2 Louse","floor":3.0,"turns":3.0},{"damage":0.0,"enemies":"Cultist","floor":5.0,"turns":3.0},{"damage":9.0,"enemies":"3 Sentries","floor":6.0,"turns":13.0},{"damage":0.0,"enemies":"Gremlin Nob","floor":10.0,"turns":2.0},{"damage":0.0,"enemies":"Exordium Wildlife","floor":11.0,"turns":5.0},{"damage":0.0,"enemies":"Gremlin Gang","floor":12.0,"turns":5.0},{"damage":1.0,"enemies":"Exordium Thugs","floor":14.0,"turns":4.0},{"damage":0.0,"enemies":"The Guardian","floor":16.0,"turns":9.0},{"damage":0.0,"enemies":"Chosen","floor":18.0,"turns":3.0},{"damage":0.0,"enemies":"3 Byrds","floor":20.0,"turns":1.0},{"damage":0.0,"enemies":"Masked Bandits","floor":21.0,"turns":1.0},{"damage":0.0,"enemies":"Centurion and Healer","floor":24.0,"turns":1.0},{"damage":0.0,"enemies":"Book of Stabbing","floor":25.0,"turns":1.0},{"damage":0.0,"enemies":"Shelled Parasite and Fungi","floor":27.0,"turns":2.0},{"damage":0.0,"enemies":"Slavers","floor":28.0,"turns":1.0},{"damage":0.0,"enemies":"Snake Plant","floor":29.0,"turns":1.0},{"damage":9.0,"enemies":"Automaton","floor":33.0,"turns":8.0},{"damage":0.0,"enemies":"3 Darklings","floor":35.0,"turns":1.0},{"damage":0.0,"enemies":"Orb Walker","floor":36.0,"turns":2.0},{"damage":0.0,"enemies":"Transient","floor":37.0,"turns":5.0},{"damage":0.0,"enemies":"Sphere and 2 Shapes","floor":39.0,"turns":1.0},{"damage":0.0,"enemies":"Nemesis","floor":41.0,"turns":3.0},{"damage":0.0,"enemies":"Giant Head","floor":45.0,"turns":4.0},{"damage":0.0,"enemies":"Writhing Mass","floor":48.0,"turns":2.0},{"damage":0.0,"enemies":"Awakened One","floor":50.0,"turns":5.0},{"damage":0.0,"enemies":"Shield and Spear","floor":54.0,"turns":2.0},{"damage":13,"enemies":"The Heart","floor":55,"turns":5}],"seed_played":"4671225554102120556","potions_obtained":[{"floor":1.0,"key":"Explosive Potion"},{"floor":3.0,"key":"CunningPotion"},{"floor":8.0,"key":"Fire Potion"},{"floor":8.0,"key":"CunningPotion"},{"floor":12.0,"key":"CunningPotion"},{"floor":16.0,"key":"LiquidMemories"},{"floor":18.0,"key":"Block Potion"},{"floor":20.0,"key":"Energy Potion"},{"floor":25.0,"key":"Regen Potion"},{"floor":48.0,"key":"Block Potion"},{"floor":54.0,"key":"PowerPotion"}],"is_trial":false,"path_per_floor":["M","?","M","?","M","E","R","?","T","E","M","M","$","M","R","B",null,"M","$","M","?","?","R","M","E","T","M","E","M","R","T","R","B",null,"M","M","M","$","M","R","E","?","T","$","E","R","?","M","R","B",null,"R","$","E","B",null],"character_chosen":"THE_SILENT","items_purchased":["Sundial","Membership Card","Letter Opener","AT_LudenTempest","Toolbox","Regen Potion"],"campfire_rested":0,"item_purchase_floors":[13,38,53,53,53,53],"current_hp_per_floor":[46,39,39,39,39,30,30,30,30,30,30,30,30,29,29,29,70,70,70,70,70,57,57,57,57,57,57,57,57,57,57,57,48,75,75,75,75,75,75,75,75,75,75,75,85,85,85,85,85,85,85,85,85,85,82],"gold":76,"neow_bonus":"TRANSFORM_TWO_CARDS","is_daily":false,"chose_seed":false,"campfire_upgraded":8,"win_rate":0.0,"timestamp":1611159822,"path_taken":["M","?","M","?","?","E","R","?","T","E","M","M","$","M","R","BOSS","M","$","?","?","?","R","M","E","T","M","E","M","R","?","R","BOSS","M","M","M","?","M","R","E","?","T","$","E","R","?","?","R","BOSS","R","$","E","BOSS"],"items_purchased_type":["Relic","Relic","Relic","Relic","Relic","Potion"],"build_version":"2020-12-18","purchased_purges":4,"victory":true,"max_hp_per_floor":[70,70,70,70,70,70,70,70,70,70,70,70,70,70,70,70,70,70,70,70,70,75,75,75,75,75,75,75,75,75,75,75,75,75,75,75,75,75,75,75,75,75,75,75,85,85,85,85,85,85,85,85,85,85,85],"relic_stats":{"counters":[28,98],"Sundial":[20],"PreservedInsect":240,"Letter Opener":[45],"Whetstone":[],"MawBank":36,"Smiling Mask":38,"obtain_stats":[{"AT_ATBox":0,"Pear":45,"AT_MortalBlade":17,"PreservedInsect":28,"Letter Opener":53,"Whetstone":54,"MawBank":10,"Smiling Mask":25,"White Beast Statue":43,"Mercury Hourglass":41,"AT_LudenTempest":53,"AT_Kusabimaru":9,"WristBlade":34,"Sundial":13,"Toolbox":53,"Molten Egg 2":31,"Red Mask":21,"Membership Card":38,"FossilizedHelix":6,"Ring of the Snake":0},{"AT_ATBox":0,"Pear":24,"AT_MortalBlade":9,"PreservedInsect":16,"Letter Opener":26,"Whetstone":27,"MawBank":5,"Smiling Mask":14,"White Beast Statue":23,"Mercury Hourglass":23,"AT_LudenTempest":26,"AT_Kusabimaru":4,"WristBlade":18,"Sundial":7,"Toolbox":26,"Molten Egg 2":17,"Red Mask":12,"Membership Card":21,"FossilizedHelix":4,"Ring of the Snake":0},{"AT_ATBox":0,"Pear":84,"AT_MortalBlade":49,"PreservedInsect":59,"Letter Opener":91,"Whetstone":93,"MawBank":26,"Smiling Mask":56,"White Beast Statue":80,"Mercury Hourglass":80,"AT_LudenTempest":91,"AT_Kusabimaru":24,"WristBlade":68,"Sundial":36,"Toolbox":91,"Molten Egg 2":60,"Red Mask":54,"Membership Card":76,"FossilizedHelix":24,"Ring of the Snake":0}],"Ring of the Snake":[56],"Mercury Hourglass":[63]},"card_choices":[{"not_picked":["Terror","Outmaneuver"],"picked":"Calculated Gamble","floor":1.0},{"not_picked":["Dagger Throw","Flying Knee","Slice"],"picked":"SKIP","floor":3.0},{"not_picked":["Bouncing Flask","Outmaneuver","Acrobatics"],"picked":"SKIP","floor":5.0},{"not_picked":["Dagger Throw","Quick Slash","Deflect"],"picked":"SKIP","floor":6.0},{"not_picked":["Dagger Throw","Quick Slash","Deflect"],"picked":"SKIP","floor":6.0},{"not_picked":["Unload","Blur","Corpse Explosion"],"picked":"SKIP","floor":10.0},{"not_picked":["Dagger Throw","Bane","AT_ShadowStep"],"picked":"SKIP","floor":11.0},{"not_picked":["Choke","Dagger Spray"],"picked":"AT_ArcaneSupremacy","floor":12.0},{"not_picked":["Poisoned Stab","Glass Knife","Leg Sweep"],"picked":"SKIP","floor":14.0},{"not_picked":["Tools of the Trade","Malaise"],"picked":"After Image","floor":16.0},{"not_picked":["Prepared","Quick Slash+1"],"picked":"Tactician+1","floor":18.0},{"not_picked":["Deflect","Slice"],"picked":"Backflip","floor":20.0},{"not_picked":["Quick Slash","Deflect"],"picked":"Backflip+1","floor":21.0},{"not_picked":["Slice+1","Poisoned Stab+1"],"picked":"Calculated Gamble","floor":24.0},{"not_picked":["Blur","Noxious Fumes","Outmaneuver"],"picked":"SKIP","floor":25.0},{"not_picked":["Skewer","Sucker Punch"],"picked":"Blade Dance","floor":27.0},{"not_picked":["Backflip","Underhanded Strike+1"],"picked":"Cloak And Dagger+1","floor":28.0},{"not_picked":["Masterful Stab","Eviscerate","Outmaneuver"],"picked":"SKIP","floor":29.0},{"not_picked":["Skewer+1","Sucker Punch+1","AT_WindFlip+1"],"picked":"SKIP","floor":35.0},{"not_picked":["Dodge and Roll","Prepared"],"picked":"Well Laid Plans+1","floor":36.0},{"not_picked":["Dagger Throw+1","Cloak And Dagger"],"picked":"Acrobatics+1","floor":37.0},{"not_picked":["Terror+1","Quick Slash+1","AT_ArcaneSupremacy+1"],"picked":"SKIP","floor":39.0},{"not_picked":["Bullet Time","AT_KneejerkReflex","Noxious Fumes+1"],"picked":"SKIP","floor":41.0},{"not_picked":["Slice+1","Flying Knee+1","Outmaneuver"],"picked":"SKIP","floor":45.0},{"not_picked":["AT_WindRun","Dagger Throw+1"],"picked":"Prepared+1","floor":48.0},{"not_picked":["Cloak And Dagger+1","Bullet Time"],"picked":"Well Laid Plans+1","floor":54.0}],"player_experience":482119,"relics_obtained":[{"floor":6.0,"key":"FossilizedHelix"},{"floor":9.0,"key":"AT_Kusabimaru"},{"floor":10.0,"key":"MawBank"},{"floor":21.0,"key":"Red Mask"},{"floor":25.0,"key":"Smiling Mask"},{"floor":28.0,"key":"PreservedInsect"},{"floor":31.0,"key":"Molten Egg 2"},{"floor":41.0,"key":"Mercury Hourglass"},{"floor":43.0,"key":"White Beast Statue"},{"floor":45.0,"key":"Pear"},{"floor":54.0,"key":"Whetstone"}],"event_choices":[{"cards_removed":["Defend_G"],"damage_healed":0.0,"max_hp_gain":0.0,"max_hp_loss":0.0,"gold_gain":0.0,"event_name":"Golden Wing","player_choice":"Card Removal","floor":2.0,"gold_loss":0.0,"damage_taken":7.0},{"damage_healed":0.0,"max_hp_gain":0.0,"max_hp_loss":0.0,"gold_gain":0.0,"event_name":"NoteForYourself","player_choice":"Ignored","floor":4.0,"gold_loss":0.0,"damage_taken":0.0},{"damage_healed":0.0,"max_hp_gain":0.0,"max_hp_loss":0.0,"gold_gain":0.0,"event_name":"Lab","player_choice":"Got Potions","floor":8.0,"gold_loss":0.0,"damage_taken":0.0},{"damage_healed":0.0,"max_hp_gain":0.0,"max_hp_loss":0.0,"gold_gain":0.0,"event_name":"Masked Bandits","player_choice":"Fought Bandits","floor":21.0,"gold_loss":0.0,"damage_taken":0.0},{"damage_healed":0.0,"max_hp_gain":5.0,"max_hp_loss":0.0,"gold_gain":0.0,"event_name":"Forgotten Altar","player_choice":"Shed Blood","floor":22.0,"gold_loss":0.0,"damage_taken":18.0},{"damage_healed":0.0,"max_hp_gain":0.0,"max_hp_loss":0.0,"gold_gain":222.0,"event_name":"Tomb of Lord Red Mask","player_choice":"Wore Mask","floor":42.0,"gold_loss":0.0,"damage_taken":0.0},{"damage_healed":0.0,"max_hp_gain":0.0,"max_hp_loss":0.0,"gold_gain":0.0,"event_name":"Duplicator","player_choice":"Copied","floor":47.0,"gold_loss":0.0,"damage_taken":0.0,"cards_obtained":["Acrobatics"]}],"is_beta":true,"boss_relics":[{"not_picked":["Empty Cage","Sozu"],"picked":"AT_MortalBlade"},{"not_picked":["Coffee Dripper","Runic Dome"],"picked":"WristBlade"}],"items_purged_floors":[19,38,44,53],"is_endless":false,"potions_floor_spawned":[1,3,12,16,18,20,25,33,36,39,45,48,54],"ascension_level":0}}