{"host":"rjbqai8ni6dsiu37","time":1611156656,"event":{"mods":["100% Spire Juice","BaseMod","CapriCore","Lobotomy","Minty Spire (QoL Compilation)","StSLib","The Poker Player","WarShipGirlsR/??á´Ò³R mod"],"gold_per_floor":[111,111,129,129,146,146,171,96,150,162,187,187,219,233,233,333,333,333,333,333,333,333,333,333,333,333,333,333,333,333,333,333,333,333,333,333,333,79,79,79,79,79,79,79,79,79,79,19,19,19,19,19,19,19,19,19],"floor_reached":55,"language":"KOR","playtime":1942,"items_purged":["rmod:strick"],"score":1274,"play_id":"20664a0a-5bcb-499b-8927-ce8f3073859f","local_time":"20210121003056","is_ascension_mode":true,"campfire_choices":[{"data":"rmod:aviationdawn","floor":6.0,"key":"SMITH"},{"data":"rmod:aviationdawn","floor":12.0,"key":"SMITH"},{"data":"rmod:robin","floor":15.0,"key":"SMITH"},{"data":"rmod:ridicule","floor":29.0,"key":"SMITH"},{"data":"rmod:royalracing","floor":32.0,"key":"SMITH"},{"floor":41.0,"key":"RECALL"},{"data":"rmod:supportescort","floor":46.0,"key":"SMITH"},{"data":"rmod:victimresponsibility","floor":49.0,"key":"SMITH"},{"data":"rmod:basicallowance","floor":52.0,"key":"SMITH"}],"circlet_count":0,"master_deck":["rmod:strick","rmod:strick","rmod:strick","rmod:defend","rmod:defend","rmod:defend","rmod:defend","rmod:basicallowance+1","rmod:maingunfire","rmod:supportaircraftcarrier+1","rmod:aviationdawn+1","rmod:aviationdawn+1","rmod:royalracing+1","rmod:mineteam","rmod:robin+1","rmod:ridicule+1","rmod:supportescort+1","rmod:aluminumsupply+1","rmod:victimresponsibility+1","rmod:aviationdawn+1","rmod:ridicule+1","rmod:royalracing+1","rmod:openingtorpedo"],"relics":["rmod:firstchargereward","MealTicket","Vajra","PreservedInsect","White Beast Statue","Ectoplasm","Toy Ornithopter","MutagenicStrength","Toxic Egg 2","rmod:monthlycard","Lizard Tail","Bottled Lightning","Bag of Preparation","Pantograph","Torii"],"acts_visited":["Exordium","TheCity","TheBeyond","TheEnding"],"potions_floor_usage":[55],"damage_taken":[{"damage":5.0,"enemies":"Small Slimes","floor":1.0,"turns":3.0},{"damage":0.0,"enemies":"Jaw Worm","floor":3.0,"turns":3.0},{"damage":3.0,"enemies":"Cultist","floor":5.0,"turns":4.0},{"damage":17.0,"enemies":"Lagavulin","floor":7.0,"turns":5.0},{"damage":0.0,"enemies":"Exordium Wildlife","floor":10.0,"turns":2.0},{"damage":0.0,"enemies":"Gremlin Nob","floor":11.0,"turns":2.0},{"damage":0.0,"enemies":"2 Fungi Beasts","floor":13.0,"turns":2.0},{"damage":9.0,"enemies":"Blue Slaver","floor":14.0,"turns":3.0},{"damage":12.0,"enemies":"Slime Boss","floor":16.0,"turns":4.0},{"damage":0.0,"enemies":"Spheric Guardian","floor":18.0,"turns":2.0},{"damage":0.0,"enemies":"3 Byrds","floor":19.0,"turns":3.0},{"damage":7.0,"enemies":"Centurion and Healer","floor":20.0,"turns":2.0},{"damage":18.0,"enemies":"Snecko","floor":22.0,"turns":4.0},{"damage":22.0,"enemies":"Book of Stabbing","floor":23.0,"turns":3.0},{"damage":0.0,"enemies":"3 Cultists","floor":24.0,"turns":3.0},{"damage":0.0,"enemies":"Sentry and Sphere","floor":25.0,"turns":2.0},{"damage":0.0,"enemies":"Shelled Parasite and Fungi","floor":30.0,"turns":2.0},{"damage":3.0,"enemies":"Snake Plant","floor":31.0,"turns":3.0},{"damage":0.0,"enemies":"Champ","floor":33.0,"turns":6.0},{"damage":0.0,"enemies":"Orb Walker","floor":35.0,"turns":1.0},{"damage":0.0,"enemies":"3 Shapes","floor":37.0,"turns":1.0},{"damage":0.0,"enemies":"Spire Growth","floor":39.0,"turns":1.0},{"damage":0.0,"enemies":"Nemesis","floor":40.0,"turns":2.0},{"damage":0.0,"enemies":"Writhing Mass","floor":42.0,"turns":2.0},{"damage":0.0,"enemies":"Jaw Worm Horde","floor":45.0,"turns":1.0},{"damage":30.0,"enemies":"Transient","floor":47.0,"turns":5.0},{"damage":0.0,"enemies":"Donu and Deca","floor":50.0,"turns":4.0},{"damage":0.0,"enemies":"Shield and Spear","floor":54.0,"turns":2.0},{"damage":110,"enemies":"The Heart","floor":55,"turns":5}],"seed_played":"-6523256976341808362","potions_obtained":[{"floor":5.0,"key":"Weak Potion"},{"floor":7.0,"key":"Block Potion"},{"floor":11.0,"key":"CultistPotion"},{"floor":13.0,"key":"Ancient Potion"},{"floor":14.0,"key":"ColorlessPotion"},{"floor":16.0,"key":"Fire Potion"},{"floor":18.0,"key":"Swift Potion"},{"floor":19.0,"key":"Strength Potion"},{"floor":20.0,"key":"Energy Potion"},{"floor":22.0,"key":"AttackPotion"},{"floor":23.0,"key":"SteroidPotion"},{"floor":24.0,"key":"Swift Potion"},{"floor":25.0,"key":"SneckoOil"},{"floor":30.0,"key":"Dexterity Potion"},{"floor":31.0,"key":"SkillPotion"},{"floor":33.0,"key":"Energy Potion"},{"floor":35.0,"key":"SkillPotion"},{"floor":37.0,"key":"Swift Potion"},{"floor":39.0,"key":"SkillPotion"},{"floor":40.0,"key":"Strength Potion"},{"floor":42.0,"key":"Explosive Potion"},{"floor":45.0,"key":"ColorlessPotion"},{"floor":47.0,"key":"ColorlessPotion"},{"floor":54.0,"key":"Swift Potion"}],"is_trial":false,"path_per_floor":["M","?","M","?","M","R","E","$","T","M","E","R","M","M","R","B",null,"M","M","M","?","M","E","M","M","T","?","T","R","M","M","R","B",null,"M","?","M","$","M","E","R","M","T","$","M","R","M","?","R","B",null,"R","$","E","B"],"character_chosen":"PRAEFECT","items_purchased":["Bottled Lightning"],"campfire_rested":0,"item_purchase_floors":[38],"current_hp_per_floor":[63,60,60,60,57,57,40,55,55,55,55,55,55,46,46,34,65,65,65,58,58,40,18,23,28,28,28,28,28,28,25,25,40,66,66,66,66,75,75,75,75,75,75,75,75,75,45,45,45,70,72,72,72,72,0,0],"gold":19,"neow_bonus":"THREE_CARDS","is_daily":false,"chose_seed":false,"campfire_upgraded":8,"win_rate":0.0,"timestamp":1611156656,"path_taken":["M","?","M","?","M","R","E","?","T","M","E","R","?","M","R","BOSS","M","M","M","?","M","E","M","M","T","?","?","R","?","M","R","BOSS","M","?","M","$","M","E","R","M","T","$","?","R","M","?","R","BOSS","R","$","E","BOSS"],"items_purchased_type":["Relic"],"build_version":"2020-12-22","purchased_purges":1,"victory":false,"max_hp_per_floor":[75,75,75,75,75,75,75,75,75,75,75,75,75,75,75,75,75,75,75,75,75,75,75,75,75,75,75,75,75,75,75,75,75,75,75,75,75,75,75,75,75,75,75,75,75,75,75,72,72,72,72,72,72,72,72,72],"card_choices":[{"not_picked":["rmod:highspeedshooting","rmod:sl"],"picked":"rmod:supportaircraftcarrier","floor":0.0},{"not_picked":["rmod:steelsupply","rmod:circuitoustactics"],"picked":"rmod:aviationdawn","floor":1.0},{"not_picked":["rmod:aluminumsupply","rmod:fletcherpendant","rmod:overbreakdown"],"picked":"SKIP","floor":3.0},{"not_picked":["rmod:wife","rmod:aluminumsupply","rmod:ammunitionsupply"],"picked":"SKIP","floor":5.0},{"not_picked":["rmod:circuitoustactics","rmod:gendarmerie","rmod:punchline"],"picked":"SKIP","floor":7.0},{"not_picked":["rmod:steelsupply","rmod:tearstotiara"],"picked":"rmod:aviationdawn","floor":10.0},{"not_picked":["rmod:mineteam","rmod:diamondstrike"],"picked":"rmod:royalracing","floor":11.0},{"not_picked":["rmod:firesupport","rmod:aviationdawn"],"picked":"rmod:mineteam","floor":13.0},{"not_picked":["rmod:aviationdawn","rmod:stealaluminum"],"picked":"rmod:robin","floor":14.0},{"not_picked":["rmod:supriseattacks","rmod:secretscript"],"picked":"rmod:ridicule","floor":16.0},{"not_picked":["rmod:gendarmerie","rmod:highspeedshooting+1","rmod:selfconfidence"],"picked":"SKIP","floor":18.0},{"not_picked":["rmod:lonelyqueen","rmod:circuitoustactics","rmod:fletcherpendant"],"picked":"SKIP","floor":19.0},{"not_picked":["rmod:aggressivemary","rmod:overbreakdown","rmod:firesupport"],"picked":"SKIP","floor":20.0},{"not_picked":["rmod:chargemoney+1","rmod:fuelsupply","rmod:expedition"],"picked":"SKIP","floor":22.0},{"not_picked":["rmod:steelsupply","rmod:bulid"],"picked":"rmod:supportescort","floor":23.0},{"not_picked":["rmod:highspeedshooting+1","rmod:firesupport"],"picked":"rmod:aluminumsupply+1","floor":24.0},{"not_picked":["rmod:secretscript","rmod:ammunitionsupply+1"],"picked":"rmod:victimresponsibility","floor":25.0},{"not_picked":["rmod:diamondstrike","rmod:fletcherpendant"],"picked":"rmod:aviationdawn+1","floor":30.0},{"not_picked":["rmod:highspeedshooting","rmod:combined+1","rmod:guardianhero+1"],"picked":"SKIP","floor":31.0},{"not_picked":["rmod:desperatesituation","rmod:supriseattacks+1"],"picked":"rmod:ridicule+1","floor":33.0},{"not_picked":["rmod:tearstotiara","rmod:firesupport"],"picked":"rmod:royalracing+1","floor":35.0},{"not_picked":["rmod:ring+1","rmod:highspeedshooting+1","rmod:robin+1"],"picked":"SKIP","floor":37.0},{"not_picked":["rmod:steelsupply+1","rmod:ammunitionsupply+1","rmod:goodsister+1"],"picked":"SKIP","floor":39.0},{"not_picked":["rmod:windflower+1","rmod:intelligenceanalysis","rmod:diamondstrike+1"],"picked":"SKIP","floor":40.0},{"not_picked":["rmod:aviationdawn+1","rmod:steelsupply+1","rmod:ring+1"],"picked":"SKIP","floor":42.0},{"not_picked":["rmod:unsinkable+1","rmod:luckystar+1","rmod:tearstotiara+1"],"picked":"SKIP","floor":45.0},{"not_picked":["rmod:guardianhero+1","rmod:ammunitionsupply+1"],"picked":"rmod:openingtorpedo","floor":47.0},{"not_picked":["rmod:advancebysurprise+1","rmod:combined+1","rmod:steelsupply+1"],"picked":"SKIP","floor":54.0}],"player_experience":191297,"relics_obtained":[{"floor":7.0,"key":"Vajra"},{"floor":9.0,"key":"PreservedInsect"},{"floor":11.0,"key":"White Beast Statue"},{"floor":23.0,"key":"Toy Ornithopter"},{"floor":28.0,"key":"Toxic Egg 2"},{"floor":40.0,"key":"Bag of Preparation"},{"floor":43.0,"key":"Pantograph"},{"floor":54.0,"key":"Torii"}],"event_choices":[{"damage_healed":0.0,"max_hp_gain":0.0,"max_hp_loss":0.0,"gold_gain":0.0,"event_name":"Scrap Ooze","player_choice":"Success","floor":2.0,"gold_loss":0.0,"damage_taken":3.0,"relics_obtained":["MealTicket"]},{"damage_healed":0.0,"max_hp_gain":0.0,"max_hp_loss":0.0,"gold_gain":0.0,"event_name":"Living Wall","player_choice":"Grow","floor":4.0,"gold_loss":0.0,"damage_taken":0.0,"cards_upgraded":["rmod:supportaircraftcarrier"]},{"damage_healed":0.0,"max_hp_gain":0.0,"max_hp_loss":0.0,"gold_gain":0.0,"event_name":"Drug Dealer","player_choice":"Inject Mutagens","floor":27.0,"gold_loss":0.0,"damage_taken":0.0,"relics_obtained":["MutagenicStrength"]},{"damage_healed":0.0,"max_hp_gain":0.0,"max_hp_loss":0.0,"gold_gain":0.0,"event_name":"WeMeetAgain","player_choice":"Gave Potion","floor":36.0,"gold_loss":0.0,"damage_taken":0.0,"relics_obtained":["Lizard Tail"]},{"cards_removed":["Parasite"],"damage_healed":0.0,"max_hp_gain":0.0,"max_hp_loss":0.0,"gold_gain":0.0,"event_name":"Designer","player_choice":"Single Remove","floor":48.0,"gold_loss":60.0,"damage_taken":0.0}],"is_beta":false,"boss_relics":[{"not_picked":["Coffee Dripper","Snecko Eye"],"picked":"Ectoplasm"},{"not_picked":["Runic Pyramid","Cursed Key"],"picked":"rmod:monthlycard"}],"items_purged_floors":[8],"is_endless":false,"potions_floor_spawned":[5,7,11,13,14,16,18,19,20,22,23,24,25,30,31,33,35,37,39,40,42,45,47,54],"killed_by":"The Heart","ascension_level":8}}