{"host":"cjmwurvrz00ml9vd","time":1611175793,"event":{"mods":["2.2 Compatiblity","AchievementEnabler","Act Like it!","Aspiration","BaseMod","Beaked The Cultist","Better Third Choice","BetterRewards","Colored Powertips","Conspire","Energized Spire","Infinite Spire","Marisa????????","Marked Mod","Minty Spire (QoL Compilation)","Replay The Spire","Say the Spire","StSLib","The Blackbeard","The Cursed","The Disciple","The Hierophant","The Jungle","The Necromancer","The Servant 0.9.4","TheFirefly","vexMod"],"gold_per_floor":[113,123,123,143,143,178,178,194,220,220,230,32,32,46,46,142,142,156,190,190,190,190,220,220,232,305,305,319,339,139,99,99,203,203,235,235,5,5,22,51,51,79,153,191,191,213,213,37,37,37,37],"floor_reached":50,"language":"ENG","playtime":1921,"items_purged":["Doubt","Defend_MRS","Strike_MRS"],"score":1225,"play_id":"994546ba-dbcd-458f-8d92-9dec01618939","local_time":"20210120214953","is_ascension_mode":true,"campfire_choices":[{"data":"UpSweep","floor":7,"key":"SMITH"},{"data":"NonDirectionalLaser","floor":10,"key":"SMITH"},{"floor":13,"key":"REST"},{"data":"PowerUp","floor":15,"key":"SMITH"},{"floor":24,"key":"REST"},{"data":"infinitespire:Collect","floor":27,"key":"SMITH"},{"floor":32,"key":"REST"},{"floor":41,"key":"REST"},{"data":"OrrerysSun","floor":47,"key":"SMITH"}],"circlet_count":0,"master_deck":["Strike_MRS","Strike_MRS","Strike_MRS","Defend_MRS","Defend_MRS","MasterSpark","UpSweep+1","Flash of Steel","AlicesGift","NonDirectionalLaser+1","PowerUp+1","UltimateShortwave+1","OrrerysSun+1","infinitespire:Collect+1","DoubleSpark","FinalSpark","Panache+1","ChargeUpSpray+1","Thinking Ahead"],"relics":["BewitchedHakkero","ReplayTheSpireMod:CursedCoin","Lee\u0027s Waffle","Bird Faced Urn","ReplayTheSpireMod:TigerMarble","Membership Card","Blue Candle","Art of War","Snack Pack","aspiration:EmptySkull","Sling","infinitespire:EvilPickle","Strawberry","conspire:GlowingRock","Blue Candle","Replay:Bottled Eggs","Replay:Bottled Flurry","Replay:PocketPolymizer"],"acts_visited":["Exordium","TheCity","TheBeyond"],"potions_floor_usage":[16,23,23,25,33,33,33,40,50,50,50],"damage_taken":[{"damage":0,"enemies":"Jaw Worm","floor":1,"turns":3},{"damage":1,"enemies":"Cultist","floor":2,"turns":3},{"damage":1,"enemies":"conspire:RoseBush","floor":4,"turns":3},{"damage":25,"enemies":"Lagavulin","floor":6,"turns":7},{"damage":6,"enemies":"Blue Slaver","floor":8,"turns":3},{"damage":6,"enemies":"Exordium Thugs","floor":11,"turns":2},{"damage":0,"enemies":"Large Slime","floor":14,"turns":4},{"damage":17,"enemies":"The Guardian","floor":16,"turns":10},{"damage":7,"enemies":"Shell Parasite","floor":18,"turns":3},{"damage":9,"enemies":"conspire:FuzzyDice","floor":19,"turns":5},{"damage":30,"enemies":"conspire:SneckoGhost","floor":23,"turns":4},{"damage":0,"enemies":"Snecko","floor":25,"turns":2},{"damage":26,"enemies":"Snake Plant","floor":28,"turns":3},{"damage":15,"enemies":"Centurion and Healer","floor":29,"turns":6},{"damage":44,"enemies":"Pondfish","floor":33,"turns":10},{"damage":10,"enemies":"Orb Walker","floor":35,"turns":3},{"damage":38,"enemies":"3 Shapes","floor":39,"turns":4},{"damage":29,"enemies":"R_Hoarder","floor":40,"turns":7},{"damage":31,"enemies":"Giant Head","floor":42,"turns":6},{"damage":34,"enemies":"Reptomancer","floor":44,"turns":3},{"damage":17,"enemies":"Spire Growth","floor":46,"turns":3},{"damage":85,"enemies":"conspire:OrnateMirror","floor":50,"turns":4}],"seed_played":"3743670173569018128","potions_obtained":[{"floor":2,"key":"Explosive Potion"},{"floor":6,"key":"SkillPotion"},{"floor":11,"key":"FearPotion"},{"floor":16,"key":"Strength Potion"},{"floor":25,"key":"Doom Potion"},{"floor":28,"key":"Block Potion"},{"floor":29,"key":"ShroomBrew"},{"floor":39,"key":"BottledSpark"},{"floor":42,"key":"DuplicationPotion"},{"floor":46,"key":"Weak Potion"}],"is_trial":false,"path_per_floor":["M","M","?","M","$","E","R","M","T","R","M","$","R","M","R","B",null,"M","M","AVR","?","?","E","R","M","T","R","M","M","$","?","R","B",null,"M","?","$","?","M","E","R","E","T","E","?","M","R","$","R","B"],"character_chosen":"MARISA","items_purchased":["Flash of Steel","AlicesGift","ReplayTheSpireMod:CursedCoin","Lee\u0027s Waffle","PowerUp","Membership Card","aspiration:EmptySkull","Sling","Strawberry","conspire:GlowingRock","Thinking Ahead","Adrenaline Potion"],"campfire_rested":4,"item_purchase_floors":[0,0,0,0,12,12,30,30,37,37,48,48],"current_hp_per_floor":[82,81,81,80,80,55,55,49,49,49,43,43,67,71,71,60,77,74,65,65,65,49,21,47,47,47,47,27,20,20,20,46,24,71,67,67,74,74,42,27,55,40,40,16,82,67,67,67,67,0,0],"gold":37,"neow_bonus":"","is_daily":false,"chose_seed":false,"campfire_upgraded":5,"win_rate":0.0,"timestamp":1611175793,"path_taken":["M","M","?","M","?","E","R","M","T","R","?","$","R","M","R","BOSS","M","M","AVR","?","?","E","R","M","T","R","M","M","$","?","R","BOSS","M","?","$","?","M","E","R","E","T","E","?","?","R","$","R","BOSS"],"items_purchased_type":["Card","Card","Relic","Relic","Card","Relic","Relic","Relic","Relic","Relic","Card","Potion"],"build_version":"2020-12-22","purchased_purges":3,"victory":false,"max_hp_per_floor":[82,82,82,82,82,82,82,82,82,82,82,82,82,82,82,82,82,82,82,82,82,87,87,87,87,87,87,87,87,87,87,87,87,87,87,87,94,94,94,94,94,94,94,94,82,82,82,82,82,83,83],"card_choices":[{"not_picked":["OrrerysSun","6A","SporeBomb"],"picked":"SKIP","floor":1},{"not_picked":["BlazeAway","OneTimeOff","6A"],"picked":"SKIP","floor":2},{"not_picked":["GravityBeat","OortCloud"],"picked":"NonDirectionalLaser","floor":4},{"not_picked":["MagicAbsorber","Orbital","MachineGunSpark"],"picked":"SKIP","floor":6},{"not_picked":["DarkSpark","OortCloud","GravityBeat"],"picked":"SKIP","floor":8},{"not_picked":["MagicAbsorber","GrandCross","MysteriousBeam"],"picked":"SKIP","floor":11},{"not_picked":["LuminesStrike","JA","ChargingUp"],"picked":"SKIP","floor":14},{"not_picked":["MillisecondPulsars","BigCrunch"],"picked":"UltimateShortwave","floor":16},{"not_picked":["MysteriousBeam","Singularity","NonDirectionalLaser"],"picked":"SKIP","floor":18},{"not_picked":["Acceleration","DarkSpark"],"picked":"OrrerysSun","floor":19},{"not_picked":["SporeBomb+1","Occultation+1","LuminesStrike"],"picked":"SKIP","floor":23},{"not_picked":["IllusionStar","6A"],"picked":"DoubleSpark","floor":25},{"not_picked":["GasGiant","WitchOfGreed","UnstableBomb+1"],"picked":"SKIP","floor":28},{"not_picked":["GalacticHalo","IllusionStar+1","PowerUp+1"],"picked":"SKIP","floor":29},{"not_picked":["AbsoluteMagnitude","MaximisePower"],"picked":"FinalSpark","floor":33},{"not_picked":["SporeBomb+1","PowerUp","UnstableBomb"],"picked":"SKIP","floor":35},{"not_picked":["Forethought","Deep Breath"],"picked":"Panache","floor":38},{"not_picked":["DarkSpark+1","GravityBeat+1","Acceleration"],"picked":"SKIP","floor":39},{"not_picked":["WitchOfGreed","GravityBeat+1","CasketOfStar"],"picked":"SKIP","floor":40},{"not_picked":["PowerUp+1","SuperPerseids","DC+1"],"picked":"SKIP","floor":42},{"not_picked":["NonDirectionalLaser+1","DeepEcoloBomb"],"picked":"ChargeUpSpray+1","floor":44},{"not_picked":["DoubleSpark+1","PowerUp","ShootingEcho+1"],"picked":"SKIP","floor":46}],"player_experience":630250,"relics_obtained":[{"floor":6,"key":"Bird Faced Urn"},{"floor":9,"key":"ReplayTheSpireMod:TigerMarble"},{"floor":23,"key":"Art of War"},{"floor":26,"key":"Snack Pack"},{"floor":40,"key":"Blue Candle"},{"floor":42,"key":"Replay:Bottled Eggs"},{"floor":43,"key":"Replay:Bottled Flurry"},{"floor":44,"key":"Replay:PocketPolymizer"}],"event_choices":[{"damage_healed":0,"gold_gain":0,"player_choice":"0 cards matched","damage_taken":0,"max_hp_gain":0,"max_hp_loss":0,"event_name":"Match and Keep!","floor":3,"gold_loss":0,"cards_obtained":[]},{"damage_healed":0,"gold_gain":0,"player_choice":"Ignored","damage_taken":0,"max_hp_gain":0,"max_hp_loss":0,"event_name":"Vampires","floor":21,"gold_loss":0},{"damage_healed":0,"gold_gain":0,"player_choice":"Shed Blood","damage_taken":21,"max_hp_gain":5,"max_hp_loss":0,"event_name":"Forgotten Altar","floor":22,"gold_loss":0},{"damage_healed":0,"gold_gain":0,"player_choice":"Upgrade","damage_taken":0,"max_hp_gain":0,"max_hp_loss":0,"event_name":"Designer","floor":31,"gold_loss":40,"cards_upgraded":["UltimateShortwave"]},{"damage_healed":0,"gold_gain":0,"player_choice":"Memory 1","damage_taken":0,"max_hp_gain":0,"max_hp_loss":0,"event_name":"SensoryStone","floor":38,"gold_loss":0},{"damage_healed":82,"gold_gain":0,"player_choice":"Heal","damage_taken":0,"max_hp_gain":0,"max_hp_loss":12,"event_name":"The Moai Head","floor":45,"gold_loss":0},{"cards_removed":["Defend_MRS"],"damage_healed":0,"gold_gain":0,"player_choice":"Purged","damage_taken":0,"max_hp_gain":0,"max_hp_loss":0,"event_name":"Purifier","floor":49,"gold_loss":0}],"is_beta":false,"boss_relics":[{"not_picked":["vexMod:EndlessSickness","beaked:SacredDeck"],"picked":"BewitchedHakkero"},{"not_picked":["beaked:MawFillet","Sozu","Replay:Fungal Core"]}],"items_purged_floors":[0,30,48],"is_endless":false,"potions_floor_spawned":[2,6,11,16,25,28,29,39,42,46],"killed_by":"conspire:OrnateMirror","ascension_level":6}}