{"host":"3zmssa4s99zhxek5","time":1611106111,"event":{"mods":["AchievementEnabler","BaseMod","Minty Spire (QoL Compilation)","Permanent Neow","Relic Stats"],"gold_per_floor":[119,131,143,154,171,171,171,201,201,201,231,11,11,25,25,25,25],"floor_reached":16,"language":"KOR","playtime":634,"items_purged":["Strike_B"],"score":224,"play_id":"8710b148-5b60-4c28-b395-573609894151","local_time":"20210120102831","is_ascension_mode":true,"campfire_choices":[{"data":"Sunder","floor":6,"key":"SMITH"},{"floor":10,"key":"REST"},{"floor":13,"key":"REST"},{"data":"Hologram","floor":15,"key":"SMITH"}],"circlet_count":0,"master_deck":["AscendersBane","Strike_B","Strike_B","Strike_B","Defend_B","Defend_B","Defend_B","Defend_B","Zap","Dualcast","Streamline","Streamline","Sunder+1","Rip and Tear","Stack","Multi-Cast","BootSequence","Scrape+1","Hologram+1"],"relics":["Nuclear Battery","Bottled Flame","StrikeDummy","Molten Egg 2"],"acts_visited":[],"potions_floor_usage":[5,8,11,16,16],"damage_taken":[{"damage":2,"enemies":"Cultist","floor":1,"turns":4},{"damage":5,"enemies":"Small Slimes","floor":2,"turns":3},{"damage":10,"enemies":"2 Louse","floor":3,"turns":2},{"damage":3,"enemies":"Large Slime","floor":4,"turns":5},{"damage":13,"enemies":"Exordium Thugs","floor":5,"turns":3},{"damage":10,"enemies":"3 Sentries","floor":8,"turns":5},{"damage":31,"enemies":"Lagavulin","floor":11,"turns":6},{"damage":0,"enemies":"2 Fungi Beasts","floor":14,"turns":1},{"damage":40,"enemies":"Hexaghost","floor":16,"turns":9}],"seed_played":"3790971613041740608","potions_obtained":[{"floor":3,"key":"BlessingOfTheForge"},{"floor":7,"key":"SpeedPotion"},{"floor":7,"key":"SteroidPotion"},{"floor":8,"key":"BlessingOfTheForge"},{"floor":11,"key":"Fruit Juice"}],"is_trial":false,"path_per_floor":["M","M","M","M","M","R","?","E","T","R","E","$","R","M","R","B"],"character_chosen":"DEFECT","items_purchased":["Scrape+1","Block Potion"],"campfire_rested":2,"item_purchase_floors":[12,12],"current_hp_per_floor":[62,57,47,44,31,31,31,21,21,42,16,16,38,38,38,0,0],"gold":25,"neow_bonus":"BOSS_RELIC","is_daily":false,"chose_seed":false,"campfire_upgraded":2,"win_rate":0.0,"timestamp":1611106111,"path_taken":["M","M","M","M","?","R","?","E","T","R","E","$","R","?","R","BOSS"],"items_purchased_type":["Card","Potion"],"build_version":"2020-12-22","purchased_purges":1,"victory":false,"max_hp_per_floor":[71,71,71,71,71,71,71,71,71,71,76,76,76,76,76,76,76],"relic_stats":{"counters":[9,38],"obtain_stats":[{"Bottled Flame":8,"Molten Egg 2":11,"Cracked Core":0,"StrikeDummy":9,"Nuclear Battery":0},{"Bottled Flame":6,"Molten Egg 2":7,"Cracked Core":0,"StrikeDummy":6,"Nuclear Battery":0},{"Bottled Flame":22,"Molten Egg 2":28,"Cracked Core":0,"StrikeDummy":22,"Nuclear Battery":0}]},"card_choices":[{"not_picked":["Turbo","Coolheaded"],"picked":"Streamline","floor":1},{"not_picked":["Blizzard","Stack"],"picked":"Streamline","floor":2},{"not_picked":["Ball Lightning","Double Energy"],"picked":"Sunder","floor":3},{"not_picked":["Sweeping Beam","Gash"],"picked":"Rip and Tear","floor":4},{"not_picked":["Chill","Redo"],"picked":"Stack","floor":5},{"not_picked":["Glacier","Barrage"],"picked":"Multi-Cast","floor":8},{"not_picked":["Ball Lightning+1","Aggregate"],"picked":"BootSequence","floor":11},{"not_picked":["Compile Driver+1","Glacier"],"picked":"Hologram","floor":14}],"player_experience":1537916,"relics_obtained":[{"floor":8,"key":"Bottled Flame"},{"floor":9,"key":"StrikeDummy"},{"floor":11,"key":"Molten Egg 2"}],"event_choices":[{"damage_healed":0,"gold_gain":0,"player_choice":"Got Potions","damage_taken":0,"max_hp_gain":0,"max_hp_loss":0,"event_name":"Lab","floor":7,"gold_loss":0}],"is_beta":false,"boss_relics":[],"items_purged_floors":[12],"is_endless":false,"potions_floor_spawned":[3,8,11],"killed_by":"Hexaghost","ascension_level":20}}