{"host":"xx5zt3jtdyh8iun7","time":1611176434,"event":{"mods":["AchievementEnabler","Act Like it!","BaseMod","Downfall","Minty Spire (QoL Compilation)","StSLib","The Marked"],"gold_per_floor":[99,116,116,135,135,162,162,162,50,150,150,167,267,302,314,314,314,314],"floor_reached":16,"language":"ENG","playtime":1681,"items_purged":["Regret"],"score":140,"play_id":"4576ba11-04ec-41e5-8b55-08035249df8d","local_time":"20210120220034","is_ascension_mode":true,"campfire_choices":[{"data":"champ:Taunt","floor":1,"key":"SMITH"},{"data":"champ:Parry","floor":8,"key":"SMITH"},{"data":"champ:Backstep","floor":11,"key":"SMITH"}],"circlet_count":0,"master_deck":["champ:Strike","champ:Strike","champ:Strike","champ:Defend","champ:Defend","champ:Defend","champ:Execute","champ:Taunt+1","champ:CrownThrow","champ:PreciseThrust","champ:Parry+1","champ:SkillfulDodge","champ:FanOfKnives","champ:ShieldThrow","champ:Backstep+1","champ:TornadoPunch","champ:GladiatorForm","champ:EnGarde"],"relics":["champ:ChampionCrown","FossilizedHelix","Meat on the Bone","Ornamental Fan","CloakClasp","champ:DefensiveTrainingManual"],"acts_visited":["Exordium"],"potions_floor_usage":[6,14,16,16],"damage_taken":[{"damage":6,"enemies":"Jaw Worm","floor":2,"turns":4},{"damage":0,"enemies":"Cultist","floor":4,"turns":3},{"damage":64,"enemies":"Gremlin Nob","floor":6,"turns":5},{"damage":5,"enemies":"downfall:FleeingMerchant","floor":9,"turns":4},{"damage":0,"enemies":"Small Slimes","floor":12,"turns":3},{"damage":15,"enemies":"Small Slimes","floor":13,"turns":13},{"damage":0,"enemies":"3 Sentries","floor":14,"turns":4},{"damage":0,"enemies":"2 Fungi Beasts","floor":15,"turns":3},{"damage":62,"enemies":"DF_ARCHETYPE_STREAMLINE","floor":16,"turns":14}],"seed_played":"4514635343422739488","potions_obtained":[{"floor":4,"key":"SkillPotion"},{"floor":12,"key":"SteroidPotion"},{"floor":13,"key":"Swift Potion"},{"floor":14,"key":"Dexterity Potion"}],"is_trial":false,"path_per_floor":["R","M","?","M","?","E","T","R","$","?","R","M","?","E","M","B"],"character_chosen":"THE_CHAMP","items_purchased":["champ:Backstep"],"campfire_rested":0,"item_purchase_floors":[9],"current_hp_per_floor":[90,84,84,84,84,40,40,40,52,52,52,52,49,59,59,0,0,0],"gold":314,"neow_bonus":"TRANSFORM_CARD","is_daily":false,"chose_seed":false,"campfire_upgraded":3,"win_rate":0.0,"timestamp":1611176434,"path_taken":["R","M","?","?","?","E","T","R","$","?","R","M","?","E","M","BOSS"],"items_purchased_type":["Card"],"build_version":"2020-12-22","purchased_purges":1,"victory":false,"max_hp_per_floor":[90,90,90,90,90,90,90,90,90,90,90,90,90,90,90,90,90,90],"card_choices":[{"not_picked":["champ:CrownThrow","champ:ShieldSigil"],"picked":"champ:PreciseThrust","floor":2},{"not_picked":["champ:ShieldSlam","champ:FancyFootwork"],"picked":"champ:SkillfulDodge","floor":4},{"not_picked":["champ:CrownThrow","champ:BerserkersShout"],"picked":"champ:FanOfKnives","floor":6},{"not_picked":["champ:StanceDance","champ:EnragedBash"],"picked":"champ:ShieldThrow","floor":9},{"not_picked":["champ:AdrenalArmor","champ:BerserkersShout","champ:BladeFlurry"],"picked":"SKIP","floor":12},{"not_picked":["champ:Shatter","champ:GutPunch"],"picked":"champ:TornadoPunch","floor":13},{"not_picked":["champ:EnragedBash","champ:DefensiveShout"],"picked":"champ:GladiatorForm","floor":14},{"not_picked":["champ:PerfectedStrike","champ:Haymaker"],"picked":"champ:EnGarde","floor":15}],"player_experience":848391,"relics_obtained":[{"floor":6,"key":"Meat on the Bone"},{"floor":7,"key":"Ornamental Fan"},{"floor":13,"key":"CloakClasp"},{"floor":14,"key":"champ:DefensiveTrainingManual"}],"event_choices":[{"damage_healed":0,"gold_gain":0,"player_choice":"Box","damage_taken":0,"relics_obtained":["FossilizedHelix"],"max_hp_gain":0,"max_hp_loss":0,"event_name":"Big Fish","floor":5,"gold_loss":0,"cards_obtained":["Regret"]}],"is_beta":false,"boss_relics":[],"items_purged_floors":[9],"is_endless":false,"potions_floor_spawned":[4,12,13,14],"killed_by":"DF_ARCHETYPE_STREAMLINE","ascension_level":1}}