{"host":"1p8eqzpvl5sxeu5t","time":1611114965,"event":{"mods":["BaseMod","Bestiary","Block Reminder","Colored Map","Colored Powertips","Curses Come First","Downfall","Highlight Path","Minty Spire (QoL Compilation)","Relic Stats","StSLib","The IronCluck","Waifu the Spire","everything is the same but u backflip on backflip","slay the spire mod where everything is the same but ironclad has a cowboy hat"],"gold_per_floor":[99,113,132,145,145,179,255,65,95,115,115,15,15,31,43,145,145,145,164,74,87,105,105,131,81,81,93,119,19,39,39,59,59,59,59],"floor_reached":33,"language":"ENG","playtime":1447,"items_purged":["bronze:Strike"],"score":279,"play_id":"6b039f43-a9b6-4c14-ad94-02ecfdb8b23f","local_time":"20210120115605","is_ascension_mode":false,"campfire_choices":[{"data":"bronze:Goto","floor":1,"key":"SMITH"},{"floor":12,"key":"REST"},{"data":"bronze:Assembly","floor":18,"key":"SMITH"},{"floor":26,"key":"RECALL"},{"data":"Master of Strategy","floor":29,"key":"SMITH"}],"circlet_count":0,"master_deck":["bronze:Strike","bronze:Strike","bronze:Strike","bronze:Defend","bronze:Defend","bronze:Defend","bronze:Defend","bronze:Replicate+1","bronze:Goto+1","bronze:DelayedSlice+1","bronze:WhirlingStrike+1","bronze:ClassDefault","bronze:DigitalCarnage+1","Master of Strategy+1","bronze:DelayedSlice","bronze:ChosenStrike","bronze:Assembly+1","bronze:BronzeOrb","bronze:Overload+1","bronze:Fortify+1"],"relics":["bronze:BronzeCore","Toy Ornithopter","Pear","Juzu Bracelet","Mummified Hand","downfall:HeartBlessingGreen","Philosopher\u0027s Stone","sneckomod:BabySnecko","Anchor","StrikeDummy","downfall:HeartBlessingRed"],"acts_visited":["Exordium","TheCity"],"potions_floor_usage":[16,16,16,33,33,33],"damage_taken":[{"damage":2,"enemies":"2 Louse","floor":2,"turns":3},{"damage":0,"enemies":"Cultist","floor":3,"turns":2},{"damage":0,"enemies":"Small Slimes","floor":4,"turns":2},{"damage":16,"enemies":"Lagavulin","floor":6,"turns":6},{"damage":0,"enemies":"downfall:FleeingMerchant","floor":8,"turns":4},{"damage":16,"enemies":"Gremlin Nob","floor":9,"turns":3},{"damage":0,"enemies":"2 Fungi Beasts","floor":10,"turns":1},{"damage":0,"enemies":"Large Slime","floor":14,"turns":1},{"damage":5,"enemies":"Exordium Wildlife","floor":15,"turns":2},{"damage":41,"enemies":"SI_SHIV_ARCHETYPE","floor":16,"turns":8},{"damage":10,"enemies":"3 Byrds","floor":19,"turns":2},{"damage":20,"enemies":"downfall:FleeingMerchant","floor":20,"turns":4},{"damage":0,"enemies":"3 Cultists","floor":21,"turns":2},{"damage":0,"enemies":"Sentry and Sphere","floor":22,"turns":3},{"damage":2,"enemies":"Cultist and Chosen","floor":27,"turns":3},{"damage":15,"enemies":"Slavers","floor":28,"turns":3},{"damage":0,"enemies":"Centurion and Healer","floor":30,"turns":2},{"damage":0,"enemies":"Snake Plant","floor":32,"turns":1},{"damage":100,"enemies":"DF_ARCHETYPE_CLAW","floor":33,"turns":10}],"seed_played":"7092056209092399545","potions_obtained":[{"floor":4,"key":"Swift Potion"},{"floor":6,"key":"Swift Potion"},{"floor":9,"key":"DistilledChaos"},{"floor":19,"key":"Dexterity Potion"},{"floor":27,"key":"SkillPotion"},{"floor":28,"key":"Dexterity Potion"}],"is_trial":false,"path_per_floor":["R","M","M","M","?","E","T","$","E","M","?","R","?","M","M","B",null,"R","M","$","M","M","?","T","?","R","M","E","R","M","?","M","B"],"character_chosen":"THE_AUTOMATON","items_purchased":["Master of Strategy"],"campfire_rested":1,"item_purchase_floors":[8],"current_hp_per_floor":[70,68,68,68,68,52,62,62,46,46,39,63,63,63,58,32,80,80,70,50,50,50,50,50,80,80,78,63,63,63,63,63,0,0,0],"gold":59,"neow_bonus":"UPGRADE_CARD","is_daily":false,"chose_seed":false,"campfire_upgraded":3,"win_rate":0.0,"timestamp":1611114965,"path_taken":["R","M","M","M","?","E","T","$","E","M","?","R","?","M","M","BOSS","R","M","$","M","M","?","T","?","R","M","E","R","M","?","M","BOSS"],"items_purchased_type":["Card"],"build_version":"2020-12-22","purchased_purges":1,"victory":false,"max_hp_per_floor":[70,70,70,70,70,70,80,80,80,80,80,80,80,80,80,80,80,80,80,80,80,80,80,80,80,80,80,80,80,80,80,80,80,80,80],"relic_stats":{"counters":[19,62],"Mummified Hand":[12],"Juzu Bracelet":2,"obtain_stats":[{"sneckomod:BabySnecko":23,"Anchor":24,"bronze:BronzeCore":0,"Pear":7,"downfall:HeartBlessingRed":29,"Mummified Hand":11,"downfall:HeartBlessingGreen":12,"Philosopher\u0027s Stone":17,"Juzu Bracelet":9,"StrikeDummy":28,"Toy Ornithopter":6},{"sneckomod:BabySnecko":14,"Anchor":14,"bronze:BronzeCore":0,"Pear":4,"downfall:HeartBlessingRed":16,"Mummified Hand":7,"downfall:HeartBlessingGreen":7,"Philosopher\u0027s Stone":10,"Juzu Bracelet":6,"StrikeDummy":16,"Toy Ornithopter":4},{"sneckomod:BabySnecko":43,"Anchor":43,"bronze:BronzeCore":0,"Pear":13,"downfall:HeartBlessingRed":49,"Mummified Hand":21,"downfall:HeartBlessingGreen":21,"Philosopher\u0027s Stone":32,"Juzu Bracelet":20,"StrikeDummy":49,"Toy Ornithopter":13}],"Toy Ornithopter":30},"card_choices":[{"not_picked":["bronze:BitShift","bronze:MaxOutput"],"picked":"bronze:DelayedSlice","floor":2},{"not_picked":["bronze:BronzeArmor","bronze:BugBarrage"],"picked":"bronze:WhirlingStrike","floor":3},{"not_picked":["bronze:DelayedGuard","bronze:Frontload","bronze:Overload"],"picked":"SKIP","floor":4},{"not_picked":["bronze:Branch","bronze:DelayedSlice"],"picked":"bronze:ClassDefault","floor":6},{"not_picked":["bronze:ItsAFeature","bronze:AlphaBuild"],"picked":"bronze:DigitalCarnage","floor":8},{"not_picked":["bronze:Safeguard","bronze:CutThrough","bronze:DelayedSlice"],"picked":"SKIP","floor":9},{"not_picked":["bronze:Safeguard","bronze:CutThrough"],"picked":"bronze:DelayedSlice","floor":9},{"not_picked":["bronze:BugBarrage","bronze:Invalidate","bronze:Frontload"],"picked":"SKIP","floor":10},{"not_picked":["bronze:DelayedGuard","bronze:Overheat","bronze:WhirlingStrike"],"picked":"SKIP","floor":14},{"not_picked":["bronze:WildBeam","bronze:BitShift"],"picked":"bronze:ChosenStrike","floor":15},{"not_picked":["bronze:RecursiveStrike","bronze:BurnOut"],"picked":"bronze:Assembly","floor":16},{"not_picked":["bronze:BitShift","bronze:CloningBeam+1"],"picked":"bronze:BronzeOrb","floor":19},{"not_picked":["bronze:Frontload","bronze:BronzeArmor","bronze:CutThrough+1"],"picked":"SKIP","floor":20},{"not_picked":["bronze:WildBeam","bronze:DelayedSlice","bronze:Invalidate"],"picked":"SKIP","floor":21},{"not_picked":["bronze:Repulsor","bronze:Overheat+1","bronze:BitShift"],"picked":"SKIP","floor":22},{"not_picked":["bronze:ClassDefault","bronze:OilSpill"],"picked":"bronze:Overload+1","floor":27},{"not_picked":["bronze:Shell","bronze:NullPointer","bronze:ForceShield"],"picked":"SKIP","floor":28},{"not_picked":["bronze:OilSpill","bronze:ChosenStrike","bronze:DelayedSlice"],"picked":"SKIP","floor":30},{"not_picked":["bronze:Frontload","bronze:OilSpill+1"],"picked":"bronze:Fortify+1","floor":32}],"player_experience":839745,"relics_obtained":[{"floor":6,"key":"Toy Ornithopter"},{"floor":7,"key":"Pear"},{"floor":9,"key":"Juzu Bracelet"},{"floor":24,"key":"Anchor"},{"floor":28,"key":"StrikeDummy"}],"event_choices":[{"damage_healed":0,"gold_gain":0,"player_choice":"Ignored","damage_taken":0,"max_hp_gain":0,"max_hp_loss":0,"event_name":"NoteForYourself","floor":5,"gold_loss":0},{"damage_healed":0,"gold_gain":0,"player_choice":"Success","damage_taken":7,"relics_obtained":["Mummified Hand"],"max_hp_gain":0,"max_hp_loss":0,"event_name":"Scrap Ooze","floor":11,"gold_loss":0}],"is_beta":false,"boss_relics":[{"not_picked":["Runic Dome","SacredBark"],"picked":"Philosopher\u0027s Stone"}],"items_purged_floors":[20],"is_endless":false,"potions_floor_spawned":[4,6,9,19,27,28,30],"killed_by":"DF_ARCHETYPE_CLAW","ascension_level":0}}