{"host":"fc97bmrl7qvj4ruk","time":1611181508,"event":{"mods":["AchievementEnabler","Act Like it!","BaseMod","Colored Map","Gensokyo","GifTheSpireLib","Hermit","Minty Spire (QoL Compilation)","Replay The Spire","Robot Space Explorer","StSLib","The Hayseed"],"gold_per_floor":[110,35,47,47,47,80,94,105,105,123,148,158,183,198,198,300,300,314,21,21,84,84,84,154,219,219,278,323,399,399,120,120,216,216,271,335,390,390,84,155,155,204,231,231,265,265,297,37,37,37],"floor_reached":51,"language":"ZHS","playtime":7226,"items_purged":["Dualcast","TheSimpletonMod:Strike_TheSimpleton"],"score":995,"play_id":"214998d1-6ee9-4b05-bb08-fba36d1c0731","local_time":"20210120182508","is_ascension_mode":false,"campfire_choices":[{"data":"TheSimpletonMod:VineRipen","floor":15.0,"key":"SMITH"},{"data":"TheSimpletonMod:VineRipen","floor":23.0,"key":"SMITH"},{"data":"TheSimpletonMod:Swelter","floor":30.0,"key":"SMITH"},{"data":"Discovery","floor":32.0,"key":"SMITH"},{"data":"TheSimpletonMod:SpiceUp","floor":41,"key":"SMITH"},{"data":"TheSimpletonMod:SpiceUp","floor":46,"key":"SMITH"},{"data":"TheSimpletonMod:CropRotation","floor":49,"key":"SMITH"}],"circlet_count":0,"master_deck":["TheSimpletonMod:Strike_TheSimpleton+1","TheSimpletonMod:Strike_TheSimpleton","TheSimpletonMod:Defend_TheSimpleton","TheSimpletonMod:Defend_TheSimpleton","TheSimpletonMod:Defend_TheSimpleton","TheSimpletonMod:Defend_TheSimpleton","TheSimpletonMod:Haymaker+1","TheSimpletonMod:ReapAndSow+1","TheSimpletonMod:Haymaker+1","TheSimpletonMod:OnionBloom","TheSimpletonMod:Squash","TheSimpletonMod:Swelter+1","TheSimpletonMod:VineRipen+1","TheSimpletonMod:RootDown","TheSimpletonMod:VineRipen+1","TheSimpletonMod:Artichokes+1","TheSimpletonMod:BirdFeeder+1","TheSimpletonMod:Sunseed","TheSimpletonMod:SpiceUp+1","TheSimpletonMod:ResistantStrain+1","TheSimpletonMod:SpiceUp+1","TheSimpletonMod:Squash+1","TheSimpletonMod:Squash+1","TheSimpletonMod:Pruning+1","Iron Wave","TheSimpletonMod:ToughenUp","TheSimpletonMod:Squash+1","TheSimpletonMod:ResearchGrant","TheSimpletonMod:Pruning+1","TheSimpletonMod:Artichokes+1","TheSimpletonMod:Rake","TheSimpletonMod:Sunchoke","TheSimpletonMod:Mulch","Sadistic Nature+1","Discovery+1","TheSimpletonMod:CropRotation+1","TheSimpletonMod:Photosynthesis+1","TheSimpletonMod:Artichokes+1","TheSimpletonMod:Rake+1","TheSimpletonMod:Squash+1","TheSimpletonMod:VineRipen","TheSimpletonMod:ResistantStrain+1","TheSimpletonMod:Squash+1"],"relics":["TheSimpletonMod:SpudOfTheInnocent","TheSimpletonMod:NightSoil","TheSimpletonMod:TheHarvester","Torii","Replay:Mystery Machine","Replay:Bottled Snecko","Frozen Egg 2","TheSimpletonMod:SpudOfTheMartyr","Honey Jar","Mummified Hand","ReplayTheSpireMod:Ring of Challenge","Ring of Peace","Whetstone","Gremlin Horn","Meat on the Bone","Strawberry","BargainBundle","Philosopher\u0027s Stone","Anchor","ReplayTheSpireMod:TigerMarble","Strange Spoon","Juzu Bracelet","Potion Belt","ReplayTheSpireMod:Shallot","Bag of Preparation","Gambling Chip","Pear","Mirror"],"acts_visited":["Exordium","TheCity","TheBeyond"],"potions_floor_usage":[47,50,50],"damage_taken":[{"damage":6.0,"enemies":"Cultist","floor":1.0,"turns":4.0},{"damage":7.0,"enemies":"Jaw Worm","floor":3.0,"turns":5.0},{"damage":27.0,"enemies":"Lagavulin","floor":6.0,"turns":10.0},{"damage":0.0,"enemies":"2 Louse","floor":7.0,"turns":3.0},{"damage":2.0,"enemies":"Red Slaver","floor":8.0,"turns":7.0},{"damage":1.0,"enemies":"Exordium Thugs","floor":10.0,"turns":5.0},{"damage":9.0,"enemies":"3 Sentries","floor":11.0,"turns":8.0},{"damage":7.0,"enemies":"2 Fungi Beasts","floor":12.0,"turns":4.0},{"damage":15.0,"enemies":"Gremlin Nob","floor":13.0,"turns":7.0},{"damage":17.0,"enemies":"Large Slime","floor":14.0,"turns":7.0},{"damage":26.0,"enemies":"The Guardian","floor":16.0,"turns":13.0},{"damage":29.0,"enemies":"2 Thieves","floor":18.0,"turns":4.0},{"damage":0.0,"enemies":"Spheric Guardian","floor":21.0,"turns":15.0},{"damage":41.0,"enemies":"Slavers","floor":24.0,"turns":12.0},{"damage":7.0,"enemies":"Snake Plant","floor":25.0,"turns":6.0},{"damage":12.0,"enemies":"Centurion and Healer","floor":27.0,"turns":10.0},{"damage":0.0,"enemies":"Chosen and Byrds","floor":28.0,"turns":1.0},{"damage":29.0,"enemies":"Book of Stabbing","floor":29.0,"turns":9.0},{"damage":22.0,"enemies":"Champ","floor":33.0,"turns":9.0},{"damage":22.0,"enemies":"Orb Walker","floor":35.0,"turns":7.0},{"damage":36.0,"enemies":"3 Darklings","floor":36.0,"turns":5.0},{"damage":17.0,"enemies":"Maw","floor":37.0,"turns":10.0},{"damage":12,"enemies":"R_Hoarder","floor":40,"turns":13},{"damage":0,"enemies":"Nemesis","floor":45,"turns":5},{"damage":0,"enemies":"Giant Head","floor":47,"turns":10},{"damage":0,"enemies":"Time Eater","floor":50,"turns":13}],"seed_played":"-7896674235146748324","potions_obtained":[{"floor":3.0,"key":"Dexterity Potion"},{"floor":7.0,"key":"Flashbang"},{"floor":8.0,"key":"SmokeBomb"},{"floor":13.0,"key":"FearPotion"},{"floor":16.0,"key":"Energy Potion"},{"floor":24.0,"key":"PowerPotion"},{"floor":25.0,"key":"Dexterity Potion"},{"floor":27.0,"key":"Venom Potion"},{"floor":36.0,"key":"Energy Potion"},{"floor":37.0,"key":"SpeedPotion"},{"floor":40,"key":"Dexterity Potion"},{"floor":42,"key":"DistilledChaos"},{"floor":45,"key":"Reflective Coating"}],"is_trial":false,"path_per_floor":["M","$","M","?","?","E","M","M","T","M","E","M","E","M","R","B",null,"M","$","?","M","?","R","E","M","T","M","M","E","R","$","R","B",null,"M","M","M","?","$","E","R","?","T","?","E","R","E","$","R","B",null],"character_chosen":"THE_SIMPLETON","items_purchased":["Mummified Hand","TheSimpletonMod:Squash+1","BargainBundle","TheSimpletonMod:Artichokes+1","TheSimpletonMod:Rake","TheSimpletonMod:Sunchoke","TheSimpletonMod:Mulch","Sadistic Nature+1","Discovery","TheSimpletonMod:CropRotation","Fire Potion","ReplayTheSpireMod:TigerMarble","Strange Spoon","Mirror"],"campfire_rested":0,"item_purchase_floors":[19,19,31,31,31,31,31,31,31,31,31,39,39,48],"current_hp_per_floor":[69,69,70,70,70,54,66,70,70,75,75,74,61,56,56,46,75,58,58,58,75,75,75,35,52,52,63,63,53,53,53,53,60,82,77,65,72,72,72,70,70,50,50,50,82,82,92,92,92,92],"gold":37,"neow_bonus":"ONE_RARE_RELIC","is_daily":false,"chose_seed":false,"campfire_upgraded":7,"win_rate":0.0,"timestamp":1611181508,"path_taken":["M","?","M","?","?","E","M","M","T","?","E","M","E","M","R","BOSS","M","$","?","M","?","R","E","M","T","?","M","E","R","$","R","BOSS","M","M","M","?","$","E","R","?","T","?","E","R","E","$","R","BOSS"],"items_purchased_type":["Relic","Card","Relic","Card","Card","Card","Card","Card","Card","Card","Potion","Relic","Relic","Relic"],"build_version":"2020-12-22","purchased_purges":2,"victory":true,"max_hp_per_floor":[75,75,75,75,75,75,75,75,75,75,75,75,75,75,75,75,75,75,75,75,75,75,75,75,75,75,75,75,82,82,82,82,82,82,82,82,82,82,82,82,82,82,82,82,82,82,92,92,92,92],"card_choices":[{"not_picked":["TheSimpletonMod:Pruning","TheSimpletonMod:Rototilling"],"picked":"TheSimpletonMod:OnionBloom","floor":1.0},{"not_picked":["TheSimpletonMod:DigIn","TheSimpletonMod:Thresh"],"picked":"TheSimpletonMod:Squash","floor":3.0},{"not_picked":["TheSimpletonMod:Aerate","TheSimpletonMod:OnionBloom"],"picked":"TheSimpletonMod:Swelter","floor":6.0},{"not_picked":["TheSimpletonMod:BumperCrop","TheSimpletonMod:StockTheCellar"],"picked":"TheSimpletonMod:VineRipen","floor":7.0},{"not_picked":["TheSimpletonMod:OnionBloom","TheSimpletonMod:DigIn"],"picked":"TheSimpletonMod:RootDown","floor":8.0},{"not_picked":["TheSimpletonMod:GoToMarket","TheSimpletonMod:Aerate"],"picked":"TheSimpletonMod:VineRipen","floor":10.0},{"not_picked":["TheSimpletonMod:Rake","TheSimpletonMod:Pruning"],"picked":"TheSimpletonMod:Artichokes+1","floor":11.0},{"not_picked":["TheSimpletonMod:Sunseed","TheSimpletonMod:Aerate"],"picked":"TheSimpletonMod:BirdFeeder+1","floor":12.0},{"not_picked":["TheSimpletonMod:ControlledBurn","TheSimpletonMod:CropRotation"],"picked":"TheSimpletonMod:Sunseed","floor":13.0},{"not_picked":["TheSimpletonMod:Aerate","TheSimpletonMod:Sunseed"],"picked":"TheSimpletonMod:SpiceUp","floor":14.0},{"not_picked":["TheSimpletonMod:BuzzBomb","TheSimpletonMod:SaltTheEarth"],"picked":"TheSimpletonMod:ResistantStrain+1","floor":16.0},{"not_picked":["TheSimpletonMod:VineRipen","TheSimpletonMod:CullingStrike","TheSimpletonMod:SeedCoat"],"picked":"TheSimpletonMod:SpiceUp","floor":18.0},{"not_picked":["TheSimpletonMod:Sunchoke+1","TheSimpletonMod:GoToMarket","TheSimpletonMod:CropRotation"],"picked":"TheSimpletonMod:Pruning+1","floor":21.0},{"not_picked":["TheSimpletonMod:DoubleBarrel","TheSimpletonMod:Pruning","TheSimpletonMod:CropRotation"],"picked":"TheSimpletonMod:ToughenUp","floor":24.0},{"not_picked":["TheSimpletonMod:Sunchoke","TheSimpletonMod:Rototilling","TheSimpletonMod:CloseScrape"],"picked":"TheSimpletonMod:Squash+1","floor":25.0},{"not_picked":["TheSimpletonMod:ControlledBurn+1","TheSimpletonMod:CropRotation","TheSimpletonMod:SaladShooter+1"],"picked":"TheSimpletonMod:ResearchGrant","floor":27.0},{"not_picked":["TheSimpletonMod:Rototilling","TheSimpletonMod:RootDown","TheSimpletonMod:StockTheCellar"],"picked":"TheSimpletonMod:Pruning+1","floor":29.0},{"not_picked":["TheSimpletonMod:DesperatePlunge","TheSimpletonMod:HitTheSack","TheSimpletonMod:SaltTheEarth"],"picked":"TheSimpletonMod:Photosynthesis+1","floor":33.0},{"not_picked":["TheSimpletonMod:SlashAndBurn+1","TheSimpletonMod:CloseScrape+1","TheSimpletonMod:Squash+1"],"picked":"TheSimpletonMod:Artichokes+1","floor":35.0},{"not_picked":["TheSimpletonMod:BumperCrop","TheSimpletonMod:Innovate+1","TheSimpletonMod:Germinate+1"],"picked":"TheSimpletonMod:Rake+1","floor":36.0},{"not_picked":["TheSimpletonMod:Aerate","TheSimpletonMod:ToughenUp","TheSimpletonMod:Swelter"],"picked":"TheSimpletonMod:Squash+1","floor":37.0},{"not_picked":["TheSimpletonMod:SaltTheEarth","TheSimpletonMod:Mulch+1","TheSimpletonMod:OnionBloom+1","TheSimpletonMod:CloseScrape+1"],"picked":"SKIP","floor":40},{"not_picked":["TheSimpletonMod:SaltTheEarth","TheSimpletonMod:Mulch+1","TheSimpletonMod:OnionBloom+1","TheSimpletonMod:CloseScrape+1"],"picked":"SKIP","floor":40},{"not_picked":["TheSimpletonMod:Germinate+1","TheSimpletonMod:Squash+1","TheSimpletonMod:StockTheCellar"],"picked":"TheSimpletonMod:VineRipen","floor":42},{"not_picked":["TheSimpletonMod:SpiceUp","TheSimpletonMod:Photosynthesis+1","TheSimpletonMod:OnionBloom"],"picked":"TheSimpletonMod:ResistantStrain+1","floor":45},{"not_picked":["TheSimpletonMod:ToughenUp","TheSimpletonMod:Fertilaser+1","TheSimpletonMod:CropRotation"],"picked":"TheSimpletonMod:Squash+1","floor":47}],"player_experience":167694,"relics_obtained":[{"floor":6.0,"key":"Replay:Mystery Machine"},{"floor":9.0,"key":"Replay:Bottled Snecko"},{"floor":11.0,"key":"Frozen Egg 2"},{"floor":13.0,"key":"TheSimpletonMod:SpudOfTheMartyr"},{"floor":20.0,"key":"ReplayTheSpireMod:Ring of Challenge"},{"floor":20.0,"key":"Ring of Peace"},{"floor":24.0,"key":"Whetstone"},{"floor":26.0,"key":"Gremlin Horn"},{"floor":27.0,"key":"Meat on the Bone"},{"floor":29.0,"key":"Strawberry"},{"floor":35.0,"key":"Anchor"},{"floor":40,"key":"Juzu Bracelet"},{"floor":40,"key":"Potion Belt"},{"floor":42,"key":"ReplayTheSpireMod:Shallot"},{"floor":43,"key":"Bag of Preparation"},{"floor":45,"key":"Gambling Chip"},{"floor":47,"key":"Pear"}],"event_choices":[{"damage_healed":0.0,"max_hp_gain":0.0,"max_hp_loss":0.0,"gold_gain":0.0,"event_name":"Living Wall","player_choice":"Grow","floor":4.0,"gold_loss":0.0,"damage_taken":0.0,"cards_upgraded":["TheSimpletonMod:Haymaker"]},{"damage_healed":0.0,"max_hp_gain":0.0,"max_hp_loss":0.0,"gold_gain":0.0,"event_name":"Upgrade Shrine","player_choice":"Upgraded","floor":5.0,"gold_loss":0.0,"damage_taken":0.0,"cards_upgraded":["TheSimpletonMod:Haymaker"]},{"cards_removed":["Sickly"],"damage_healed":0.0,"max_hp_gain":0.0,"max_hp_loss":0.0,"gold_gain":0.0,"event_name":"NoteForYourself","player_choice":"Took Card","floor":22.0,"gold_loss":0.0,"damage_taken":0.0,"cards_obtained":["Iron Wave"]},{"damage_healed":0.0,"max_hp_gain":0.0,"max_hp_loss":0.0,"gold_gain":0.0,"event_name":"Tomb of Lord Red Mask","player_choice":"Ignored","floor":38.0,"gold_loss":0.0,"damage_taken":0.0},{"cards_removed":["TheSimpletonMod:Strike_TheSimpleton"],"damage_healed":0,"gold_gain":0,"player_choice":"Purged","damage_taken":0,"max_hp_gain":0,"max_hp_loss":0,"event_name":"Purifier","floor":44,"gold_loss":0}],"is_beta":false,"boss_relics":[{"not_picked":["Empty Cage","Fusion Hammer"],"picked":"Honey Jar"},{"not_picked":["WristBlade","ReplayTheSpireMod:DimensionalGlitch"],"picked":"Philosopher\u0027s Stone"}],"items_purged_floors":[2,31],"is_endless":false,"potions_floor_spawned":[3,7,8,13,16,24,25,27,36,37,40,45],"ascension_level":0}}