{"host":"od5czx9kemjopzpf","time":1611155997,"event":{"mods":["Aspiration","BaseMod","Defuse TimeMaze Blight","Downfall","Minty Spire (QoL Compilation)","Spicy Shops","StSLib"],"gold_per_floor":[99,199,263,263,263,263,288,273,73,58,69,82,82,100,113,211,211,211,221,106,123,41,51,51,63,63,76,76,76,76,87,105,105,105,105],"floor_reached":33,"language":"ZHS","playtime":1830,"items_purged":["Regret"],"score":287,"play_id":"79e9c00d-ce9a-4a08-b5e4-d7289320600d","local_time":"20210120231957","is_ascension_mode":false,"campfire_choices":[{"floor":1,"key":"RECALL"},{"data":"Slimebound:MassFeed","floor":9,"key":"SMITH"},{"data":"Slimebound:SamplingLick","floor":13,"key":"SMITH"},{"data":"Slimebound:MassFeed","floor":18,"key":"SMITH"},{"floor":28,"key":"REST"},{"floor":30,"key":"REST"}],"circlet_count":0,"master_deck":["Slimebound:Tackle","Slimebound:Defend_Slimebound","Slimebound:Defend_Slimebound","Slimebound:Defend_Slimebound","Slimebound:Defend_Slimebound","Slimebound:Split","Slimebound:CorrosiveSpit","Slimebound:LeechEnergy","Slimebound:LeechEnergy","Slimebound:SamplingLick+1","Slimebound:MassFeed+1","Slimebound:ItLooksTasty","Slimebound:LivingWall","Slimebound:GoopSpray","Slimebound:GrowthPunch","Slimebound:MassFeed+1","Slimebound:Overexert+1","Slimebound:MassRepurpose+1","Slimebound:Nibble+1","Slimebound:Schlurp","Slimebound:SamplingLick","Slimebound:Schlurp","Slimebound:FormOfPuddle","Slimebound:GrowthPunch","Slimebound:MegaLick","Slimebound:Equalize","Slimebound:LeechingTouch","Pride","Slimebound:OozeBath","Writhe","Slimebound:ProtectTheBoss","Slimebound:RainOfGoop"],"relics":["Slimebound:AbsorbEndCombat","downfall:HeartsMalice","Toy Ornithopter","Pocketwatch","downfall:HeartBlessingRed","downfall:HeartBlessingBlue","Astrolabe","Girya","TungstenRod","aspiration:FetidBarrel"],"acts_visited":["Exordium","TheCity"],"potions_floor_usage":[14,14,15,16,19,25,27,33,33],"damage_taken":[{"damage":0,"enemies":"Gremlin Nob","floor":3,"turns":1},{"damage":0,"enemies":"Jaw Worm","floor":5,"turns":1},{"damage":0,"enemies":"2 Louse","floor":6,"turns":1},{"damage":15,"enemies":"downfall:FleeingMerchant","floor":8,"turns":4},{"damage":9,"enemies":"downfall:FleeingMerchant","floor":10,"turns":4},{"damage":9,"enemies":"Cultist","floor":11,"turns":5},{"damage":1,"enemies":"3 Louse","floor":12,"turns":2},{"damage":7,"enemies":"Large Slime","floor":14,"turns":3},{"damage":51,"enemies":"Gremlin Gang","floor":15,"turns":4},{"damage":80,"enemies":"DF_ARCHETYPE_STREAMLINE","floor":16,"turns":11},{"damage":21,"enemies":"Shell Parasite","floor":19,"turns":5},{"damage":11,"enemies":"downfall:FleeingMerchant","floor":20,"turns":4},{"damage":14,"enemies":"Chosen","floor":21,"turns":5},{"damage":0,"enemies":"downfall:FleeingMerchant","floor":22,"turns":4},{"damage":40,"enemies":"Sentry and Sphere","floor":23,"turns":10},{"damage":45,"enemies":"3 Cultists","floor":25,"turns":8},{"damage":78,"enemies":"Cultist and Chosen","floor":27,"turns":12},{"damage":23,"enemies":"Centurion and Healer","floor":31,"turns":6},{"damage":53,"enemies":"3 Cultists","floor":32,"turns":6},{"damage":54,"enemies":"SI_MIRROR_ARCHETYPE","floor":33,"turns":12}],"seed_played":"-292288831464127873","potions_obtained":[{"floor":3,"key":"Fire Potion"},{"floor":11,"key":"Slimebound:ThreeZeroPotion"},{"floor":12,"key":"Slimebound:ThreeZeroPotion"},{"floor":14,"key":"SkillPotion"},{"floor":16,"key":"SkillPotion"},{"floor":19,"key":"EssenceOfSteel"},{"floor":23,"key":"Energy Potion"},{"floor":31,"key":"Swift Potion"},{"floor":32,"key":"Energy Potion"}],"is_trial":false,"path_per_floor":["R","?","?","?","M","M","T","$","R","$","M","M","R","M","M","B",null,"R","M","$","M","$","M","T","M","?","M","R","?","R","M","M","B"],"character_chosen":"SLIMEBOUND","items_purchased":["Slimebound:Schlurp","Slimebound:MegaLick"],"campfire_rested":2,"item_purchase_floors":[20,22],"current_hp_per_floor":[65,65,65,65,65,65,65,52,62,57,56,73,73,90,68,1,115,115,102,99,97,105,81,81,61,61,4,48,48,92,83,42,10,10,10],"gold":105,"neow_bonus":"THREE_ENEMY_KILL","is_daily":false,"chose_seed":false,"campfire_upgraded":3,"win_rate":0.0,"timestamp":1611155997,"path_taken":["R","?","?","?","M","M","T","$","R","$","M","?","R","M","M","BOSS","R","M","$","M","$","?","T","M","?","M","R","?","R","M","M","BOSS"],"items_purchased_type":["Card","Card"],"build_version":"2020-12-22","purchased_purges":1,"victory":false,"max_hp_per_floor":[65,65,65,65,65,65,65,65,75,75,79,91,91,99,115,115,115,115,119,119,123,123,131,131,143,143,147,147,147,147,151,151,151,151,151],"card_choices":[{"not_picked":["Slimebound:FormOfPuddle","Slimebound:LivingWall"],"picked":"Slimebound:LeechEnergy","floor":3},{"not_picked":["Slimebound:Prepare","Slimebound:SplitLeeching"],"picked":"Slimebound:LeechEnergy","floor":5},{"not_picked":["Slimebound:SlimeBrawl","Slimebound:LeechingTouch"],"picked":"Slimebound:SamplingLick","floor":6},{"not_picked":["Slimebound:FormOfPuddle","Slimebound:GoopTackle"],"picked":"Slimebound:MassFeed","floor":8},{"not_picked":["Slimebound:Prepare","Slimebound:ForwardTackle"],"picked":"Slimebound:ItLooksTasty","floor":10},{"not_picked":["Slimebound:SlimeBrawl","Slimebound:SplitMire"],"picked":"Slimebound:LivingWall","floor":11},{"not_picked":["Slimebound:Teamwork","Slimebound:ComboTackle"],"picked":"Slimebound:GoopSpray","floor":12},{"not_picked":["Slimebound:SplitMire","Slimebound:ForwardTackle","Slimebound:PressTheAttack"],"picked":"SKIP","floor":14},{"not_picked":["Slimebound:ForwardTackle","Slimebound:SplitMire"],"picked":"Slimebound:GrowthPunch","floor":15},{"not_picked":["Slimebound:PrepareCrush","Slimebound:Overexert"],"picked":"Slimebound:MassFeed","floor":16},{"not_picked":["Slimebound:SplitLeeching","Slimebound:LeadByExample"],"picked":"Slimebound:Schlurp","floor":19},{"not_picked":["Slimebound:RollThrough","Slimebound:SlimeSpikes"],"picked":"Slimebound:SamplingLick","floor":20},{"not_picked":["Slimebound:Overexert","Slimebound:Chomp"],"picked":"Slimebound:FormOfPuddle","floor":21},{"not_picked":["Slimebound:GoopTackle","Slimebound:SplitBruiser"],"picked":"Slimebound:GrowthPunch","floor":22},{"not_picked":["Slimebound:LivingWall+1","Slimebound:PressTheAttack"],"picked":"Slimebound:Equalize","floor":23},{"not_picked":["Slimebound:RollThrough","Slimebound:FinishingTackle"],"picked":"Slimebound:LeechingTouch","floor":25},{"not_picked":["Slimebound:Equalize","Slimebound:RollThrough"],"picked":"Slimebound:OozeBath","floor":27},{"not_picked":["Slimebound:LeechEnergy+1","Slimebound:RollThrough"],"picked":"Slimebound:ProtectTheBoss","floor":31},{"not_picked":["Slimebound:Replication+1","Slimebound:Repurpose"],"picked":"Slimebound:RainOfGoop","floor":32}],"player_experience":75104,"relics_obtained":[{"floor":24,"key":"Girya"}],"event_choices":[{"damage_healed":0,"gold_gain":0,"player_choice":"Box","damage_taken":0,"relics_obtained":["Pocketwatch"],"max_hp_gain":0,"max_hp_loss":0,"event_name":"Big Fish","floor":4,"gold_loss":0,"cards_obtained":["Regret"]},{"damage_healed":0,"gold_gain":0,"player_choice":"Stole Relic","damage_taken":0,"relics_obtained":["TungstenRod"],"max_hp_gain":0,"max_hp_loss":0,"event_name":"Addict","floor":26,"gold_loss":0,"cards_obtained":["Pride"]}],"is_beta":false,"boss_relics":[{"not_picked":["Calling Bell","aspiration:FutureDiary"],"picked":"Astrolabe"}],"items_purged_floors":[20],"is_endless":false,"potions_floor_spawned":[3,11,12,14,16,19,23,31,32],"killed_by":"SI_MIRROR_ARCHETYPE","ascension_level":0}}