{"host":"6hzrz31j95f2y1pa","time":1611100819,"event":{"mods":["BaseMod","Colored Map","Downfall","Minty Spire (QoL Compilation)","StSLib"],"gold_per_floor":[99,118,135,310,68,99,99,116,143,157,57,57,67,102,114,114,114,114],"floor_reached":16,"language":"ENG","playtime":615,"items_purged":["Doubt"],"score":128,"play_id":"009bf6a0-7cf4-4ae7-9f17-89c38e08031c","local_time":"20210119190019","is_ascension_mode":true,"campfire_choices":[{"floor":1.0,"key":"RECALL"},{"data":"bronze:BuggyMess","floor":11.0,"key":"SMITH"}],"circlet_count":0,"master_deck":["bronze:Strike","bronze:Strike","bronze:Strike","bronze:Strike","bronze:Defend","bronze:Defend","bronze:Defend","bronze:Defend","bronze:Replicate","bronze:Goto","bronze:WildBeam","bronze:Separator","bronze:DelayedSlice","bronze:Backtrace","bronze:Repair","bronze:BuggyMess+1","bronze:FineTuning","bronze:Frontload","bronze:ClassDefault","bronze:Virus","bronze:Invalidate","bronze:Constructor"],"relics":["bronze:BronzeCore","Toy Ornithopter","Bag of Marbles","Centennial Puzzle","downfall:HeartBlessingRed","Unceasing Top"],"acts_visited":["Exordium"],"potions_floor_usage":[14,15,16,16],"damage_taken":[{"damage":5.0,"enemies":"Small Slimes","floor":2.0,"turns":4.0},{"damage":3.0,"enemies":"Jaw Worm","floor":3.0,"turns":3.0},{"damage":0.0,"enemies":"downfall:FleeingMerchant","floor":5.0,"turns":4.0},{"damage":12.0,"enemies":"Gremlin Nob","floor":6.0,"turns":3.0},{"damage":0.0,"enemies":"Cultist","floor":8.0,"turns":1.0},{"damage":23.0,"enemies":"Lagavulin","floor":9.0,"turns":6.0},{"damage":1.0,"enemies":"Red Slaver","floor":10.0,"turns":3.0},{"damage":7,"enemies":"2 Fungi Beasts","floor":13,"turns":2},{"damage":9,"enemies":"3 Sentries","floor":14,"turns":5},{"damage":0,"enemies":"Exordium Thugs","floor":15,"turns":2},{"damage":77,"enemies":"SI_SHIV_ARCHETYPE","floor":16,"turns":7}],"seed_played":"4186534098053805843","potions_obtained":[{"floor":0.0,"key":"EssenceOfSteel"},{"floor":0.0,"key":"Ancient Potion"},{"floor":0.0,"key":"bronze:BuildAFunctionPotion"},{"floor":15,"key":"Fruit Juice"}],"is_trial":false,"path_per_floor":["R","M","M","?","$","E","T","M","E","M","R","?","M","E","M","B"],"character_chosen":"THE_AUTOMATON","items_purchased":["bronze:Backtrace","bronze:Repair"],"campfire_rested":0,"item_purchase_floors":[5,5],"current_hp_per_floor":[70,65,62,62,62,57,57,57,41,48,48,48,41,44,54,0,0,0],"gold":114,"neow_bonus":"THREE_SMALL_POTIONS","is_daily":false,"chose_seed":false,"campfire_upgraded":1,"win_rate":0.0,"timestamp":1611100819,"path_taken":["R","M","M","?","$","E","T","M","E","M","R","?","M","E","M","BOSS"],"items_purchased_type":["Card","Card"],"build_version":"2020-12-22","purchased_purges":1,"victory":false,"max_hp_per_floor":[70,70,70,70,70,70,70,70,70,70,70,70,70,70,75,75,75,75],"card_choices":[{"not_picked":["bronze:BronzeArmor","bronze:BugBarrage"],"picked":"bronze:WildBeam","floor":2.0},{"not_picked":["bronze:Shield","bronze:Philosophize"],"picked":"bronze:Separator","floor":3.0},{"not_picked":["bronze:Repulsor","bronze:WildBeam"],"picked":"bronze:DelayedSlice","floor":5.0},{"not_picked":["bronze:BugBarrage","bronze:Turbo"],"picked":"bronze:BuggyMess","floor":6.0},{"not_picked":["bronze:MaxOutput","bronze:Refactor"],"picked":"bronze:FineTuning","floor":8.0},{"not_picked":["bronze:Invalidate","bronze:DelayedGuard"],"picked":"bronze:Frontload","floor":9.0},{"not_picked":["bronze:Repulsor","bronze:Return"],"picked":"bronze:ClassDefault","floor":10.0},{"not_picked":["bronze:Deprecate","bronze:OilSpill"],"picked":"bronze:Virus","floor":13},{"not_picked":["bronze:DarkDash","bronze:FineTuning"],"picked":"bronze:Invalidate","floor":14},{"not_picked":["bronze:Fortify","bronze:BronzeOrb"],"picked":"bronze:Constructor","floor":15}],"player_experience":1368866,"relics_obtained":[{"floor":6.0,"key":"Toy Ornithopter"},{"floor":7.0,"key":"Bag of Marbles"},{"floor":9.0,"key":"Centennial Puzzle"},{"floor":14,"key":"Unceasing Top"}],"event_choices":[],"is_beta":false,"boss_relics":[],"items_purged_floors":[5],"is_endless":false,"potions_floor_spawned":[2,3,10,15],"killed_by":"SI_SHIV_ARCHETYPE","ascension_level":1}}