{"host":"u9xtr94typ21duox","time":1611119932,"event":{"mods":["BaseMod","Key Reminder","KinomotoSakuraMod(ƒæ÷Æ±æ”£)","LagranYue(¿≠∏Ò¿ °§‘¬)","Marisa£®ÏF”Í°°ƒß¿Ì…≥£©","Minty Spire (QoL Compilation)","Reimu£®≤©¿ˆ¡È√Œ£©","Replay The Spire","StSLib","Td1madao Mod","The Administrix","The Bladedancer","The Bug Knight","The Construct","The Cursed","The Gatherer","The Runesmith","The Servant 0.9.4","WarShipGirlsR/’ΩΩ¢…Ÿ≈ÆR mod","Youmu£®ªÍ∆«—˝√Œ£©","vexMod"],"gold_per_floor":[112,112,131,131,32,32,61,61,61,76,90,40,67,87,87,188,288,299,299,312,328,343,343,371,321,321,347,347,362,362,362],"floor_reached":30,"language":"ZHS","playtime":740,"items_purged":[],"score":380,"play_id":"ca24359d-c368-4e04-8632-12e23e31b2f9","local_time":"20210120131852","is_ascension_mode":true,"campfire_choices":[{"data":"Armaments","floor":6,"key":"SMITH"},{"data":"Wild Strike","floor":15,"key":"SMITH"},{"data":"Battle Trance","floor":23,"key":"SMITH"},{"data":"Offering","floor":28,"key":"SMITH"}],"circlet_count":0,"master_deck":["Strike_R","Strike_R+1","Strike_R+1","Defend_R","Defend_R","Defend_R","Defend_R","Bash+1","Wild Strike+1","Pommel Strike","Infernal Blade+1","Armaments+1","Carnage","Battle Trance+1","Infernal Blade+1","Offering+1","Power Through+1"],"relics":["Burning Blood","LagranYue:RandomDrawCardRelic","NeowsBlessing","Bag of Preparation","keyreminder:keyreminder","Question Card","Replay:Wanted Poster","Replay:Accelerometer","Juzu Bracelet","Replay:WaspNest"],"acts_visited":["Exordium","TheCity"],"potions_floor_usage":[27,27,27],"damage_taken":[{"damage":0,"enemies":"Small Slimes","floor":1,"turns":1},{"damage":0,"enemies":"2 Louse","floor":3,"turns":1},{"damage":0,"enemies":"3 Sentries","floor":7,"turns":1},{"damage":7,"enemies":"Jaw Worm","floor":10,"turns":2},{"damage":8,"enemies":"Lots of Slimes","floor":11,"turns":4},{"damage":16,"enemies":"Gremlin Nob","floor":13,"turns":3},{"damage":0,"enemies":"Large Slime","floor":14,"turns":2},{"damage":48,"enemies":"Hexaghost","floor":16,"turns":6},{"damage":7,"enemies":"Chosen","floor":18,"turns":3},{"damage":12,"enemies":"Shell Parasite","floor":20,"turns":2},{"damage":7,"enemies":"Cultist and Chosen","floor":21,"turns":3},{"damage":19,"enemies":"Snake Plant","floor":22,"turns":3},{"damage":58,"enemies":"Book of Stabbing","floor":24,"turns":5},{"damage":6,"enemies":"Gremlin Leader","floor":27,"turns":3},{"damage":6,"enemies":"3 Cultists","floor":29,"turns":2},{"damage":12,"enemies":"Shelled Parasite and Fungi","floor":30,"turns":2}],"seed_played":"-8601188364932465112","potions_obtained":[{"floor":1,"key":"ElixirPotion"},{"floor":10,"key":"Swift Potion"},{"floor":13,"key":"ZuzhouPotion:ReiMu"},{"floor":14,"key":"Strength Potion"},{"floor":16,"key":"SteroidPotion"},{"floor":18,"key":"DistilledChaos"}],"is_trial":false,"path_per_floor":["M","?","M","?","$","R","E","$","T","M","M","?","E","M","R","B",null,"M","?","M","M","M","R","E","?","T","E","R","M","M"],"character_chosen":"IRONCLAD","items_purchased":["Infernal Blade+1","Armaments"],"campfire_rested":0,"item_purchase_floors":[5,5],"current_hp_per_floor":[80,64,70,70,70,70,76,76,76,75,73,73,63,69,69,27,80,79,79,73,72,59,59,7,7,7,7,7,7,0,0],"gold":362,"neow_bonus":"THREE_ENEMY_KILL","is_daily":false,"chose_seed":false,"campfire_upgraded":4,"win_rate":0.0,"timestamp":1611119932,"path_taken":["M","?","M","?","?","R","E","$","T","M","?","?","E","M","R","BOSS","M","?","?","?","?","R","E","?","T","E","R","M","M"],"items_purchased_type":["Card","Card"],"build_version":"2020-12-22","purchased_purges":0,"victory":false,"max_hp_per_floor":[80,80,80,80,80,80,80,80,80,80,80,80,80,80,80,80,80,80,80,80,80,80,80,80,80,80,80,80,80,80,80],"card_choices":[{"not_picked":["Perfected Strike","Reckless Charge"],"picked":"Wild Strike","floor":1},{"not_picked":["Heavy Blade","Anger"],"picked":"Pommel Strike","floor":3},{"not_picked":["Entrench","Thunderclap","Armaments"],"picked":"SKIP","floor":7},{"not_picked":["Disarm","Anger"],"picked":"Carnage","floor":10},{"not_picked":["Clothesline","Abandon"],"picked":"Battle Trance","floor":11},{"not_picked":["Eclipse","Thunderclap","ReplayReversal"],"picked":"SKIP","floor":13},{"not_picked":["Iron Wave","Battle Trance","Flex","Massacre"],"picked":"SKIP","floor":14},{"not_picked":["ReplayTheSpireMod:Strike From Hell","Combust","Ghostly Armor","Disarm"],"picked":"SKIP","floor":18},{"not_picked":["Dark Embrace","Clothesline","Pommel Strike","Perfected Strike"],"picked":"SKIP","floor":20},{"not_picked":["Headbutt","Defy Death","Shrug It Off","Armaments+1"],"picked":"SKIP","floor":21},{"not_picked":["Clash","ReplayTheSpireMod:Stacked","Headbutt"],"picked":"Infernal Blade+1","floor":22},{"not_picked":["Shrug It Off","Pummel+1","ReplayTheSpireMod:Muscle Training"],"picked":"Offering","floor":24},{"not_picked":["ReplayTheSpireMod:Muscle Training","Feed","ReplayTheSpireMod:Limb From Limb"],"picked":"Power Through+1","floor":27},{"not_picked":["Perfected Strike","Twin Strike+1","Anger+1","Dual Wield"],"picked":"SKIP","floor":29}],"player_experience":319822,"relics_obtained":[{"floor":7,"key":"Bag of Preparation"},{"floor":13,"key":"Question Card"},{"floor":24,"key":"Replay:Accelerometer"},{"floor":26,"key":"Juzu Bracelet"},{"floor":27,"key":"Replay:WaspNest"}],"event_choices":[{"damage_healed":0,"gold_gain":0,"player_choice":"Entered Light","damage_taken":16,"max_hp_gain":0,"max_hp_loss":0,"event_name":"Shining Light","floor":2,"gold_loss":0,"cards_upgraded":["Strike_R","Strike_R"]},{"cards_removed":["Strike_R"],"damage_healed":0,"gold_gain":0,"player_choice":"Card Removal","damage_taken":0,"max_hp_gain":0,"max_hp_loss":0,"event_name":"The Cleric","floor":12,"gold_loss":50},{"cards_removed":["Strike_R"],"damage_healed":0,"gold_gain":0,"player_choice":"Purged","damage_taken":0,"max_hp_gain":0,"max_hp_loss":0,"event_name":"Purifier","floor":19,"gold_loss":0},{"damage_healed":0,"gold_gain":0,"player_choice":"Bet on Murderer","damage_taken":0,"max_hp_gain":0,"max_hp_loss":0,"event_name":"The Joust","floor":25,"gold_loss":50}],"is_beta":false,"boss_relics":[{"not_picked":["vexMod:BigBerry","vexMod:CursedCompass"],"picked":"Replay:Wanted Poster"}],"items_purged_floors":[],"is_endless":false,"potions_floor_spawned":[1,10,13,14,16,18,20,22],"killed_by":"Shelled Parasite and Fungi","ascension_level":3}}