{"host":"684z1xpuwaoqmmh1","time":1611138125,"event":{"mods":["Bard","BaseMod","Downfall","Hermit","Jorbs\u0027s Wanderer Trilogy","Marisa????????","Minty Spire (QoL Compilation)","Robot Space Explorer","Shade Mod","StSLib","The Bug Knight","The Cursed","The Hayseed","The Hierophant","The Marked","The Mystic","The Runesmith","The Senshi","The Spell Scribe"],"gold_per_floor":[112,129,143,157,175,175,203,203,203,203,238,252,31,58,58,153,153,173,185,135,146,166,196,196,210,287,287,323,323,323],"floor_reached":29,"language":"ENG","playtime":2008,"items_purged":["TheSimpletonMod:Strike_TheSimpleton"],"score":390,"play_id":"e4b859c0-50eb-43ca-9d0d-9c9a63147b90","local_time":"20210120122205","is_ascension_mode":true,"campfire_choices":[{"data":"TheSimpletonMod:Sunseed","floor":6.0,"key":"SMITH"},{"data":"TheSimpletonMod:StockTheCellar","floor":10.0,"key":"SMITH"},{"data":"TheSimpletonMod:Spinach","floor":15.0,"key":"SMITH"},{"floor":24.0,"key":"REST"},{"floor":27,"key":"REST"}],"circlet_count":0,"master_deck":["TheSimpletonMod:Strike_TheSimpleton","TheSimpletonMod:Strike_TheSimpleton+1","TheSimpletonMod:Defend_TheSimpleton","TheSimpletonMod:Defend_TheSimpleton","TheSimpletonMod:Defend_TheSimpleton","TheSimpletonMod:Haymaker","TheSimpletonMod:ReapAndSow","TheSimpletonMod:Swelter","TheSimpletonMod:Sunseed+1","TheSimpletonMod:StockTheCellar+1","TheSimpletonMod:Pruning","TheSimpletonMod:Aerate","TheSimpletonMod:Swelter","TheSimpletonMod:Sunchoke","TheSimpletonMod:ResistantStrain","TheSimpletonMod:Spinach+1","TheSimpletonMod:CrackOfDawn","TheSimpletonMod:OnionBloom+1","TheSimpletonMod:SeedCoat+1","TheSimpletonMod:BumperCrop","TheSimpletonMod:Sunseed+1","TheSimpletonMod:Turnips+1","TheSimpletonMod:Aerate+1"],"relics":["TheSimpletonMod:SpudOfTheInnocent","TheSimpletonMod:NightSoil","TheSimpletonMod:TheHarvester","Nunchaku","Pantograph","Smiling Mask","champ:Barbells","Shuriken","Empty Cage","theSenshi:SuperSailorFukuRelic","White Beast Statue","CeramicFish"],"acts_visited":["Exordium","TheCity"],"potions_floor_usage":[25,28,29],"damage_taken":[{"damage":1.0,"enemies":"Cultist","floor":1.0,"turns":4.0},{"damage":7.0,"enemies":"Jaw Worm","floor":2.0,"turns":4.0},{"damage":0.0,"enemies":"2 Louse","floor":3.0,"turns":2.0},{"damage":3.0,"enemies":"Large Slime","floor":4.0,"turns":8.0},{"damage":0.0,"enemies":"3 Louse","floor":5.0,"turns":2.0},{"damage":0.0,"enemies":"3 Sentries","floor":7.0,"turns":5.0},{"damage":49.0,"enemies":"Gremlin Nob","floor":11.0,"turns":6.0},{"damage":0.0,"enemies":"2 Fungi Beasts","floor":12.0,"turns":2.0},{"damage":5.0,"enemies":"HollowMod:MossKnight","floor":14.0,"turns":11.0},{"damage":11.0,"enemies":"Hexaghost","floor":16.0,"turns":8.0},{"damage":0.0,"enemies":"3 Byrds","floor":18.0,"turns":3.0},{"damage":9.0,"enemies":"Spheric Guardian","floor":19.0,"turns":4.0},{"damage":16.0,"enemies":"Snake Plant","floor":21.0,"turns":5.0},{"damage":9.0,"enemies":"Shelled Parasite and Fungi","floor":22.0,"turns":4.0},{"damage":24.0,"enemies":"Slavers","floor":23.0,"turns":5.0},{"damage":17,"enemies":"Cultist and Chosen","floor":25,"turns":7},{"damage":53,"enemies":"Gremlin Leader","floor":28,"turns":10},{"damage":0,"enemies":"Colosseum Slavers","floor":29,"turns":4},{"damage":26,"enemies":"Colosseum Nobs","floor":29,"turns":3}],"seed_played":"8904584495758038494","potions_obtained":[{"floor":0.0,"key":"Energy Potion"},{"floor":0.0,"key":"AttackPotion"},{"floor":0.0,"key":"Explosive Potion"},{"floor":5.0,"key":"Explosive Potion"},{"floor":11.0,"key":"Weak Potion"},{"floor":12.0,"key":"LiquidMemories"},{"floor":14.0,"key":"Explosive Potion"},{"floor":21.0,"key":"SneckoOil"},{"floor":22.0,"key":"Guardian:BlockOnCardUsePotion"},{"floor":25,"key":"Fire Potion"},{"floor":28,"key":"champ:CounterPotion"}],"is_trial":false,"path_per_floor":["M","M","M","M","M","R","E","?","T","R","E","M","$","E","R","B",null,"M","M","$","M","M","E","R","M","T","R","E","?"],"character_chosen":"THE_SIMPLETON","items_purchased":["TheSimpletonMod:ResistantStrain","champ:Barbells"],"campfire_rested":2,"item_purchase_floors":[13,13],"current_hp_per_floor":[75,72,75,75,75,75,75,75,75,75,30,34,34,33,33,51,69,73,64,64,52,47,27,49,36,36,58,9,0,0],"gold":323,"neow_bonus":"THREE_SMALL_POTIONS","is_daily":false,"chose_seed":false,"campfire_upgraded":3,"win_rate":0.0,"timestamp":1611138125,"path_taken":["M","M","M","?","M","R","E","?","T","R","E","M","?","E","R","BOSS","M","M","?","M","?","E","R","M","T","R","E","?"],"items_purchased_type":["Card","Relic"],"build_version":"2020-12-22","purchased_purges":1,"victory":false,"max_hp_per_floor":[75,75,75,75,75,75,75,75,75,75,75,75,75,75,75,75,75,75,75,75,75,75,75,75,75,75,75,75,75,75],"card_choices":[{"not_picked":["TheSimpletonMod:SoilSample","TheSimpletonMod:Rototilling"],"picked":"TheSimpletonMod:Swelter","floor":1.0},{"not_picked":["TheSimpletonMod:SaladShooter","TheSimpletonMod:Polyculture"],"picked":"TheSimpletonMod:Sunseed","floor":2.0},{"not_picked":["TheSimpletonMod:ControlledBurn","TheSimpletonMod:Mulch"],"picked":"TheSimpletonMod:StockTheCellar","floor":3.0},{"not_picked":["TheSimpletonMod:VineRipen","TheSimpletonMod:SpiceUp"],"picked":"TheSimpletonMod:Pruning","floor":4.0},{"not_picked":["TheSimpletonMod:OnionBloom","TheSimpletonMod:SeedCoat"],"picked":"TheSimpletonMod:Aerate","floor":5.0},{"not_picked":["TheSimpletonMod:Aerate","TheSimpletonMod:SaladShooter"],"picked":"TheSimpletonMod:Swelter","floor":7.0},{"not_picked":["TheSimpletonMod:SaladShooter","TheSimpletonMod:VineRipen","TheSimpletonMod:Ferment"],"picked":"SKIP","floor":11.0},{"not_picked":["TheSimpletonMod:Rototilling","TheSimpletonMod:Aerate"],"picked":"TheSimpletonMod:Sunchoke","floor":12.0},{"not_picked":["TheSimpletonMod:VineRipen","TheSimpletonMod:Biorefinement"],"picked":"TheSimpletonMod:Spinach","floor":14.0},{"not_picked":["TheSimpletonMod:Surplus","TheSimpletonMod:FanTheFlames"],"picked":"TheSimpletonMod:CrackOfDawn","floor":16.0},{"not_picked":["TheSimpletonMod:SoilSample","TheSimpletonMod:GoToMarket"],"picked":"TheSimpletonMod:OnionBloom","floor":18.0},{"not_picked":["TheSimpletonMod:PestManagement","TheSimpletonMod:Swelter"],"picked":"TheSimpletonMod:SeedCoat","floor":19.0},{"not_picked":["TheSimpletonMod:Aerate","TheSimpletonMod:SaladShooter","TheSimpletonMod:CullingStrike"],"picked":"SKIP","floor":21.0},{"not_picked":["TheSimpletonMod:OnionBloom","TheSimpletonMod:Squash"],"picked":"TheSimpletonMod:BumperCrop","floor":22.0},{"not_picked":["TheSimpletonMod:Surplus","TheSimpletonMod:DoubleBarrel"],"picked":"TheSimpletonMod:Sunseed+1","floor":23.0},{"not_picked":["TheSimpletonMod:Squash+1","TheSimpletonMod:Rototilling"],"picked":"TheSimpletonMod:Turnips+1","floor":25},{"not_picked":["TheSimpletonMod:PestManagement","TheSimpletonMod:Rototilling"],"picked":"TheSimpletonMod:Aerate+1","floor":28}],"player_experience":2921976,"relics_obtained":[{"floor":7.0,"key":"Nunchaku"},{"floor":9.0,"key":"Pantograph"},{"floor":11.0,"key":"Smiling Mask"},{"floor":14.0,"key":"Shuriken"},{"floor":23.0,"key":"theSenshi:SuperSailorFukuRelic"},{"floor":26,"key":"White Beast Statue"},{"floor":28,"key":"CeramicFish"}],"event_choices":[{"damage_healed":0.0,"max_hp_gain":0.0,"max_hp_loss":0.0,"gold_gain":0.0,"event_name":"The Woman in Blue","player_choice":"Bought 0 Potions","floor":8.0,"gold_loss":0.0,"damage_taken":0.0},{"damage_healed":0,"gold_gain":0,"player_choice":"Fight","damage_taken":0,"max_hp_gain":0,"max_hp_loss":0,"event_name":"Colosseum","floor":29,"gold_loss":0},{"damage_healed":0,"gold_gain":0,"player_choice":"Fought Nobs","damage_taken":0,"max_hp_gain":0,"max_hp_loss":0,"event_name":"Colosseum","floor":29,"gold_loss":0}],"is_beta":false,"boss_relics":[{"not_picked":["theSenshi:MoonKaleidoScopeRelic","Calling Bell"],"picked":"Empty Cage"}],"items_purged_floors":[20],"is_endless":false,"potions_floor_spawned":[2,5,11,12,14,16,21,22,25,28,29],"killed_by":"Colosseum Nobs","ascension_level":5}}