{"host":"1q02rw1wpi0nrsss","time":1611184752,"event":{"mods":["AchievementEnabler","BaseMod","Better Note","Custom Start","Dark Map","DeckTracker","Disable Question Mark Monsters","Minty Spire (QoL Compilation)","Permanent Neow","Quick Restart","Rare Cards Sparkle","Relic Stats","StSLib"],"gold_per_floor":[119,119,134,134,146,146,179,149,149,149,97,97,97,107,107,207,207,224,243,260,280,280,280,293,293,293],"floor_reached":25,"language":"ENG","playtime":813,"items_purged":[],"score":325,"play_id":"5732f64e-0323-4ba0-9a25-c406cc0822ba","local_time":"20210120151912","is_ascension_mode":true,"campfire_choices":[{"data":"Combust","floor":6,"key":"SMITH"},{"data":"Metallicize","floor":10,"key":"SMITH"},{"floor":13,"key":"REST"},{"floor":15,"key":"REST"},{"floor":23,"key":"REST"}],"circlet_count":0,"master_deck":["AscendersBane","Strike_R","Strike_R","Strike_R","Strike_R","Defend_R","Defend_R","Defend_R","Defend_R","Bash","Shrug It Off+1","Metallicize+1","Combust+1","Spot Weakness","Cleave+1","Sword Boomerang","Reaper","Hemokinesis","Armaments+1","Dark Embrace"],"relics":["Burning Blood","Letter Opener","Pantograph","Velvet Choker"],"acts_visited":["Exordium","TheCity"],"potions_floor_usage":[7,20,20,24,25],"damage_taken":[{"damage":4,"enemies":"2 Louse","floor":1,"turns":4},{"damage":4,"enemies":"Small Slimes","floor":3,"turns":5},{"damage":3,"enemies":"Cultist","floor":5,"turns":4},{"damage":55,"enemies":"Lagavulin","floor":7,"turns":8},{"damage":3,"enemies":"Looter","floor":8,"turns":4},{"damage":24,"enemies":"Gremlin Gang","floor":14,"turns":3},{"damage":57,"enemies":"Slime Boss","floor":16,"turns":9},{"damage":32,"enemies":"Spheric Guardian","floor":18,"turns":5},{"damage":40,"enemies":"Shell Parasite","floor":19,"turns":6},{"damage":13,"enemies":"Cultist and Chosen","floor":20,"turns":5},{"damage":23,"enemies":"Centurion and Healer","floor":21,"turns":7},{"damage":24,"enemies":"Chosen and Byrds","floor":24,"turns":6},{"damage":39,"enemies":"Slavers","floor":25,"turns":3}],"seed_played":"-2042476295829245453","potions_obtained":[{"floor":3,"key":"Strength Potion"},{"floor":14,"key":"LiquidBronze"},{"floor":16,"key":"Dexterity Potion"},{"floor":21,"key":"BlessingOfTheForge"},{"floor":24,"key":"Fire Potion"}],"is_trial":false,"path_per_floor":["M","?","M","?","M","R","E","M","T","R","$","?","R","M","R","B",null,"M","M","M","M","?","R","M","E"],"character_chosen":"IRONCLAD","items_purchased":["Cleave"],"campfire_rested":3,"item_purchase_floors":[11],"current_hp_per_floor":[82,82,84,84,87,87,38,41,41,41,41,41,67,49,75,37,75,49,25,26,23,23,49,38,0,0],"gold":293,"neow_bonus":"TEN_PERCENT_HP_BONUS","is_daily":false,"chose_seed":false,"campfire_upgraded":2,"win_rate":0.0,"timestamp":1611184752,"path_taken":["M","?","M","?","M","R","E","?","T","R","$","?","R","?","R","BOSS","M","M","M","M","?","R","M","E"],"items_purchased_type":["Card"],"build_version":"2020-12-22","purchased_purges":0,"victory":false,"max_hp_per_floor":[88,88,88,88,88,88,88,88,88,88,88,88,88,88,88,88,88,88,88,88,88,88,88,88,88,88],"relic_stats":{"counters":[13,69],"Pantograph":13,"Letter Opener":[15],"obtain_stats":[{"Pantograph":9,"Velvet Choker":17,"Letter Opener":7,"Burning Blood":0},{"Pantograph":5,"Velvet Choker":7,"Letter Opener":4,"Burning Blood":0},{"Pantograph":25,"Velvet Choker":37,"Letter Opener":21,"Burning Blood":0}],"Burning Blood":72},"card_choices":[{"not_picked":["Warcry","Clothesline"],"picked":"Shrug It Off","floor":1},{"not_picked":["Pommel Strike","Heavy Blade"],"picked":"Metallicize","floor":3},{"not_picked":["Iron Wave","Pommel Strike"],"picked":"Combust","floor":5},{"not_picked":["Dark Embrace","Exhume"],"picked":"Spot Weakness","floor":7},{"not_picked":["Clothesline","Spot Weakness","Havoc"],"picked":"SKIP","floor":8},{"not_picked":["Clothesline","Sentinel"],"picked":"Sword Boomerang","floor":14},{"not_picked":["Berserk","Bludgeon"],"picked":"Reaper","floor":16},{"not_picked":["Perfected Strike","Wild Strike"],"picked":"Hemokinesis","floor":18},{"not_picked":["Sword Boomerang","Bloodletting","Dark Embrace"],"picked":"SKIP","floor":19},{"not_picked":["Uppercut","True Grit","Cleave+1"],"picked":"SKIP","floor":20},{"not_picked":["Flex+1","Blood for Blood"],"picked":"Armaments+1","floor":21},{"not_picked":["Carnage","Havoc","Armaments"],"picked":"SKIP","floor":24}],"player_experience":423114,"relics_obtained":[{"floor":7,"key":"Letter Opener"},{"floor":9,"key":"Pantograph"}],"event_choices":[{"damage_healed":0,"gold_gain":0,"player_choice":"Grow","damage_taken":0,"max_hp_gain":0,"max_hp_loss":0,"event_name":"Living Wall","floor":2,"gold_loss":0,"cards_upgraded":["Shrug It Off"]},{"damage_healed":0,"gold_gain":0,"player_choice":"Bought 0 Potions","damage_taken":0,"max_hp_gain":0,"max_hp_loss":0,"event_name":"The Woman in Blue","floor":4,"gold_loss":0},{"damage_healed":0,"gold_gain":0,"player_choice":"Upgraded","damage_taken":0,"max_hp_gain":0,"max_hp_loss":0,"event_name":"Upgrade Shrine","floor":12,"gold_loss":0,"cards_upgraded":["Cleave"]},{"damage_healed":0,"gold_gain":0,"cards_transformed":["Strike_R"],"player_choice":"Transformed","damage_taken":0,"max_hp_gain":0,"max_hp_loss":0,"event_name":"Transmorgrifier","floor":22,"gold_loss":0,"cards_obtained":["Dark Embrace"]}],"is_beta":false,"boss_relics":[{"not_picked":["Runic Pyramid","Runic Cube"],"picked":"Velvet Choker"}],"items_purged_floors":[],"is_endless":false,"potions_floor_spawned":[3,14,16,18,21,24],"killed_by":"Slavers","ascension_level":12}}