{"host":"1c17lcvl7acx821p","time":1611143400,"event":{"mods":["AchievementEnabler","BaseMod","Colored Map","Minty Spire (QoL Compilation)","StSLib"],"gold_per_floor":[109,109,124,137,149,149,183,34,86,86,98,98,98,132,132,228,228,238,255,273,293,21,21,21,49,49,49,148,148,181,192,192,289,289,306,326,326,345,345,370,370,404,430,464,464,481,41,0,0,0],"floor_reached":51,"language":"ENG","playtime":3047,"items_purged":["Strike_G","Defend_G","Defend_G"],"score":1107,"play_id":"d7ed6c6a-9a4c-4f60-9cbf-ff9d5e02a732","local_time":"20210120135000","is_ascension_mode":true,"campfire_choices":[{"data":"Quick Slash","floor":6.0,"key":"SMITH"},{"data":"Neutralize","floor":10.0,"key":"SMITH"},{"floor":12.0,"key":"REST"},{"data":"Well Laid Plans","floor":15.0,"key":"SMITH"},{"data":"Malaise","floor":23,"key":"SMITH"},{"data":"Finisher","floor":29,"key":"SMITH"},{"data":"Adrenaline","floor":32,"key":"SMITH"},{"data":"Doppelganger","floor":41,"key":"SMITH"},{"floor":49,"key":"REST"}],"circlet_count":0,"master_deck":["Strike_G","Strike_G","Strike_G","Strike_G","Defend_G","Defend_G","Defend_G","Survivor","Neutralize+1","Escape Plan","Finisher+1","Quick Slash+1","Heel Hook","Well Laid Plans+1","Heel Hook","Adrenaline+1","Malaise+1","Flying Knee+1","After Image","Finesse","Doppelganger+1","Deflect+1","Purity","Good Instincts","Leg Sweep+1","Footwork+1","Acrobatics+1","Metamorphosis+1"],"relics":["Ring of the Serpent","Centennial Puzzle","FaceOfCleric","StrikeDummy","Bag of Marbles","Art of War","Busted Crown","HornCleat","Bird Faced Urn","Akabeko","Toxic Egg 2","Frozen Egg 2","Regal Pillow","Red Mask"],"acts_visited":["Exordium","TheCity","TheBeyond"],"potions_floor_usage":[30,38],"damage_taken":[{"damage":16.0,"enemies":"Jaw Worm","floor":1.0,"turns":7.0},{"damage":2.0,"enemies":"Cultist","floor":3.0,"turns":4.0},{"damage":1.0,"enemies":"2 Louse","floor":4.0,"turns":3.0},{"damage":3.0,"enemies":"Blue Slaver","floor":5.0,"turns":3.0},{"damage":25.0,"enemies":"3 Sentries","floor":7.0,"turns":7.0},{"damage":0.0,"enemies":"Large Slime","floor":11.0,"turns":3.0},{"damage":0.0,"enemies":"Lagavulin","floor":14.0,"turns":6.0},{"damage":17.0,"enemies":"Slime Boss","floor":16.0,"turns":9.0},{"damage":7.0,"enemies":"Spheric Guardian","floor":18.0,"turns":4.0},{"damage":1.0,"enemies":"2 Thieves","floor":19.0,"turns":2.0},{"damage":0,"enemies":"Snake Plant","floor":20,"turns":7},{"damage":9,"enemies":"Cultist and Chosen","floor":21,"turns":6},{"damage":0,"enemies":"Book of Stabbing","floor":25,"turns":6},{"damage":3,"enemies":"Slavers","floor":30,"turns":5},{"damage":8,"enemies":"Centurion and Healer","floor":31,"turns":3},{"damage":5,"enemies":"Collector","floor":33,"turns":11},{"damage":0,"enemies":"Orb Walker","floor":35,"turns":3},{"damage":0,"enemies":"3 Darklings","floor":36,"turns":7},{"damage":0,"enemies":"Transient","floor":38,"turns":5},{"damage":1,"enemies":"Reptomancer","floor":40,"turns":6},{"damage":23,"enemies":"Giant Head","floor":42,"turns":8},{"damage":12,"enemies":"Nemesis","floor":44,"turns":7},{"damage":7,"enemies":"Sphere and 2 Shapes","floor":46,"turns":7},{"damage":44,"enemies":"Time Eater","floor":50,"turns":13}],"seed_played":"7848534898962548466","potions_obtained":[{"floor":1.0,"key":"PowerPotion"},{"floor":7.0,"key":"SkillPotion"},{"floor":11.0,"key":"LiquidBronze"},{"floor":16.0,"key":"Ancient Potion"},{"floor":19,"key":"Fire Potion"},{"floor":20,"key":"GhostInAJar"},{"floor":30,"key":"EntropicBrew"},{"floor":42,"key":"GhostInAJar"}],"is_trial":false,"path_per_floor":["M","?","M","M","M","R","E","$","T","R","M","R","$","E","R","B",null,"M","M","M","M","$","R","$","E","T","?","?","R","E","M","R","B",null,"M","M","?","M","?","E","R","E","T","E","?","M","$","?","R","B",null],"character_chosen":"THE_SILENT","items_purchased":["Well Laid Plans","After Image","Finesse","Footwork+1","Acrobatics+1","Metamorphosis+1"],"campfire_rested":2,"item_purchase_floors":[8,22,22,47,47,47],"current_hp_per_floor":[47,47,46,46,44,44,20,20,20,20,21,43,43,44,44,28,65,59,59,60,52,52,52,52,53,53,53,53,53,55,52,52,52,77,82,87,83,84,74,78,78,60,60,53,53,51,51,51,88,49],"gold":0,"neow_bonus":"RANDOM_COMMON_RELIC","is_daily":false,"chose_seed":false,"campfire_upgraded":7,"win_rate":0.0,"timestamp":1611143400,"path_taken":["M","?","M","M","?","R","E","$","T","R","M","R","$","E","R","BOSS","M","M","M","M","$","R","?","E","T","?","?","R","E","M","R","BOSS","M","M","?","M","?","E","R","E","T","E","?","M","$","?","R","BOSS"],"items_purchased_type":["Card","Card","Card","Card","Card","Card"],"build_version":"2020-12-22","purchased_purges":3,"victory":true,"max_hp_per_floor":[70,70,71,72,73,73,74,74,74,74,75,75,75,76,76,77,77,78,79,80,81,81,81,81,82,82,82,82,82,83,84,84,85,85,86,87,83,84,84,85,85,86,86,87,87,88,88,88,88,89],"card_choices":[{"not_picked":["Choke","PiercingWail"],"picked":"Escape Plan","floor":1.0},{"not_picked":["Bane","Distraction"],"picked":"Finisher","floor":3.0},{"not_picked":["Dagger Throw","Bane"],"picked":"Quick Slash","floor":4.0},{"not_picked":["Cloak And Dagger","Outmaneuver"],"picked":"Deflect","floor":5.0},{"not_picked":["Cloak And Dagger","Dodge and Roll"],"picked":"Heel Hook","floor":7.0},{"not_picked":["Bouncing Flask","Dagger Spray"],"picked":"Heel Hook","floor":11.0},{"not_picked":["Deflect","Dagger Throw"],"picked":"Adrenaline","floor":14.0},{"not_picked":["Venomology","Bullet Time"],"picked":"Malaise","floor":16.0},{"not_picked":["Poisoned Stab"],"picked":"SKIP","floor":18.0},{"not_picked":["Poisoned Stab"],"picked":"SKIP","floor":19},{"not_picked":["Poisoned Stab"],"picked":"SKIP","floor":20},{"not_picked":[],"picked":"Flying Knee+1","floor":21},{"not_picked":["Sucker Punch"],"picked":"SKIP","floor":25},{"not_picked":["Blade Dance"],"picked":"SKIP","floor":30},{"not_picked":["Poisoned Stab"],"picked":"SKIP","floor":31},{"not_picked":[],"picked":"Doppelganger","floor":33},{"not_picked":[],"picked":"Deflect+1","floor":35},{"not_picked":["Outmaneuver"],"picked":"SKIP","floor":36},{"not_picked":["Crippling Poison"],"picked":"SKIP","floor":38},{"not_picked":[],"picked":"Purity","floor":39},{"not_picked":[],"picked":"Good Instincts","floor":39},{"not_picked":["All Out Attack"],"picked":"SKIP","floor":40},{"not_picked":[],"picked":"Leg Sweep+1","floor":42},{"not_picked":["Sucker Punch"],"picked":"SKIP","floor":44},{"not_picked":["Slice"],"picked":"SKIP","floor":46}],"player_experience":154517,"relics_obtained":[{"floor":7.0,"key":"StrikeDummy"},{"floor":9.0,"key":"Bag of Marbles"},{"floor":14.0,"key":"Art of War"},{"floor":25,"key":"HornCleat"},{"floor":26,"key":"Bird Faced Urn"},{"floor":30,"key":"Akabeko"},{"floor":40,"key":"Toxic Egg 2"},{"floor":42,"key":"Frozen Egg 2"},{"floor":44,"key":"Regal Pillow"}],"event_choices":[{"damage_healed":0.0,"max_hp_gain":0.0,"max_hp_loss":0.0,"gold_gain":0.0,"event_name":"FaceTrader","player_choice":"Trade","floor":2.0,"gold_loss":0.0,"damage_taken":0.0,"relics_obtained":["FaceOfCleric"]},{"damage_healed":0,"gold_gain":0,"player_choice":"Ignored","damage_taken":0,"max_hp_gain":0,"max_hp_loss":0,"event_name":"Ghosts","floor":27,"gold_loss":0},{"damage_healed":0,"gold_gain":99,"player_choice":"Stole From Cult","damage_taken":0,"max_hp_gain":0,"max_hp_loss":0,"event_name":"Nest","floor":28,"gold_loss":0},{"damage_healed":0,"gold_gain":0,"player_choice":"Max HP","damage_taken":0,"max_hp_gain":0,"max_hp_loss":4,"event_name":"Winding Halls","floor":37,"gold_loss":0},{"damage_healed":0,"gold_gain":0,"player_choice":"Memory 3","damage_taken":10,"max_hp_gain":0,"max_hp_loss":0,"event_name":"SensoryStone","floor":39,"gold_loss":0},{"cards_removed":["Deflect"],"damage_healed":0,"gold_gain":0,"player_choice":"Removed Skill","damage_taken":0,"max_hp_gain":0,"max_hp_loss":0,"event_name":"Falling","floor":45,"gold_loss":0},{"damage_healed":0,"gold_gain":0,"player_choice":"Paid","damage_taken":0,"relics_obtained":["Red Mask"],"max_hp_gain":0,"max_hp_loss":0,"event_name":"Tomb of Lord Red Mask","floor":48,"gold_loss":41}],"is_beta":false,"boss_relics":[{"not_picked":["Runic Dome","Velvet Choker"],"picked":"Busted Crown"},{"not_picked":["SacredBark","Cursed Key"],"picked":"Ring of the Serpent"}],"items_purged_floors":[8,22,47],"is_endless":false,"potions_floor_spawned":[1,7,11,16,19,20,30,35,42,44,46],"ascension_level":7}}