{"host":"nbmmy2ys5j9alw05","time":1611140040,"event":{"mods":["AchievementEnabler","BaseMod","Bestiary","Better Vampires","Colored Map","Colored Powertips","Googly Eyes","Minty Spire (QoL Compilation)","Quick Restart","StSLib","The Hierophant","The IronCluck","everything is the same but u backflip on backflip"],"gold_per_floor":[110,35,35,35,35,61,61,94,94,127,53,53,63,63,63,159,159,179,179,179,94,94,94,108,108,159,159,187,206,241,241,241,339,339,350,350,350,250,277,277,309,309,309,309,329,66,66,66,66,66],"floor_reached":51,"language":"ENG","playtime":1150,"items_purged":["Strike_B","Decay","Shame"],"score":1107,"play_id":"6801518e-6d65-459c-a744-38c481fffc6e","local_time":"20210120025400","is_ascension_mode":true,"campfire_choices":[{"data":"Zap","floor":7,"key":"SMITH"},{"data":"Defragment","floor":12,"key":"SMITH"},{"data":"Creative AI","floor":15,"key":"SMITH"},{"data":"White Noise","floor":23,"key":"SMITH"},{"data":"Loop","floor":25,"key":"SMITH"},{"data":"Hologram","floor":27,"key":"SMITH"},{"floor":32,"key":"REST"},{"data":"Madness","floor":40,"key":"SMITH"},{"floor":42,"key":"REST"},{"data":"Madness","floor":44,"key":"SMITH"},{"data":"Machine Learning","floor":49,"key":"SMITH"}],"circlet_count":0,"master_deck":["Defend_B+1","Defend_B+1","Defend_B+1","Zap+1","Dualcast","Chill","White Noise+1","Go for the Eyes","Creative AI+1","Defragment+1","Hologram+1","Electrodynamics","Loop+1","Machine Learning+1","Madness+1","Madness+1","Writhe","Skim","Doubt"],"relics":["Cracked Core","NeowsBlessing","Orichalcum","Blood Vial","Darkstone Periapt","Symbiotic Virus","Inserter","PreservedInsect","MealTicket","Sundial","Anchor","Cursed Key","Oddly Smooth Stone","Dead Branch","Shuriken"],"acts_visited":["Exordium","TheCity","TheBeyond"],"potions_floor_usage":[10,10,13,33,50,50,50],"damage_taken":[{"damage":0,"enemies":"Jaw Worm","floor":1,"turns":1},{"damage":0,"enemies":"3 Sentries","floor":6,"turns":2},{"damage":0,"enemies":"Lagavulin","floor":8,"turns":1},{"damage":13,"enemies":"Gremlin Nob","floor":10,"turns":4},{"damage":6,"enemies":"2 Louse","floor":13,"turns":3},{"damage":9,"enemies":"Slime Boss","floor":16,"turns":5},{"damage":2,"enemies":"Chosen","floor":18,"turns":4},{"damage":0,"enemies":"3 Byrds","floor":24,"turns":4},{"damage":42,"enemies":"Slavers","floor":28,"turns":3},{"damage":8,"enemies":"Snecko","floor":29,"turns":4},{"damage":22,"enemies":"Book of Stabbing","floor":30,"turns":5},{"damage":24,"enemies":"Automaton","floor":33,"turns":11},{"damage":16,"enemies":"3 Darklings","floor":35,"turns":5},{"damage":36,"enemies":"Nemesis","floor":41,"turns":6},{"damage":32,"enemies":"Orb Walker","floor":45,"turns":5},{"damage":12,"enemies":"Donu and Deca","floor":50,"turns":4}],"seed_played":"-2604317749621376884","potions_obtained":[{"floor":1,"key":"PowerPotion"},{"floor":6,"key":"Block Potion"},{"floor":10,"key":"Regen Potion"},{"floor":28,"key":"Dexterity Potion"},{"floor":29,"key":"Ancient Potion"},{"floor":41,"key":"FearPotion"}],"is_trial":false,"path_per_floor":["M","$","?","$","?","E","R","E","T","E","$","R","M","?","R","B",null,"M","?","?","?","?","R","M","R","T","R","E","M","E","?","R","B",null,"M","?","?","$","T","R","E","R","T","R","M","$","?","?","R","B",null],"character_chosen":"DEFECT","items_purchased":["Defragment","FocusPotion","Block Potion","Skim"],"campfire_rested":2,"item_purchase_floors":[11,46,46,46],"current_hp_per_floor":[68,68,68,68,68,68,68,68,68,57,57,57,62,55,55,48,68,68,68,68,68,68,68,70,70,70,70,30,24,4,10,34,12,64,50,50,40,55,61,61,27,53,59,59,29,44,99,99,99,87],"gold":66,"neow_bonus":"THREE_ENEMY_KILL","is_daily":false,"chose_seed":false,"campfire_upgraded":9,"win_rate":0.0,"timestamp":1611140040,"path_taken":["M","$","?","$","?","E","R","E","T","E","$","R","?","?","R","BOSS","M","?","?","?","?","R","?","R","T","R","E","M","E","?","R","BOSS","M","?","?","$","?","R","E","R","T","R","M","$","?","?","R","BOSS"],"items_purchased_type":["Card","Potion","Potion","Card"],"build_version":"2020-12-22","purchased_purges":3,"victory":true,"max_hp_per_floor":[75,75,75,75,75,75,75,75,75,75,75,75,75,75,75,75,75,75,75,75,75,75,75,75,75,75,75,75,75,75,81,81,81,81,81,81,81,81,87,87,87,87,93,93,93,93,99,99,99,99],"card_choices":[{"not_picked":["Force Field","Go for the Eyes"],"picked":"Chill","floor":1},{"not_picked":["Hologram","Sweeping Beam"],"picked":"White Noise","floor":6},{"not_picked":["Reprogram","Beam Cell"],"picked":"Go for the Eyes","floor":8},{"not_picked":["Glacier","Turbo"],"picked":"Creative AI","floor":10},{"not_picked":["Recycle","Chill"],"picked":"Hologram","floor":13},{"not_picked":["Machine Learning","All For One"],"picked":"Electrodynamics","floor":16},{"not_picked":["Cold Snap","Leap+1"],"picked":"Loop","floor":18},{"not_picked":["Steam+1","Cold Snap","Barrage"],"picked":"SKIP","floor":24},{"not_picked":["Scrape","Sweeping Beam","Stack+1"],"picked":"SKIP","floor":28},{"not_picked":["Turbo+1","Coolheaded","Go for the Eyes"],"picked":"SKIP","floor":29},{"not_picked":["Compile Driver","Steam","Reinforced Body"],"picked":"SKIP","floor":30},{"not_picked":["All For One","Electrodynamics"],"picked":"Machine Learning","floor":33},{"not_picked":["Blizzard+1","Darkness","Go for the Eyes"],"picked":"SKIP","floor":35},{"not_picked":["Rebound+1","Conserve Battery+1","Fusion"],"picked":"SKIP","floor":41},{"not_picked":["FTL+1","Gash+1","Coolheaded"],"picked":"SKIP","floor":45}],"player_experience":500372,"relics_obtained":[{"floor":6,"key":"Orichalcum"},{"floor":8,"key":"Blood Vial"},{"floor":9,"key":"Darkstone Periapt"},{"floor":10,"key":"Symbiotic Virus"},{"floor":26,"key":"MealTicket"},{"floor":28,"key":"Sundial"},{"floor":30,"key":"Anchor"},{"floor":39,"key":"Oddly Smooth Stone"},{"floor":41,"key":"Dead Branch"},{"floor":43,"key":"Shuriken"}],"event_choices":[{"cards_removed":["Strike_B"],"damage_healed":0,"gold_gain":0,"player_choice":"Forget","damage_taken":0,"max_hp_gain":0,"max_hp_loss":0,"event_name":"Living Wall","floor":3,"gold_loss":0},{"cards_removed":["Strike_B"],"damage_healed":0,"gold_gain":0,"player_choice":"Purged","damage_taken":0,"max_hp_gain":0,"max_hp_loss":0,"event_name":"Purifier","floor":5,"gold_loss":0},{"cards_removed":["Strike_B"],"damage_healed":0,"gold_gain":0,"player_choice":"Card Removal","damage_taken":7,"max_hp_gain":0,"max_hp_loss":0,"event_name":"Golden Wing","floor":14,"gold_loss":0},{"damage_healed":0,"gold_gain":0,"player_choice":"Simplicity","damage_taken":0,"max_hp_gain":0,"max_hp_loss":0,"event_name":"Back to Basics","floor":19,"gold_loss":0,"cards_upgraded":["Defend_B","Defend_B","Defend_B","Defend_B"]},{"damage_healed":0,"gold_gain":0,"player_choice":"Ignored","damage_taken":0,"max_hp_gain":0,"max_hp_loss":0,"event_name":"Vampires","floor":20,"gold_loss":0},{"damage_healed":0,"gold_gain":0,"player_choice":"Obtained Relic","damage_taken":0,"relics_obtained":["PreservedInsect"],"max_hp_gain":0,"max_hp_loss":0,"event_name":"Addict","floor":21,"gold_loss":85},{"cards_removed":["Defend_B"],"damage_healed":0,"gold_gain":0,"player_choice":"Purged","damage_taken":0,"max_hp_gain":0,"max_hp_loss":0,"event_name":"Purifier","floor":22,"gold_loss":0},{"damage_healed":0,"gold_gain":0,"player_choice":"Smashed Altar","damage_taken":0,"max_hp_gain":0,"max_hp_loss":0,"event_name":"Forgotten Altar","floor":31,"gold_loss":0,"cards_obtained":["Decay"]},{"damage_healed":0,"gold_gain":0,"player_choice":"Ignored","damage_taken":0,"max_hp_gain":0,"max_hp_loss":0,"event_name":"Mysterious Sphere","floor":36,"gold_loss":0},{"damage_healed":0,"gold_gain":0,"player_choice":"Embrace Madness","damage_taken":10,"max_hp_gain":0,"max_hp_loss":0,"event_name":"Winding Halls","floor":37,"gold_loss":0,"cards_obtained":["Madness","Madness"]},{"damage_healed":49,"gold_gain":0,"player_choice":"Heal","damage_taken":0,"max_hp_gain":0,"max_hp_loss":0,"event_name":"MindBloom","floor":47,"gold_loss":0,"cards_obtained":["Doubt"]},{"damage_healed":0,"gold_gain":0,"player_choice":"Memory 1","damage_taken":0,"max_hp_gain":0,"max_hp_loss":0,"event_name":"SensoryStone","floor":48,"gold_loss":0}],"is_beta":false,"boss_relics":[{"not_picked":["Busted Crown","Runic Pyramid"],"picked":"Inserter"},{"not_picked":["SacredBark","Velvet Choker"],"picked":"Cursed Key"}],"items_purged_floors":[2,38,46],"is_endless":false,"potions_floor_spawned":[1,6,10,28,29,41],"ascension_level":8}}