{"host":"fkig9nrckec4xsh0","time":1611110652,"event":{"mods":["BaseMod","Colored Map","Minty Spire (QoL Compilation)","Quick Restart","Replay The Spire","StSLib"],"gold_per_floor":[115,19,120,120,130,130,130,130,130,19,19,19,51,64,64,163,163,173,272,272,304,214,214,214,214],"floor_reached":24,"language":"ENG","playtime":825,"items_purged":["Strike_G"],"score":309,"play_id":"18efd283-7100-4065-a1ae-877ddfd40259","local_time":"20210119214412","is_ascension_mode":true,"campfire_choices":[{"data":"Bouncing Flask","floor":6,"key":"SMITH"},{"data":"Acrobatics","floor":8,"key":"SMITH"},{"data":"Noxious Fumes","floor":11,"key":"SMITH"},{"data":"After Image","floor":15,"key":"SMITH"},{"floor":23,"key":"REST"}],"circlet_count":0,"master_deck":["Strike_G","Strike_G","Strike_G","Defend_G+1","Defend_G","Defend_G","Defend_G","Survivor","Neutralize","Noxious Fumes+1","Bouncing Flask+1","Bane","Acrobatics+1","Concentrate","Outmaneuver","Quick Slash+1","Predator","After Image+1","Catalyst","After Image","ReplayTheSpireMod:The Works","Reflex"],"relics":["Ring of the Snake","NeowsBlessing","Bottled Tornado","Lizard Tail","HoveringKite","MutagenicStrength","Red Mask"],"acts_visited":["Exordium","TheCity"],"potions_floor_usage":[21,21,24,24],"damage_taken":[{"damage":0,"enemies":"Small Slimes","floor":1,"turns":1},{"damage":0,"enemies":"Jaw Worm","floor":5,"turns":1},{"damage":0,"enemies":"3 Sentries","floor":13,"turns":2},{"damage":7,"enemies":"Cultist","floor":14,"turns":4},{"damage":30,"enemies":"Hexaghost","floor":16,"turns":7},{"damage":7,"enemies":"Chosen","floor":18,"turns":5},{"damage":36,"enemies":"Masked Bandits","floor":21,"turns":4},{"damage":36,"enemies":"Gremlin Leader","floor":24,"turns":6}],"seed_played":"8689107466230164556","potions_obtained":[{"floor":14,"key":"CultistPotion"},{"floor":16,"key":"Weak Potion"},{"floor":18,"key":"SteroidPotion"},{"floor":21,"key":"LifebloodPotion"}],"is_trial":false,"path_per_floor":["M","$","?","?","M","R","?","R","T","$","R","?","E","M","R","B",null,"M","?","?","?","?","R","E"],"character_chosen":"THE_SILENT","items_purchased":["Bouncing Flask","Bane","Predator"],"campfire_rested":1,"item_purchase_floors":[2,2,10],"current_hp_per_floor":[63,63,35,35,35,35,35,35,35,35,35,58,58,51,51,21,58,51,51,51,15,15,36,35,35],"gold":214,"neow_bonus":"THREE_ENEMY_KILL","is_daily":false,"chose_seed":false,"campfire_upgraded":4,"win_rate":0.0,"timestamp":1611110652,"path_taken":["M","$","?","?","?","R","?","R","T","$","R","?","E","M","R","BOSS","M","?","?","?","?","R","E"],"items_purchased_type":["Card","Card","Card"],"build_version":"2020-12-22","purchased_purges":1,"victory":false,"max_hp_per_floor":[70,70,70,70,70,70,70,70,70,70,70,70,70,70,70,70,70,70,70,70,70,70,70,70,70],"card_choices":[{"not_picked":["Underhanded Strike","Bane"],"picked":"Noxious Fumes","floor":1},{"not_picked":["Dodge and Roll","Well Laid Plans"],"picked":"Acrobatics","floor":3},{"not_picked":["Tactician","Dodge and Roll"],"picked":"Concentrate","floor":3},{"not_picked":["Deflect","Blur"],"picked":"Outmaneuver","floor":5},{"not_picked":["Fluid Movement","Leg Sweep"],"picked":"After Image","floor":13},{"not_picked":["Bane","Distraction"],"picked":"Catalyst","floor":14},{"not_picked":["Envenom","Glass Knife"],"picked":"After Image","floor":16},{"not_picked":["Cloak And Dagger","Dagger Spray"],"picked":"ReplayTheSpireMod:The Works","floor":18},{"not_picked":["Deflect","PiercingWail+1"],"picked":"Reflex","floor":21}],"player_experience":366324,"relics_obtained":[{"floor":9,"key":"Bottled Tornado"},{"floor":13,"key":"Lizard Tail"},{"floor":21,"key":"Red Mask"}],"event_choices":[{"damage_healed":0,"gold_gain":0,"player_choice":"Bought 0 Potions","damage_taken":0,"max_hp_gain":0,"max_hp_loss":0,"event_name":"The Woman in Blue","floor":4,"gold_loss":0},{"damage_healed":23,"gold_gain":0,"player_choice":"Banana","damage_taken":0,"max_hp_gain":0,"max_hp_loss":0,"event_name":"Big Fish","floor":12,"gold_loss":0},{"damage_healed":0,"gold_gain":99,"player_choice":"Stole From Cult","damage_taken":0,"max_hp_gain":0,"max_hp_loss":0,"event_name":"Nest","floor":19,"gold_loss":0},{"damage_healed":0,"gold_gain":0,"player_choice":"Inject Mutagens","damage_taken":0,"relics_obtained":["MutagenicStrength"],"max_hp_gain":0,"max_hp_loss":0,"event_name":"Drug Dealer","floor":20,"gold_loss":0},{"damage_healed":0,"gold_gain":0,"player_choice":"Fought Bandits","damage_taken":0,"max_hp_gain":0,"max_hp_loss":0,"event_name":"Masked Bandits","floor":21,"gold_loss":0},{"cards_removed":["Defend_G"],"damage_healed":0,"gold_gain":0,"player_choice":"Upgrade and Remove","damage_taken":0,"max_hp_gain":0,"max_hp_loss":0,"event_name":"Designer","floor":22,"gold_loss":90,"cards_upgraded":["Defend_G"]}],"is_beta":false,"boss_relics":[{"not_picked":["Coffee Dripper","Astrolabe"],"picked":"HoveringKite"}],"items_purged_floors":[10],"is_endless":false,"potions_floor_spawned":[14,16,18,21],"killed_by":"Gremlin Leader","ascension_level":9}}