{"host":"sdjng9zhqonqi3uc","time":1611102638,"event":{"mods":["2.2 Compatiblity","AchievementEnabler","BaseMod","Better Third Choice","BetterRewards","Colored Powertips","Downfall","Hero for Fun","Minty Spire (QoL Compilation)","Quick Restart","Shop Mod","Spicy Shops","StSLib","Td1madao Mod","The Animator","The Cursed","The Servant 0.9.4"],"gold_per_floor":[16,28,47,65,78,108,136,165,465,491,491,506,524,538,538,617,617,634,634,634,634,648,680,680,693,745,745,670,684,695,721,721,792,792,803,803,437,456,470,500,500,525,525,550,425,443,443,455,455,455,455],"floor_reached":52,"language":"ENG","playtime":450,"items_purged":["Defend_Y","Defend_Y","Defend_Y+1"],"score":3252,"play_id":"76061d4c-852c-4080-8a8e-d20921c1e7dc","local_time":"20210120013038","is_ascension_mode":true,"campfire_choices":[{"floor":15,"key":"RECALL"},{"data":"Slap","floor":24,"key":"SMITH"},{"data":"Slap","floor":27,"key":"SMITH"},{"data":"Slap","floor":32,"key":"SMITH"},{"floor":41,"key":"REST"},{"data":"Defend_Y+1","floor":49,"key":"PURGE"}],"circlet_count":0,"master_deck":["AscendersBane","Strike_Y","Strike_Y","Strike_Y","Strike_Y","Strike_Y","Slap","Slap+1","Slap+1","Slap+1","Serious_Punch"],"relics":["Cape","White Beast Statue","Odd Mushroom","Strawberry","Old Coin","Du-Vu Doll","Black Star","Incense Burner","Oddly Smooth Stone","Akabeko","Frozen Egg 2","Darkstone Periapt","Velvet Choker","Blue Candle","War Paint","Unceasing Top","HornCleat","Bronze Scales","Peace Pipe","Girya"],"acts_visited":["Exordium","TheCity","TheBeyond"],"potions_floor_usage":[],"damage_taken":[{"damage":0,"enemies":"Cultist","floor":1,"turns":1},{"damage":0,"enemies":"Small Slimes","floor":2,"turns":1},{"damage":0,"enemies":"Jaw Worm","floor":3,"turns":1},{"damage":0,"enemies":"Looter","floor":4,"turns":1},{"damage":0,"enemies":"Large Slime","floor":5,"turns":1},{"damage":0,"enemies":"Lagavulin","floor":6,"turns":1},{"damage":0,"enemies":"The Mushroom Lair","floor":7,"turns":2},{"damage":0,"enemies":"3 Sentries","floor":8,"turns":1},{"damage":0,"enemies":"Lagavulin","floor":10,"turns":1},{"damage":0,"enemies":"Red Slaver","floor":12,"turns":1},{"damage":0,"enemies":"Blue Slaver","floor":13,"turns":1},{"damage":0,"enemies":"2 Fungi Beasts","floor":14,"turns":1},{"damage":0,"enemies":"Hexaghost","floor":16,"turns":1},{"damage":0,"enemies":"Shell Parasite","floor":18,"turns":1},{"damage":0,"enemies":"Spheric Guardian","floor":22,"turns":1},{"damage":0,"enemies":"Slavers","floor":23,"turns":1},{"damage":0,"enemies":"Chosen and Byrds","floor":25,"turns":2},{"damage":0,"enemies":"Snake Plant","floor":29,"turns":1},{"damage":0,"enemies":"3 Cultists","floor":30,"turns":2},{"damage":0,"enemies":"Book of Stabbing","floor":31,"turns":1},{"damage":0,"enemies":"Champ","floor":33,"turns":1},{"damage":0,"enemies":"3 Shapes","floor":35,"turns":1},{"damage":0,"enemies":"3 Darklings","floor":38,"turns":1},{"damage":0,"enemies":"Spire Growth","floor":39,"turns":1},{"damage":0,"enemies":"Giant Head","floor":40,"turns":1},{"damage":0,"enemies":"Nemesis","floor":42,"turns":1},{"damage":0,"enemies":"Mind Bloom Boss Battle","floor":44,"turns":1},{"damage":0,"enemies":"Maw","floor":46,"turns":1},{"damage":0,"enemies":"4 Shapes","floor":48,"turns":1},{"damage":0,"enemies":"Awakened One","floor":50,"turns":2},{"damage":0,"enemies":"Time Eater","floor":51,"turns":1}],"seed_played":"7625155309685632406","potions_obtained":[{"floor":2,"key":"ColorlessPotion"},{"floor":3,"key":"Ancient Potion"}],"is_trial":false,"path_per_floor":["M","M","M","M","M","E","?","E","T","E","?","M","M","M","R","B",null,"M","?","?","?","M","E","R","M","T","R","$","M","M","E","R","B",null,"M","?","$","M","M","E","R","E","T","?","$","M","?","M","R","B","B",null],"character_chosen":"OPM","items_purchased":["Blue Candle"],"campfire_rested":1,"item_purchase_floors":[37],"current_hp_per_floor":[896,896,896,896,896,896,896,903,903,903,903,903,903,903,903,903,977,977,977,1002,1002,1002,1002,1002,1002,1002,1002,1002,1002,1002,1002,1002,1002,1002,1002,1002,1002,1002,1002,1002,1002,1002,1002,1002,1002,1002,1002,1002,1002,1002,1002],"gold":455,"neow_bonus":"","is_daily":false,"chose_seed":false,"campfire_upgraded":3,"win_rate":0.0,"timestamp":1611102638,"path_taken":["M","M","M","?","M","E","?","E","T","E","?","M","M","M","R","BOSS","M","?","?","?","?","E","R","M","T","R","$","M","M","E","R","BOSS","M","?","$","M","M","E","R","E","T","?","$","M","?","M","R","BOSS","BOSS"],"items_purchased_type":["Relic"],"build_version":"2020-12-22","purchased_purges":3,"victory":true,"max_hp_per_floor":[995,995,995,995,995,995,995,1002,1002,1002,1002,1002,1002,1002,1002,1002,1002,1002,1002,1002,1002,1002,1002,1002,1002,1002,1002,1002,1002,1002,1002,1002,1002,1002,1002,1002,1002,1002,1002,1002,1002,1002,1002,1002,1002,1002,1002,1002,1002,1002,1002],"card_choices":[{"not_picked":["Yawn","Toss_Stone","Wear_Disguise"],"picked":"SKIP","floor":1},{"not_picked":["Hop","Do_Nothing","Side_Hop"],"picked":"SKIP","floor":2},{"not_picked":["Do_Nothing","Hop","Side_Hop"],"picked":"SKIP","floor":3},{"not_picked":["Hop","Wear_Disguise"],"picked":"Slap","floor":4},{"not_picked":["Hop","Yawn","Side_Hop"],"picked":"SKIP","floor":5},{"not_picked":["Yawn","Serious_Side_Hops","Ignore"],"picked":"SKIP","floor":6},{"not_picked":["Serious_Side_Hops","Ignore"],"picked":"Slap","floor":8},{"not_picked":["Do_Nothing","Toss_Stone","Ignore"],"picked":"SKIP","floor":10},{"not_picked":["Do_Nothing","Ignore","Slap"],"picked":"SKIP","floor":12},{"not_picked":["Yawn","Consecutive_Normal_Punch","Side_Hop"],"picked":"SKIP","floor":13},{"not_picked":["Normal_Punch","Wear_Disguise","Consecutive_Normal_Punch"],"picked":"SKIP","floor":14},{"not_picked":["Side_Hop+1","Yawn"],"picked":"Slap","floor":18},{"not_picked":["Consecutive_Normal_Punch","Do_Nothing","Side_Hop+1"],"picked":"SKIP","floor":22},{"not_picked":["Normal_Punch","Consecutive_Normal_Punch","Ignore"],"picked":"SKIP","floor":23},{"not_picked":["Normal_Punch","Yawn","Slap"],"picked":"SKIP","floor":25},{"not_picked":["Slap+1","Yawn","Toss_Stone"],"picked":"SKIP","floor":29},{"not_picked":["Toss_Stone","Hop+1"],"picked":"Slap","floor":30},{"not_picked":["Get_Hopes_Up","Yawn","Consecutive_Normal_Punch+1"],"picked":"SKIP","floor":31},{"not_picked":["Terrifying_Presence+1","Oh+1"],"picked":"Serious_Punch","floor":33},{"not_picked":["Hop","Ignore","Normal_Punch"],"picked":"SKIP","floor":35},{"not_picked":["Hop+1","Toss_Stone+1","Side_Hop"],"picked":"SKIP","floor":38},{"not_picked":["Slap","Hop","Side_Hop+1"],"picked":"SKIP","floor":39},{"not_picked":["Do_Nothing","Yawn","Get_Hopes_Up"],"picked":"SKIP","floor":40},{"not_picked":["Hop","Slap","Side_Hop"],"picked":"SKIP","floor":42},{"not_picked":["Consecutive_Normal_Punch","Side_Hop","Yawn"],"picked":"SKIP","floor":46},{"not_picked":["Ignore","Oh+1","Yawn"],"picked":"SKIP","floor":48}],"player_experience":349741,"relics_obtained":[{"floor":6,"key":"White Beast Statue"},{"floor":7,"key":"Odd Mushroom"},{"floor":8,"key":"Strawberry"},{"floor":9,"key":"Old Coin"},{"floor":10,"key":"Du-Vu Doll"},{"floor":23,"key":"Incense Burner"},{"floor":23,"key":"Oddly Smooth Stone"},{"floor":26,"key":"Akabeko"},{"floor":31,"key":"Frozen Egg 2"},{"floor":31,"key":"Darkstone Periapt"},{"floor":40,"key":"War Paint"},{"floor":40,"key":"Unceasing Top"},{"floor":42,"key":"HornCleat"},{"floor":42,"key":"Bronze Scales"},{"floor":43,"key":"Peace Pipe"},{"floor":44,"key":"Girya"}],"event_choices":[{"damage_healed":0,"gold_gain":0,"player_choice":"Fought Mushrooms","damage_taken":0,"max_hp_gain":0,"max_hp_loss":0,"event_name":"Mushrooms","floor":7,"gold_loss":0},{"damage_healed":0,"gold_gain":0,"player_choice":"Ignored","damage_taken":0,"max_hp_gain":0,"max_hp_loss":0,"event_name":"Golden Idol","floor":11,"gold_loss":0},{"damage_healed":0,"gold_gain":0,"player_choice":"Ignored","damage_taken":0,"max_hp_gain":0,"max_hp_loss":0,"event_name":"Ghosts","floor":19,"gold_loss":0},{"damage_healed":200,"gold_gain":0,"player_choice":"Heal","damage_taken":0,"max_hp_gain":0,"max_hp_loss":0,"event_name":"The Library","floor":20,"gold_loss":0},{"damage_healed":0,"gold_gain":0,"player_choice":"0 cards matched","damage_taken":0,"max_hp_gain":0,"max_hp_loss":0,"event_name":"Match and Keep!","floor":21,"gold_loss":0,"cards_obtained":[]},{"cards_removed":["Defend_Y"],"damage_healed":0,"gold_gain":0,"player_choice":"Removed Skill","damage_taken":0,"max_hp_gain":0,"max_hp_loss":0,"event_name":"Falling","floor":36,"gold_loss":0},{"damage_healed":0,"gold_gain":0,"player_choice":"Fight","damage_taken":0,"max_hp_gain":0,"max_hp_loss":0,"event_name":"MindBloom","floor":44,"gold_loss":0},{"damage_healed":0,"gold_gain":0,"player_choice":"Ignored","damage_taken":0,"max_hp_gain":0,"max_hp_loss":0,"event_name":"Tomb of Lord Red Mask","floor":47,"gold_loss":0}],"is_beta":false,"boss_relics":[{"not_picked":["SacredBark","Runic Dome"],"picked":"Black Star"},{"not_picked":["Snecko Eye","Cursed Key"],"picked":"Velvet Choker"}],"items_purged_floors":[28,37,45],"is_endless":false,"potions_floor_spawned":[2,3,5,7,8,10,12,13,14,16,18,22,23,25,29,30,31,33,35,38,39,40,42,44,46,48],"ascension_level":20}}