{"host":"r4aerl4ckfvw1dw3","time":1611179935,"event":{"mods":["BaseMod","BetterRewards","Minty Spire (QoL Compilation)","Quick Restart","StSLib"],"gold_per_floor":[110,110,110,123,103,103,136,155,155,170,197,217,217,227,227,329,329,298,315,315,21,41,41,41],"floor_reached":23,"language":"ENG","playtime":2065,"items_purged":[],"score":333,"play_id":"fba3c78d-c50c-465f-8459-20d73da8ed0e","local_time":"20210120135855","is_ascension_mode":true,"campfire_choices":[{"data":"Inflame","floor":6.0,"key":"SMITH"},{"data":"Body Slam","floor":13.0,"key":"SMITH"},{"floor":15.0,"key":"RECALL"}],"circlet_count":0,"master_deck":["Strike_R","Strike_R","Strike_R","Strike_R","Strike_R+1","Defend_R","Defend_R","Defend_R+1","Defend_R","Bash","Ghostly Armor","Inflame+1","Reaper","Armaments","Anger","Body Slam+1","Shrug It Off","Berserk","Metallicize","Inflame"],"relics":["Burning Blood","Du-Vu Doll","Mummified Hand","Potion Belt","Lantern","Sling"],"acts_visited":["Exordium","TheCity"],"potions_floor_usage":[22,22,23],"damage_taken":[{"damage":0.0,"enemies":"Small Slimes","floor":1.0,"turns":4.0},{"damage":5.0,"enemies":"Jaw Worm","floor":4.0,"turns":4.0},{"damage":1.0,"enemies":"3 Sentries","floor":7.0,"turns":3.0},{"damage":0.0,"enemies":"Cultist","floor":8.0,"turns":4.0},{"damage":3.0,"enemies":"Blue Slaver","floor":10.0,"turns":4.0},{"damage":21.0,"enemies":"Lagavulin","floor":11.0,"turns":6.0},{"damage":19.0,"enemies":"Exordium Thugs","floor":12.0,"turns":4.0},{"damage":4.0,"enemies":"Exordium Wildlife","floor":14.0,"turns":3.0},{"damage":75.0,"enemies":"Slime Boss","floor":16.0,"turns":11.0},{"damage":48.0,"enemies":"2 Thieves","floor":18.0,"turns":5.0},{"damage":5.0,"enemies":"Shell Parasite","floor":19.0,"turns":5.0},{"damage":45,"enemies":"Snecko","floor":22,"turns":5},{"damage":19,"enemies":"Book of Stabbing","floor":23,"turns":4}],"seed_played":"3939566203228188","potions_obtained":[{"floor":1.0,"key":"AttackPotion"},{"floor":5.0,"key":"Fire Potion"},{"floor":7.0,"key":"Ancient Potion"},{"floor":8.0,"key":"Ancient Potion"},{"floor":14.0,"key":"ColorlessPotion"},{"floor":19.0,"key":"Explosive Potion"},{"floor":22,"key":"Block Potion"}],"is_trial":false,"path_per_floor":["M","?","T","M","?","R","E","M","T","M","E","M","R","M","R","B",null,"M","M","?","$","M","E"],"character_chosen":"IRONCLAD","items_purchased":["Ghostly Armor","Lantern","Sling"],"campfire_rested":0,"item_purchase_floors":[0,21,21],"current_hp_per_floor":[80,64,64,65,65,65,70,76,76,79,74,68,68,78,78,25,80,54,55,40,40,8,0,0],"gold":41,"neow_bonus":"","is_daily":false,"chose_seed":false,"campfire_upgraded":2,"win_rate":0.0,"timestamp":1611179935,"path_taken":["M","?","?","?","?","R","E","M","T","M","E","M","R","M","R","BOSS","M","M","?","$","M","E"],"items_purchased_type":["Card","Relic","Relic"],"build_version":"2020-12-22","purchased_purges":0,"victory":false,"max_hp_per_floor":[80,80,80,80,80,80,80,80,80,80,80,80,80,80,80,80,80,80,80,85,85,85,85,85],"card_choices":[{"not_picked":["Sever Soul","True Grit"],"picked":"Inflame","floor":1.0},{"not_picked":["Twin Strike","Headbutt","Blood for Blood"],"picked":"SKIP","floor":4.0},{"not_picked":["Bloodletting","Impervious"],"picked":"Reaper","floor":7.0},{"not_picked":["Shrug It Off","Feel No Pain"],"picked":"Armaments","floor":8.0},{"not_picked":["Sever Soul","Twin Strike"],"picked":"Anger","floor":10.0},{"not_picked":["Carnage","Heavy Blade"],"picked":"Body Slam","floor":11.0},{"not_picked":["Rampage","Dark Embrace"],"picked":"Shrug It Off","floor":12.0},{"not_picked":["Clash","Clothesline","Cleave"],"picked":"SKIP","floor":14.0},{"not_picked":["Impervious","Offering"],"picked":"Berserk","floor":16.0},{"not_picked":["Battle Trance","Thunderclap"],"picked":"Metallicize","floor":18.0},{"not_picked":["Second Wind","Twin Strike"],"picked":"Inflame","floor":19.0},{"not_picked":["Body Slam","Clash","True Grit"],"picked":"SKIP","floor":22}],"player_experience":387462,"relics_obtained":[{"floor":7.0,"key":"Du-Vu Doll"},{"floor":9.0,"key":"Mummified Hand"},{"floor":11.0,"key":"Potion Belt"}],"event_choices":[{"damage_healed":0.0,"max_hp_gain":0.0,"max_hp_loss":0.0,"gold_gain":0.0,"event_name":"Shining Light","player_choice":"Entered Light","floor":2.0,"gold_loss":0.0,"damage_taken":16.0,"cards_upgraded":["Defend_R","Strike_R"]},{"damage_healed":0.0,"max_hp_gain":0.0,"max_hp_loss":0.0,"gold_gain":0.0,"event_name":"The Woman in Blue","player_choice":"Bought 1 Potion","floor":5.0,"gold_loss":0.0,"damage_taken":0.0},{"damage_healed":0.0,"max_hp_gain":5.0,"max_hp_loss":0.0,"gold_gain":0.0,"event_name":"Forgotten Altar","player_choice":"Shed Blood","floor":20.0,"gold_loss":0.0,"damage_taken":20.0}],"is_beta":false,"boss_relics":[{"not_picked":["Runic Dome","Velvet Choker","Astrolabe"]}],"items_purged_floors":[],"is_endless":false,"potions_floor_spawned":[1,7,8,14,19,22],"killed_by":"Book of Stabbing","ascension_level":2}}