{"host":"c52z9ixzgdjttcmx","time":1611170845,"event":{"mods":["BaseMod","Colored Powertips","Minty Spire (QoL Compilation)","Rare Cards Sparkle","Relic Stats"],"gold_per_floor":[115,133,133,283,308,351,351,369,369,42,42,60,85,108,108,108,108],"floor_reached":16,"language":"ENG","playtime":699,"items_purged":["Doubt"],"score":179,"play_id":"6455ba0c-1575-4223-babc-70a21bf0a777","local_time":"20210120132725","is_ascension_mode":true,"campfire_choices":[{"data":"Shockwave","floor":7,"key":"SMITH"},{"data":"Intimidate","floor":11,"key":"SMITH"},{"data":"Intimidate","floor":15,"key":"SMITH"}],"circlet_count":0,"master_deck":["AscendersBane","Strike_R+1","Strike_R","Strike_R","Strike_R","Strike_R","Defend_R","Defend_R","Defend_R","Defend_R","Bash","Carnage+1","Flame Barrier","Headbutt","Injury","Shockwave+1","Intimidate+1","Intimidate+1","True Grit","Clothesline"],"relics":["Burning Blood","Golden Idol","Whetstone","Bottled Lightning","Pocketwatch","Happy Flower"],"acts_visited":["Exordium"],"potions_floor_usage":[6,10,16],"damage_taken":[{"damage":3,"enemies":"Small Slimes","floor":1,"turns":4},{"damage":7,"enemies":"Jaw Worm","floor":2,"turns":2},{"damage":21,"enemies":"Gremlin Nob","floor":6,"turns":4},{"damage":2,"enemies":"2 Louse","floor":8,"turns":3},{"damage":3,"enemies":"Looter","floor":12,"turns":3},{"damage":1,"enemies":"Gremlin Gang","floor":13,"turns":5},{"damage":6,"enemies":"Lots of Slimes","floor":14,"turns":5},{"damage":69,"enemies":"Hexaghost","floor":16,"turns":13}],"seed_played":"5437956233528395357","potions_obtained":[{"floor":1,"key":"DistilledChaos"},{"floor":13,"key":"ColorlessPotion"}],"is_trial":false,"path_per_floor":["M","M","?","?","T","E","R","M","T","$","R","M","M","M","R","B"],"character_chosen":"IRONCLAD","items_purchased":["Happy Flower","Fruit Juice"],"campfire_rested":0,"item_purchase_floors":[10,10],"current_hp_per_floor":[71,70,70,70,70,55,55,59,59,64,64,67,72,72,72,3,3],"gold":108,"neow_bonus":"THREE_CARDS","is_daily":false,"chose_seed":false,"campfire_upgraded":3,"win_rate":0.0,"timestamp":1611170845,"path_taken":["M","M","?","?","?","E","R","M","T","$","R","M","M","M","R","BOSS"],"items_purchased_type":["Relic","Potion"],"build_version":"2020-12-22","purchased_purges":1,"victory":false,"max_hp_per_floor":[75,75,75,75,75,75,75,75,75,80,80,80,80,80,80,80,80],"relic_stats":{"Happy Flower":[8],"counters":[8,39],"Golden Idol":27,"Whetstone":["Strike_R","Carnage"],"obtain_stats":[{"Happy Flower":10,"Golden Idol":3,"Whetstone":5,"Bottled Lightning":6,"Burning Blood":0,"Pocketwatch":9},{"Happy Flower":4,"Golden Idol":2,"Whetstone":2,"Bottled Lightning":3,"Burning Blood":0,"Pocketwatch":4},{"Happy Flower":13,"Golden Idol":6,"Whetstone":6,"Bottled Lightning":10,"Burning Blood":0,"Pocketwatch":13}],"Burning Blood":42,"Pocketwatch":[54]},"card_choices":[{"not_picked":["Wild Strike","Headbutt"],"picked":"Carnage","floor":0},{"not_picked":["Infernal Blade","Disarm"],"picked":"Flame Barrier","floor":1},{"not_picked":["Warcry","Armaments"],"picked":"Headbutt","floor":2},{"not_picked":["Rupture","Headbutt"],"picked":"Shockwave","floor":6},{"not_picked":["Shrug It Off","Sentinel"],"picked":"Intimidate","floor":8},{"not_picked":["Power Through","Thunderclap"],"picked":"Intimidate","floor":12},{"not_picked":["Sentinel","Burning Pact"],"picked":"True Grit","floor":13},{"not_picked":["Havoc","Iron Wave"],"picked":"Clothesline","floor":14}],"player_experience":3292183,"relics_obtained":[{"floor":5,"key":"Whetstone"},{"floor":6,"key":"Bottled Lightning"},{"floor":9,"key":"Pocketwatch"}],"event_choices":[{"damage_healed":0,"gold_gain":0,"player_choice":"Take Wound","damage_taken":0,"relics_obtained":["Golden Idol"],"max_hp_gain":0,"max_hp_loss":0,"event_name":"Golden Idol","floor":3,"gold_loss":0,"cards_obtained":["Injury"]},{"damage_healed":0,"gold_gain":150,"player_choice":"AGREE","damage_taken":0,"max_hp_gain":0,"max_hp_loss":0,"event_name":"Liars Game","floor":4,"gold_loss":0,"cards_obtained":["Doubt"]}],"is_beta":false,"boss_relics":[],"items_purged_floors":[10],"is_endless":false,"potions_floor_spawned":[1,13],"killed_by":"Hexaghost","ascension_level":15}}