{"host":"umlqh7ic0jf4k5hg","time":1611179504,"event":{"mods":["AchievementEnabler","BaseMod","Card Forge","Colored Powertips","DeckTracker","Hero for Fun","Highlight Path","Minty Spire (QoL Compilation)","Relic Stats","StSLib","Synergy Search","The Servant 0.9.4"],"gold_per_floor":[111,111,111,128,143,143,169,139,163,179,179,199,199,3,3,108,108,123,123,123,42,42,42,68,78,78,78,97,129,145,145,145,145,145],"floor_reached":33,"language":"SPA","playtime":2141,"items_purged":["Regret"],"score":285,"play_id":"40591a31-1900-46b8-bab5-162e85086bfa","local_time":"20210120185144","is_ascension_mode":false,"campfire_choices":[{"floor":6,"key":"REST"},{"data":"RealityMarble","floor":11,"key":"SMITH"},{"floor":13,"key":"REST"},{"data":"MurderousAura","floor":15,"key":"SMITH"},{"data":"WasteNot","floor":23,"key":"SMITH"},{"floor":27,"key":"REST"},{"floor":32,"key":"REST"}],"circlet_count":0,"master_deck":["Strike_S+1","Strike_S+1","Strike_S+1","Strike_S+1","Defend_S+1","Defend_S+1","Defend_S+1","Defend_S+1","KidneyShot+1","Exchange+1","ShiftingGears+1","Ricochet+1","Rearm+1","RealityMarble+1","MurderousAura+1","Starlight+1","Deny+1","Replace+1","Shame","WasteNot+1"],"relics":["SplendidAttire","Hammer of Thor","Seething Fire","Anvil of the Gods","Oddly Smooth Stone","Orichalcum","Gremlin Horn","Strawberry","Boot","Blood Vial","Potion Belt","Bottled Tornado"],"acts_visited":["Exordium","TheCity"],"potions_floor_usage":[7,7,16,16,18,20,24,33,33],"damage_taken":[{"damage":6,"enemies":"Jaw Worm","floor":1,"turns":7},{"damage":6,"enemies":"2 Louse","floor":4,"turns":3},{"damage":0,"enemies":"Cultist","floor":5,"turns":4},{"damage":14,"enemies":"Gremlin Nob","floor":7,"turns":4},{"damage":2,"enemies":"Blue Slaver","floor":10,"turns":6},{"damage":2,"enemies":"Exordium Wildlife","floor":12,"turns":2},{"damage":12,"enemies":"Hexaghost","floor":16,"turns":9},{"damage":4,"enemies":"3 Byrds","floor":18,"turns":4},{"damage":0,"enemies":"Shell Parasite","floor":20,"turns":1},{"damage":27,"enemies":"Book of Stabbing","floor":24,"turns":6},{"damage":8,"enemies":"Snake Plant","floor":25,"turns":4},{"damage":7,"enemies":"Snecko","floor":28,"turns":4},{"damage":41,"enemies":"Slavers","floor":29,"turns":4},{"damage":5,"enemies":"Chosen and Byrds","floor":30,"turns":6},{"damage":42,"enemies":"Automaton","floor":33,"turns":8}],"seed_played":"-5344281081561038054","potions_obtained":[{"floor":4,"key":"AttackPotion"},{"floor":5,"key":"Fire Potion"},{"floor":7,"key":"SteroidPotion"},{"floor":8,"key":"SmokeBomb"},{"floor":8,"key":"Explosive Potion"},{"floor":16,"key":"PowerPotion"},{"floor":18,"key":"SkillPotion"},{"floor":25,"key":"FearPotion"},{"floor":30,"key":"DuplicationPotion"}],"is_trial":false,"path_per_floor":["M","?","?","M","M","R","E","?","T","M","R","M","R","$","R","B",null,"M","?","M","$","?","R","E","M","T","R","M","E","M","$","R","B"],"character_chosen":"THE_SERVANT","items_purchased":["MurderousAura","Starlight","WasteNot"],"campfire_rested":4,"item_purchase_floors":[14,14,21],"current_hp_per_floor":[65,58,58,52,52,71,57,57,64,62,62,60,78,78,78,66,78,74,74,74,74,74,74,47,41,41,64,59,20,17,17,40,0,0],"gold":145,"neow_bonus":"TEN_PERCENT_HP_BONUS","is_daily":false,"chose_seed":false,"campfire_upgraded":3,"win_rate":0.0,"timestamp":1611179504,"path_taken":["M","?","?","M","M","R","E","?","T","M","R","?","R","$","R","BOSS","M","?","M","$","?","R","E","M","T","R","?","E","M","$","R","BOSS"],"items_purchased_type":["Card","Card","Card"],"build_version":"2020-12-22","purchased_purges":1,"victory":false,"max_hp_per_floor":[71,71,71,71,71,71,71,71,78,78,78,78,78,78,78,78,78,78,78,78,78,78,78,78,78,78,78,78,78,78,78,78,78,78],"relic_stats":{"Blood Vial":10,"Gremlin Horn":[7,7],"counters":[15,72],"Orichalcum":[144],"Boot":[27],"obtain_stats":[{"Potion Belt":26,"SplendidAttire":17,"Gremlin Horn":7,"Oddly Smooth Stone":2,"Hammer of Thor":0,"Uniform":0,"Seething Fire":0,"Orichalcum":3,"Bottled Tornado":29,"Boot":19,"Blood Vial":24,"Anvil of the Gods":0,"Strawberry":9},{"Potion Belt":11,"SplendidAttire":7,"Gremlin Horn":4,"Oddly Smooth Stone":1,"Hammer of Thor":0,"Uniform":0,"Seething Fire":0,"Orichalcum":1,"Bottled Tornado":13,"Boot":8,"Blood Vial":10,"Anvil of the Gods":0,"Strawberry":4},{"Potion Belt":50,"SplendidAttire":35,"Gremlin Horn":18,"Oddly Smooth Stone":7,"Hammer of Thor":0,"Uniform":0,"Seething Fire":0,"Orichalcum":7,"Bottled Tornado":58,"Boot":39,"Blood Vial":46,"Anvil of the Gods":0,"Strawberry":18}]},"card_choices":[{"not_picked":["BottledTime","Contraction"],"picked":"ShiftingGears","floor":1},{"not_picked":["Moonlight","TimeWarp"],"picked":"Ricochet","floor":4},{"not_picked":["Spin","Rewind"],"picked":"Rearm","floor":5},{"not_picked":["ShiftingGears","InstantArmor","Advance"],"picked":"SKIP","floor":7},{"not_picked":["ShiftingGears","BottledTime"],"picked":"RealityMarble","floor":10},{"not_picked":["Defy","Rearm","Spin"],"picked":"SKIP","floor":12},{"not_picked":["MurderousAura","PendulumOfEternity"],"picked":"Deny","floor":16},{"not_picked":["Moonlight","Defy"],"picked":"Replace+1","floor":18},{"not_picked":["Alleviate","Defy","Starlight"],"picked":"SKIP","floor":24},{"not_picked":["DoubleEdge+1","Hightail","Barrier+1"],"picked":"SKIP","floor":25},{"not_picked":["Rewind","Revamp","Unruled+1"],"picked":"SKIP","floor":28},{"not_picked":["RealityMarble","Unruled","InstantArmor"],"picked":"SKIP","floor":29},{"not_picked":["DualDimension","Alleviate","Spin+1"],"picked":"SKIP","floor":30}],"player_experience":289901,"relics_obtained":[{"floor":7,"key":"Gremlin Horn"},{"floor":9,"key":"Strawberry"},{"floor":24,"key":"Blood Vial"},{"floor":26,"key":"Potion Belt"},{"floor":29,"key":"Bottled Tornado"}],"event_choices":[{"damage_healed":0,"gold_gain":0,"player_choice":"Success","damage_taken":7,"relics_obtained":["Oddly Smooth Stone"],"max_hp_gain":0,"max_hp_loss":0,"event_name":"Scrap Ooze","floor":2,"gold_loss":0},{"damage_healed":0,"gold_gain":0,"player_choice":"Box","damage_taken":0,"relics_obtained":["Orichalcum"],"max_hp_gain":0,"max_hp_loss":0,"event_name":"Big Fish","floor":3,"gold_loss":0,"cards_obtained":["Regret"]},{"damage_healed":0,"gold_gain":0,"player_choice":"Bought 2 Potions","damage_taken":0,"max_hp_gain":0,"max_hp_loss":0,"event_name":"The Woman in Blue","floor":8,"gold_loss":0},{"damage_healed":0,"gold_gain":0,"player_choice":"Stole Relic","damage_taken":0,"relics_obtained":["Boot"],"max_hp_gain":0,"max_hp_loss":0,"event_name":"Addict","floor":19,"gold_loss":0,"cards_obtained":["Shame"]},{"damage_healed":0,"gold_gain":0,"player_choice":"Ignored","damage_taken":0,"max_hp_gain":0,"max_hp_loss":0,"event_name":"Ghosts","floor":22,"gold_loss":0}],"is_beta":false,"boss_relics":[{"not_picked":["Sozu","Runic Dome"],"picked":"SplendidAttire"}],"items_purged_floors":[14],"is_endless":false,"potions_floor_spawned":[4,5,7,16,18,20,25,30],"killed_by":"Automaton","ascension_level":0}}