{"host":"nbmmy2ys5j9alw05","time":1611108757,"event":{"mods":["AchievementEnabler","BaseMod","Bestiary","Better Vampires","Colored Map","Colored Powertips","Googly Eyes","Minty Spire (QoL Compilation)","Quick Restart","StSLib","The Hierophant","The IronCluck","everything is the same but u backflip on backflip"],"gold_per_floor":[110,129,7,7,7,7,21,21,70,131,131,159,174,189,189,284,284,239,239,164,164,164,164,164,164,164,164,164,164,24,24,24,24,24,24,24,2,2,2,2,2,2,2,2,2,2,2,2,2,2,2],"floor_reached":50,"language":"ENG","playtime":1943,"items_purged":["Strike_R"],"score":815,"play_id":"69b262b4-5b0f-432d-8475-718c065da963","local_time":"20210119181237","is_ascension_mode":true,"campfire_choices":[{"data":"Searing Blow","floor":6,"key":"SMITH"},{"data":"Searing Blow+1","floor":8,"key":"SMITH"},{"data":"Limit Break","floor":11,"key":"SMITH"},{"floor":15,"key":"REST"},{"data":"Limit Break","floor":24,"key":"SMITH"},{"data":"Searing Blow+2","floor":27,"key":"SMITH"},{"data":"Searing Blow+3","floor":29,"key":"SMITH"},{"data":"Heavy Blade","floor":32,"key":"SMITH"},{"data":"Limit Break","floor":40,"key":"SMITH"},{"data":"Flex","floor":42,"key":"SMITH"},{"floor":45,"key":"REST"},{"floor":49,"key":"REST"}],"circlet_count":0,"master_deck":["Strike_R","Strike_R","Defend_R","Defend_R","Defend_R","Defend_R","Bash","Cleave","Searing Blow+4","Flex","Limit Break+1","Flex","Limit Break+1","Intimidate","Flex+1","Offering","Carnage","Ghostly","Ghostly","Ghostly","Ghostly","Ghostly","Heavy Blade+1","Burning Pact","Exhume","Limit Break+1","Heavy Blade+1","Heavy Blade+1","Warcry"],"relics":["Burning Blood","Letter Opener","Strawberry","Torii","Oddly Smooth Stone","Ectoplasm","Art of War","Smiling Mask","TungstenRod","Ice Cream","InkBottle","Centennial Puzzle"],"acts_visited":["Exordium","TheCity","TheBeyond"],"potions_floor_usage":[1,10,12,16,21,23,23,33,33,33,39,47],"damage_taken":[{"damage":9,"enemies":"Small Slimes","floor":1,"turns":5},{"damage":7,"enemies":"Jaw Worm","floor":2,"turns":3},{"damage":0,"enemies":"Cultist","floor":7,"turns":2},{"damage":35,"enemies":"3 Sentries","floor":10,"turns":9},{"damage":50,"enemies":"Gremlin Nob","floor":12,"turns":5},{"damage":9,"enemies":"Blue Slaver","floor":13,"turns":4},{"damage":1,"enemies":"Exordium Thugs","floor":14,"turns":4},{"damage":4,"enemies":"The Guardian","floor":16,"turns":11},{"damage":22,"enemies":"2 Thieves","floor":18,"turns":4},{"damage":28,"enemies":"Spheric Guardian","floor":19,"turns":4},{"damage":7,"enemies":"Centurion and Healer","floor":21,"turns":5},{"damage":6,"enemies":"Gremlin Leader","floor":23,"turns":4},{"damage":5,"enemies":"Shelled Parasite and Fungi","floor":28,"turns":6},{"damage":3,"enemies":"Snecko","floor":31,"turns":5},{"damage":16,"enemies":"Collector","floor":33,"turns":7},{"damage":9,"enemies":"3 Darklings","floor":35,"turns":7},{"damage":15,"enemies":"Mind Bloom Boss Battle","floor":36,"turns":6},{"damage":0,"enemies":"3 Shapes","floor":39,"turns":4},{"damage":5,"enemies":"Reptomancer","floor":41,"turns":7},{"damage":23,"enemies":"Nemesis","floor":44,"turns":5},{"damage":15,"enemies":"Jaw Worm Horde","floor":46,"turns":3},{"damage":14,"enemies":"Maw","floor":47,"turns":8},{"damage":5,"enemies":"Sphere and 2 Shapes","floor":48,"turns":6},{"damage":46,"enemies":"Time Eater","floor":50,"turns":8}],"seed_played":"4911313995203623472","potions_obtained":[{"floor":1,"key":"Fruit Juice"},{"floor":2,"key":"Energy Potion"},{"floor":10,"key":"Swift Potion"},{"floor":13,"key":"Dexterity Potion"},{"floor":21,"key":"EntropicBrew"},{"floor":23,"key":"SkillPotion"},{"floor":31,"key":"CultistPotion"},{"floor":35,"key":"LiquidMemories"},{"floor":41,"key":"SpeedPotion"},{"floor":46,"key":"Weak Potion"}],"is_trial":false,"path_per_floor":["M","M","$","?","?","R","M","R","T","?","R","E","M","M","R","B",null,"M","M","?","M","?","E","R","?","T","R","M","R","$","M","R","B",null,"M","?","$","?","M","R","E","R","T","E","R","M","M","M","R","B"],"character_chosen":"IRONCLAD","items_purchased":["Flex","Exhume","Warcry"],"campfire_rested":3,"item_purchase_floors":[3,30,37],"current_hp_per_floor":[82,81,81,81,78,78,84,84,91,62,62,18,15,20,50,52,88,72,50,50,49,49,49,49,49,49,49,50,50,50,50,50,40,48,45,36,36,36,42,42,43,43,43,26,41,32,24,25,40,0,0],"gold":2,"neow_bonus":"TEN_PERCENT_HP_BONUS","is_daily":false,"chose_seed":false,"campfire_upgraded":9,"win_rate":0.0,"timestamp":1611108757,"path_taken":["M","M","$","?","?","R","M","R","T","?","R","E","?","M","R","BOSS","M","M","?","M","?","E","R","?","T","R","?","R","$","M","R","BOSS","M","?","$","?","M","R","E","R","T","E","R","M","M","?","R","BOSS"],"items_purchased_type":["Card","Card","Card"],"build_version":"2020-12-22","purchased_purges":1,"victory":false,"max_hp_per_floor":[93,93,93,93,93,93,93,93,100,100,100,100,100,100,100,100,100,100,100,100,100,50,50,50,50,50,50,50,50,50,50,50,50,50,50,50,50,50,50,50,50,50,50,50,50,50,50,50,50,50,50],"card_choices":[{"not_picked":["Pummel","Bloodletting"],"picked":"Cleave","floor":1},{"not_picked":["Havoc","Evolve"],"picked":"Searing Blow","floor":2},{"not_picked":["Warcry","Iron Wave"],"picked":"Limit Break","floor":7},{"not_picked":["Twin Strike","Heavy Blade"],"picked":"Flex","floor":10},{"not_picked":["Headbutt","Combust"],"picked":"Limit Break","floor":12},{"not_picked":["Dropkick","Cleave"],"picked":"Intimidate","floor":13},{"not_picked":["Wild Strike","Havoc"],"picked":"Flex","floor":14},{"not_picked":["Immolate","Barricade"],"picked":"Offering","floor":16},{"not_picked":["Clash","Reckless Charge","Clothesline"],"picked":"SKIP","floor":18},{"not_picked":["Metallicize","Iron Wave","Blood for Blood"],"picked":"SKIP","floor":19},{"not_picked":["Cleave","Wild Strike"],"picked":"Carnage","floor":21},{"not_picked":["Pommel Strike+1","Headbutt"],"picked":"Heavy Blade","floor":23},{"not_picked":["Havoc","Shrug It Off"],"picked":"Burning Pact","floor":28},{"not_picked":["Infernal Blade","True Grit+1","Sword Boomerang+1"],"picked":"SKIP","floor":31},{"not_picked":["Berserk","Feed"],"picked":"Limit Break","floor":33},{"not_picked":["Sword Boomerang+1","Infernal Blade"],"picked":"Heavy Blade","floor":35},{"not_picked":["Second Wind+1","Clothesline"],"picked":"Heavy Blade+1","floor":36},{"not_picked":["Sword Boomerang","Cleave","Shrug It Off+1"],"picked":"SKIP","floor":39},{"not_picked":["Armaments","Cleave+1","Havoc+1"],"picked":"SKIP","floor":41},{"not_picked":["Hemokinesis","Pommel Strike+1","Rupture+1"],"picked":"SKIP","floor":44},{"not_picked":["Iron Wave","Thunderclap+1","Havoc+1"],"picked":"SKIP","floor":46},{"not_picked":["Heavy Blade+1","Cleave+1","Pommel Strike"],"picked":"SKIP","floor":47},{"not_picked":["Warcry+1","Heavy Blade","Dropkick+1"],"picked":"SKIP","floor":48}],"player_experience":485356,"relics_obtained":[{"floor":9,"key":"Strawberry"},{"floor":10,"key":"Torii"},{"floor":12,"key":"Oddly Smooth Stone"},{"floor":23,"key":"Art of War"},{"floor":26,"key":"Smiling Mask"},{"floor":36,"key":"TungstenRod"},{"floor":41,"key":"Ice Cream"},{"floor":43,"key":"InkBottle"},{"floor":44,"key":"Centennial Puzzle"}],"event_choices":[{"damage_healed":0,"gold_gain":0,"player_choice":"Ignored","damage_taken":0,"max_hp_gain":0,"max_hp_loss":0,"event_name":"Liars Game","floor":4,"gold_loss":0},{"damage_healed":0,"gold_gain":0,"player_choice":"Success","damage_taken":3,"relics_obtained":["Letter Opener"],"max_hp_gain":0,"max_hp_loss":0,"event_name":"Scrap Ooze","floor":5,"gold_loss":0},{"damage_healed":0,"gold_gain":0,"player_choice":"Searched \u00272\u0027 times","damage_taken":0,"max_hp_gain":0,"max_hp_loss":0,"event_name":"Dead Adventurer","floor":10,"gold_loss":0},{"cards_removed":["Strike_R"],"damage_healed":0,"gold_gain":0,"player_choice":"Gave Gold","damage_taken":0,"max_hp_gain":0,"max_hp_loss":0,"event_name":"Beggar","floor":20,"gold_loss":75},{"damage_healed":0,"gold_gain":0,"player_choice":"Became a Ghost","damage_taken":0,"max_hp_gain":0,"max_hp_loss":50,"event_name":"Ghosts","floor":22,"gold_loss":0,"cards_obtained":["Ghostly","Ghostly","Ghostly","Ghostly","Ghostly"]},{"cards_removed":["Strike_R"],"damage_healed":0,"gold_gain":0,"player_choice":"Offered Basic","damage_taken":0,"max_hp_gain":0,"max_hp_loss":0,"event_name":"Bonfire Elementals","floor":25,"gold_loss":0},{"damage_healed":0,"gold_gain":0,"player_choice":"Fight","damage_taken":0,"max_hp_gain":0,"max_hp_loss":0,"event_name":"MindBloom","floor":36,"gold_loss":0},{"damage_healed":0,"gold_gain":0,"player_choice":"Forge","damage_taken":0,"max_hp_gain":0,"max_hp_loss":0,"event_name":"Accursed Blacksmith","floor":38,"gold_loss":0,"cards_upgraded":["Heavy Blade"]}],"is_beta":false,"boss_relics":[{"not_picked":["Coffee Dripper","Cursed Key"],"picked":"Ectoplasm"},{"not_picked":["Fusion Hammer","Runic Dome","Pandora\u0027s Box"]}],"items_purged_floors":[3],"is_endless":false,"potions_floor_spawned":[1,2,10,13,21,23,31,35,41,46],"killed_by":"Time Eater","ascension_level":9}}