{"host":"rolltorest","time":1611184714,"event":{"mods":["BaseMod","Minty Spire (QoL Compilation)","Relic Stats","Slay the Relics Exporter","StSLib"],"gold_per_floor":[111,131,131,45,45,76,76,89,158,196,219,219,219,237,237,335,335,348,348,348,398,526,562,537,502,527,558,571,610,216,266,266],"floor_reached":31,"language":"ENG","playtime":831,"items_purged":["Strike_B"],"score":648,"play_id":"db806c5c-b9fc-40b6-9d00-3c216b4852f0","local_time":"20210120151834","is_ascension_mode":true,"campfire_choices":[{"data":"Loop","floor":12,"key":"SMITH"},{"data":"Capacitor","floor":15,"key":"SMITH"}],"circlet_count":0,"master_deck":["AscendersBane","Defend_B+1","Defend_B+1","Defend_B","Defend_B","Zap+1","Dualcast","Ball Lightning","Static Discharge+1","Glacier","Cold Snap","Loop+1","Seek+1","Capacitor+1","Electrodynamics","Coolheaded","Auto Shields","Creative AI","Self Repair","Echo Form","Master of Strategy"],"relics":["Cracked Core","NeowsBlessing","Golden Idol","PreservedInsect","Pear","Juzu Bracelet","Philosopher\u0027s Stone","SsserpentHead","Mummified Hand","Nunchaku","Bronze Scales","War Paint","White Beast Statue","Membership Card","Pantograph"],"acts_visited":["Exordium","TheCity"],"potions_floor_usage":[16,23,29,31],"damage_taken":[{"damage":0,"enemies":"Jaw Worm","floor":1,"turns":1},{"damage":0,"enemies":"2 Louse","floor":2,"turns":1},{"damage":0,"enemies":"Lagavulin","floor":6,"turns":1},{"damage":1,"enemies":"Small Slimes","floor":8,"turns":4},{"damage":10,"enemies":"3 Sentries","floor":10,"turns":5},{"damage":7,"enemies":"3 Louse","floor":11,"turns":5},{"damage":16,"enemies":"Large Slime","floor":14,"turns":6},{"damage":12,"enemies":"Hexaghost","floor":16,"turns":9},{"damage":2,"enemies":"Chosen","floor":18,"turns":5},{"damage":22,"enemies":"Slavers","floor":23,"turns":4},{"damage":24,"enemies":"Book of Stabbing","floor":27,"turns":5},{"damage":8,"enemies":"Shell Parasite","floor":28,"turns":7},{"damage":12,"enemies":"Slavers","floor":29,"turns":2},{"damage":13,"enemies":"Colosseum Slavers","floor":31,"turns":3},{"damage":20,"enemies":"Colosseum Nobs","floor":31,"turns":3}],"seed_played":"4949042748810991937","potions_obtained":[{"floor":2,"key":"FocusPotion"},{"floor":6,"key":"SpeedPotion"},{"floor":8,"key":"FocusPotion"},{"floor":16,"key":"SkillPotion"},{"floor":28,"key":"SteroidPotion"},{"floor":29,"key":"SkillPotion"}],"is_trial":false,"path_per_floor":["M","M","?","$","?","E","?","M","T","E","M","R","?","M","R","B",null,"M","?","?","?","T","E","?","?","T","E","M","E","$","?"],"character_chosen":"DEFECT","items_purchased":["Glacier","Membership Card","Pantograph","Master of Strategy"],"campfire_rested":0,"item_purchase_floors":[4,30,30,30],"current_hp_per_floor":[64,64,69,69,69,69,48,47,57,47,40,40,40,24,24,12,62,60,60,60,60,60,45,45,45,45,28,27,15,15,0,0],"gold":266,"neow_bonus":"THREE_ENEMY_KILL","is_daily":false,"chose_seed":false,"campfire_upgraded":2,"win_rate":0.0,"timestamp":1611184714,"path_taken":["M","M","?","$","?","E","?","M","T","E","M","R","?","M","R","BOSS","M","?","?","?","?","E","?","?","T","E","M","E","?","?"],"items_purchased_type":["Card","Relic","Relic","Card"],"build_version":"2020-12-18","purchased_purges":1,"victory":false,"max_hp_per_floor":[71,71,76,76,69,69,69,69,79,79,79,79,79,79,79,79,79,79,79,79,79,79,79,79,79,79,79,79,79,79,79,79],"relic_stats":{"SsserpentHead":300,"Nunchaku":[1],"counters":[15,60],"Golden Idol":98,"Mummified Hand":[35],"Bronze Scales":[84],"Pantograph":0,"PreservedInsect":197,"Juzu Bracelet":2,"War Paint":["Defend_B","Defend_B"],"obtain_stats":[{"Pear":9,"NeowsBlessing":0,"Golden Idol":5,"PreservedInsect":6,"Juzu Bracelet":10,"War Paint":27,"White Beast Statue":29,"SsserpentHead":20,"Nunchaku":25,"Mummified Hand":23,"Bronze Scales":26,"Pantograph":30,"Philosopher\u0027s Stone":17,"Membership Card":30,"Cracked Core":0},{"Pear":4,"NeowsBlessing":0,"Golden Idol":2,"PreservedInsect":3,"Juzu Bracelet":5,"War Paint":11,"White Beast Statue":13,"SsserpentHead":9,"Nunchaku":10,"Mummified Hand":10,"Bronze Scales":10,"Pantograph":13,"Philosopher\u0027s Stone":8,"Membership Card":13,"Cracked Core":0},{"Pear":7,"NeowsBlessing":0,"Golden Idol":2,"PreservedInsect":3,"Juzu Bracelet":12,"War Paint":46,"White Beast Statue":55,"SsserpentHead":37,"Nunchaku":41,"Mummified Hand":41,"Bronze Scales":41,"Pantograph":55,"Philosopher\u0027s Stone":32,"Membership Card":55,"Cracked Core":0}]},"card_choices":[{"not_picked":["Sweeping Beam","Capacitor"],"picked":"Ball Lightning","floor":1},{"not_picked":["Conserve Battery","Heatsinks"],"picked":"Static Discharge","floor":2},{"not_picked":["Chaos","Genetic Algorithm"],"picked":"Cold Snap","floor":6},{"not_picked":["Conserve Battery","Static Discharge"],"picked":"Loop","floor":8},{"not_picked":["Heatsinks","Consume"],"picked":"Seek","floor":10},{"not_picked":["Ball Lightning","Leap"],"picked":"Capacitor","floor":11},{"not_picked":["Reprogram","Stack","Hello World"],"picked":"SKIP","floor":14},{"not_picked":["Multi-Cast","Thunder Strike"],"picked":"Electrodynamics","floor":16},{"not_picked":["Go for the Eyes","Darkness"],"picked":"Coolheaded","floor":18},{"not_picked":["Sweeping Beam","Beam Cell","Turbo"],"picked":"SKIP","floor":23},{"not_picked":["Storm","Sunder"],"picked":"Echo Form","floor":27},{"not_picked":["Beam Cell+1","Turbo","Lockon"],"picked":"SKIP","floor":28},{"not_picked":["Rebound","Gash","Conserve Battery"],"picked":"SKIP","floor":29}],"player_experience":1745118,"relics_obtained":[{"floor":6,"key":"PreservedInsect"},{"floor":9,"key":"Pear"},{"floor":10,"key":"Juzu Bracelet"},{"floor":23,"key":"Mummified Hand"},{"floor":26,"key":"Bronze Scales"},{"floor":27,"key":"War Paint"},{"floor":29,"key":"White Beast Statue"}],"event_choices":[{"damage_healed":0,"gold_gain":0,"player_choice":"Donut","damage_taken":0,"max_hp_gain":5,"max_hp_loss":0,"event_name":"Big Fish","floor":3,"gold_loss":0},{"damage_healed":0,"gold_gain":0,"player_choice":"Lose Max HP","damage_taken":0,"relics_obtained":["Golden Idol"],"max_hp_gain":0,"max_hp_loss":7,"event_name":"Golden Idol","floor":5,"gold_loss":0},{"damage_healed":0,"gold_gain":0,"player_choice":"Entered Light","damage_taken":21,"max_hp_gain":0,"max_hp_loss":0,"event_name":"Shining Light","floor":7,"gold_loss":0,"cards_upgraded":["Static Discharge","Zap"]},{"damage_healed":0,"gold_gain":0,"player_choice":"Grow","damage_taken":0,"max_hp_gain":0,"max_hp_loss":0,"event_name":"Living Wall","floor":13,"gold_loss":0,"cards_upgraded":["Seek"]},{"damage_healed":0,"gold_gain":0,"cards_transformed":["Strike_B","Strike_B"],"player_choice":"Became Test Subject","damage_taken":0,"max_hp_gain":0,"max_hp_loss":0,"event_name":"Drug Dealer","floor":19,"gold_loss":0,"cards_obtained":["Auto Shields","Creative AI"]},{"damage_healed":0,"gold_gain":0,"player_choice":"Trade","damage_taken":0,"relics_obtained":["SsserpentHead"],"max_hp_gain":0,"max_hp_loss":0,"event_name":"FaceTrader","floor":20,"gold_loss":0},{"damage_healed":0,"gold_gain":0,"player_choice":"Read","damage_taken":0,"max_hp_gain":0,"max_hp_loss":0,"event_name":"The Library","floor":21,"gold_loss":0,"cards_obtained":["Self Repair"]},{"cards_removed":["Strike_B"],"damage_healed":0,"gold_gain":0,"player_choice":"Gave Gold","damage_taken":0,"max_hp_gain":0,"max_hp_loss":0,"event_name":"Beggar","floor":24,"gold_loss":75},{"damage_healed":0,"gold_gain":0,"player_choice":"Obtained Relic","damage_taken":0,"relics_obtained":["Nunchaku"],"max_hp_gain":0,"max_hp_loss":0,"event_name":"Addict","floor":25,"gold_loss":85},{"damage_healed":0,"gold_gain":0,"player_choice":"Fight","damage_taken":0,"max_hp_gain":0,"max_hp_loss":0,"event_name":"Colosseum","floor":31,"gold_loss":0},{"damage_healed":0,"gold_gain":0,"player_choice":"Fought Nobs","damage_taken":0,"max_hp_gain":0,"max_hp_loss":0,"event_name":"Colosseum","floor":31,"gold_loss":0}],"is_beta":true,"boss_relics":[{"not_picked":["Runic Dome","Tiny House"],"picked":"Philosopher\u0027s Stone"}],"items_purged_floors":[30],"is_endless":false,"potions_floor_spawned":[2,6,8,16,28,29,31],"killed_by":"Colosseum Nobs","ascension_level":20}}