{"host":"u4zac1ah2fyo4jwu","time":1611155262,"event":{"mods":["AchievementEnabler","BaseMod","Keyboard Shortcuts","Minty Spire (QoL Compilation)","Quick Restart","Rare Cards Sparkle","SuperFastMode"],"gold_per_floor":[116,132,143,143,161,194,206,246,258,270,300,374,403,446,458,567,629,566,578,578],"floor_reached":19,"language":"KOR","playtime":524,"items_purged":[],"score":187,"play_id":"c10597cd-1f28-4e7c-996b-53198df908c1","local_time":"20210121000742","is_ascension_mode":false,"campfire_choices":[{"floor":7,"key":"REST"},{"floor":15,"key":"REST"}],"circlet_count":0,"master_deck":["Strike_B","Strike_B","Strike_B","Strike_B","Defend_B","Defend_B","Defend_B","Zap","Dualcast","Capacitor","Static Discharge","BootSequence","Streamline","Doom and Gloom","Defragment","Sweeping Beam","Fusion","Barrage+1","Double Energy","All For One"],"relics":["Cracked Core","NeowsBlessing","MawBank","Strawberry","InkBottle","CaptainsWheel","Pen Nib","Tiny House"],"acts_visited":["Exordium","TheCity"],"potions_floor_usage":[5,6,8,12,16],"damage_taken":[{"damage":0,"enemies":"Small Slimes","floor":1,"turns":1},{"damage":0,"enemies":"Jaw Worm","floor":2,"turns":1},{"damage":0,"enemies":"Cultist","floor":3,"turns":1},{"damage":0,"enemies":"Looter","floor":5,"turns":3},{"damage":41,"enemies":"Gremlin Nob","floor":6,"turns":5},{"damage":21,"enemies":"Lagavulin","floor":8,"turns":5},{"damage":14,"enemies":"3 Louse","floor":11,"turns":3},{"damage":18,"enemies":"Lagavulin Event","floor":12,"turns":5},{"damage":11,"enemies":"2 Fungi Beasts","floor":13,"turns":3},{"damage":27,"enemies":"3 Sentries","floor":14,"turns":5},{"damage":34,"enemies":"Slime Boss","floor":16,"turns":7},{"damage":40,"enemies":"2 Thieves","floor":18,"turns":5},{"damage":52,"enemies":"Spheric Guardian","floor":19,"turns":6}],"seed_played":"-7590341578662838269","potions_obtained":[{"floor":3,"key":"Strength Potion"},{"floor":5,"key":"PowerPotion"},{"floor":6,"key":"FearPotion"},{"floor":11,"key":"FocusPotion"},{"floor":14,"key":"Swift Potion"},{"floor":16,"key":"SpeedPotion"},{"floor":17,"key":"BlessingOfTheForge"}],"is_trial":false,"path_per_floor":["M","M","M","?","M","E","R","E","T","?","M","?","M","E","R","B",null,"M","M"],"character_chosen":"DEFECT","items_purchased":[],"campfire_rested":2,"item_purchase_floors":[],"current_hp_per_floor":[75,75,75,75,75,34,56,42,42,82,68,50,39,12,36,2,87,47,0,0],"gold":578,"neow_bonus":"THREE_ENEMY_KILL","is_daily":false,"chose_seed":false,"campfire_upgraded":0,"win_rate":0.0,"timestamp":1611155262,"path_taken":["M","M","M","?","M","E","R","E","T","?","?","?","M","E","R","BOSS","M","M"],"items_purchased_type":[],"build_version":"2020-12-22","purchased_purges":0,"victory":false,"max_hp_per_floor":[75,75,75,75,75,75,75,82,82,82,82,82,82,82,82,82,87,87,87,87],"card_choices":[{"not_picked":["Gash","Coolheaded"],"picked":"Capacitor","floor":1},{"not_picked":["Beam Cell","Coolheaded"],"picked":"Heatsinks","floor":2},{"not_picked":["Streamline","Multi-Cast"],"picked":"Static Discharge","floor":3},{"not_picked":["Sweeping Beam","Conserve Battery"],"picked":"Streamline","floor":5},{"not_picked":["Steam","Double Energy"],"picked":"Doom and Gloom","floor":6},{"not_picked":["Sweeping Beam","Steam"],"picked":"Defragment","floor":8},{"not_picked":["FTL","Hologram"],"picked":"Sweeping Beam","floor":11},{"not_picked":["Stack","Melter"],"picked":"Fusion","floor":12},{"not_picked":["Redo","Coolheaded"],"picked":"Barrage","floor":13},{"not_picked":["Defragment","Coolheaded"],"picked":"Double Energy","floor":14},{"not_picked":["Rainbow","Seek"],"picked":"All For One","floor":16},{"not_picked":["Gash","Force Field","Barrage+1"],"picked":"SKIP","floor":18}],"player_experience":18226,"relics_obtained":[{"floor":6,"key":"MawBank"},{"floor":8,"key":"Strawberry"},{"floor":9,"key":"InkBottle"},{"floor":14,"key":"Pen Nib"}],"event_choices":[{"damage_healed":0,"gold_gain":0,"cards_transformed":["Defend_B"],"player_choice":"Change","damage_taken":0,"max_hp_gain":0,"max_hp_loss":0,"event_name":"Living Wall","floor":4,"gold_loss":0,"cards_obtained":["BootSequence"]},{"cards_removed":["Heatsinks"],"damage_healed":40,"gold_gain":0,"player_choice":"Offered Uncommon","damage_taken":0,"max_hp_gain":0,"max_hp_loss":0,"event_name":"Bonfire Elementals","floor":10,"gold_loss":0},{"damage_healed":0,"gold_gain":0,"player_choice":"Searched \u00272\u0027 times","damage_taken":0,"relics_obtained":["CaptainsWheel"],"max_hp_gain":0,"max_hp_loss":0,"event_name":"Dead Adventurer","floor":12,"gold_loss":0}],"is_beta":false,"boss_relics":[{"not_picked":["Cursed Key","Fusion Hammer"],"picked":"Tiny House"}],"items_purged_floors":[],"is_endless":false,"potions_floor_spawned":[3,5,6,11,14,16],"killed_by":"Spheric Guardian","ascension_level":0}}