{"host":"grooae7peokc63vv","time":1611163130,"event":{"mods":["ATMod(°¢èªMod)","BaseMod","Minty Spire (QoL Compilation)","MostiFishMod","Replay The Spire","StSLib","TestMod"],"gold_per_floor":[109,129,145,161,177,177,195,195,195,211,246,256,276,309,309,380,380,397,415,429,439,459,490,490,516,587,587,621,621,202,221,221,300,300,311,321,338,338,358,384,384,419,442,442,458,477,508,524,524,524],"floor_reached":51,"language":"ZHS","playtime":3314,"items_purged":["Decay"],"score":1252,"play_id":"090e90c8-37b4-4958-80bd-0f0b55f28fac","local_time":"20210121011850","is_ascension_mode":true,"campfire_choices":[{"data":"Body Slam","floor":6,"key":"SMITH"},{"data":"Anger","floor":8,"key":"SMITH"},{"data":"Armaments","floor":15,"key":"SMITH"},{"data":"AT_BodySlamDance","floor":24,"key":"SMITH"},{"data":"Armaments","floor":32,"key":"SMITH"},{"floor":41,"key":"REST"},{"data":"AT_EmpoweredMortalDraw","floor":44,"key":"SMITH"},{"floor":49,"key":"REST"}],"circlet_count":0,"master_deck":["AscendersBane","Strike_R+1","Strike_R+1","Strike_R+1","Strike_R+1","Strike_R+1","Defend_R+1","Defend_R+1","Defend_R+1","Defend_R+1","Bash","AT_Dispersion","Twin Strike","Anger+1","Anger","Body Slam+1","Rage","Flex","ReplayTheSpireMod:Muscle Training","Armaments+1","Body Slam","Armaments+1","MostiFishMod:DarkDeal","Run Through","Run Through","Thunderclap","ReplayTheSpireMod:Muscle Training+1","AT_BodySlamDance+1","Run Through","Spot Weakness","Warcry","Warcry","MostiFishMod:Mottled+1","Rage","AT_EmpoweredMortalDraw+1","Rage","AT_BodySlamDance","Armaments","Run Through","Rage","Searing Blow","AT_BodySlamDance","Anger","Anger+1"],"relics":["Burning Blood","DaveBox","testmod-TestBox","AT_ATBox","AT_SunfireAegis","testmod-ThousandKnives","JellyFishMachine","SynthV:TestCard","testmod-BalancedPeriapt","MealTicket","Nunchaku","ShadowXiaoBlade","Thread and Needle","Replay:Bottled Steam","White Beast Statue","Anchor","Blue Doll","AT_MortalBlade","testmod-Maize","ReplayTheSpireMod:Spearhead","Lantern","Gremlin Food"],"acts_visited":["Exordium","TheCity","TheBeyond"],"potions_floor_usage":[11,11,14,16,23,47,50],"damage_taken":[{"damage":12,"enemies":"Small Slimes","floor":1,"turns":4},{"damage":7,"enemies":"2 Louse","floor":2,"turns":3},{"damage":1,"enemies":"Cultist","floor":3,"turns":3},{"damage":18,"enemies":"Exordium Thugs","floor":4,"turns":4},{"damage":0,"enemies":"Gremlin Gang","floor":5,"turns":3},{"damage":3,"enemies":"Looter","floor":7,"turns":2},{"damage":3,"enemies":"Large Slime","floor":10,"turns":3},{"damage":4,"enemies":"Lagavulin","floor":11,"turns":3},{"damage":0,"enemies":"Exordium Wildlife","floor":12,"turns":2},{"damage":0,"enemies":"2 Fungi Beasts","floor":13,"turns":2},{"damage":1,"enemies":"Gremlin Nob","floor":14,"turns":3},{"damage":19,"enemies":"Slime Boss","floor":16,"turns":5},{"damage":0,"enemies":"Shell Parasite","floor":18,"turns":1},{"damage":3,"enemies":"2 Thieves","floor":19,"turns":2},{"damage":10,"enemies":"Shelled Parasite and Fungi","floor":20,"turns":3},{"damage":0,"enemies":"3 Cultists","floor":21,"turns":3},{"damage":15,"enemies":"Snake Plant","floor":22,"turns":3},{"damage":8,"enemies":"Book of Stabbing","floor":23,"turns":3},{"damage":4,"enemies":"Replay:Snechameleon","floor":25,"turns":3},{"damage":5,"enemies":"Gremlin Leader","floor":28,"turns":2},{"damage":0,"enemies":"Centurion and Healer","floor":31,"turns":2},{"damage":8,"enemies":"Pondfish","floor":33,"turns":5},{"damage":0,"enemies":"3 Shapes","floor":35,"turns":1},{"damage":0,"enemies":"Orb Walker","floor":36,"turns":2},{"damage":1,"enemies":"Maw","floor":37,"turns":1},{"damage":49,"enemies":"Transient","floor":39,"turns":5},{"damage":11,"enemies":"Reptomancer","floor":40,"turns":3},{"damage":3,"enemies":"Giant Head","floor":42,"turns":4},{"damage":31,"enemies":"Writhing Mass","floor":45,"turns":3},{"damage":0,"enemies":"Jaw Worm Horde","floor":46,"turns":1},{"damage":27,"enemies":"R_Hoarder","floor":47,"turns":3},{"damage":0,"enemies":"4 Shapes","floor":48,"turns":4},{"damage":35,"enemies":"Replay:Hell Engine","floor":50,"turns":5}],"seed_played":"2354057115386112047","potions_obtained":[{"floor":2,"key":"Toxic Potion"},{"floor":4,"key":"testmod-EscapePotion"},{"floor":10,"key":"Languid Potion"},{"floor":13,"key":"LiquidMemories"},{"floor":14,"key":"Regen Potion"},{"floor":16,"key":"Ancient Potion"},{"floor":19,"key":"SteroidPotion"},{"floor":20,"key":"Fire Potion"},{"floor":25,"key":"FairyPotion"},{"floor":46,"key":"Explosive Potion"},{"floor":47,"key":"SpeedPotion"},{"floor":48,"key":"testmod-TestPotion"}],"is_trial":false,"path_per_floor":["M","M","M","M","M","R","M","R","T","M","E","M","M","E","R","B",null,"M","M","M","M","M","E","R","E","T","?","E","?","$","M","R","B",null,"M","M","M","?","M","E","R","E","T","R","M","M","E","M","R","B",null],"character_chosen":"IRONCLAD","items_purchased":["Blue Doll","Warcry","MostiFishMod:Mottled"],"campfire_rested":2,"item_purchase_floors":[30,30,30],"current_hp_per_floor":[62,61,66,54,60,60,63,63,63,66,68,74,75,75,75,66,73,75,75,71,75,66,64,64,66,66,66,67,67,75,75,75,73,75,75,75,75,71,28,23,45,48,48,48,23,29,8,14,36,7],"gold":524,"neow_bonus":"RANDOM_COMMON_RELIC","is_daily":false,"chose_seed":false,"campfire_upgraded":6,"win_rate":0.0,"timestamp":1611163130,"path_taken":["M","M","M","M","M","R","M","R","T","M","E","M","M","E","R","BOSS","M","M","M","M","M","E","R","E","T","?","E","?","$","M","R","BOSS","M","M","M","?","M","E","R","E","T","R","M","M","E","M","R","BOSS"],"items_purchased_type":["Relic","Card","Card"],"build_version":"2020-12-22","purchased_purges":1,"victory":true,"max_hp_per_floor":[75,75,75,75,75,75,75,75,75,75,75,75,75,75,75,75,75,75,75,75,75,75,75,75,75,75,75,75,75,75,75,75,75,75,75,75,75,75,75,75,75,75,75,75,75,75,75,75,75,75],"card_choices":[{"not_picked":["Replay:Undeath\u0027s Touch","Sword Boomerang","Second Wind"],"picked":"SKIP","floor":1},{"not_picked":["Power Through","Clothesline","Defy Death","AT_IchimonjiDouble"],"picked":"Twin Strike","floor":2},{"not_picked":["Warcry","AT_GerminateFire","AT_IchimonjiDouble","Bludgeon"],"picked":"Anger","floor":3},{"not_picked":["Cleave","Ghostly Armor","Iron Wave","Pummel"],"picked":"Anger","floor":4},{"not_picked":["True Grit","MostiFishMod:BrandingRite","Havoc","Clothesline"],"picked":"Body Slam","floor":5},{"not_picked":["Hemokinesis","Pommel Strike","Headbutt","Feel No Pain"],"picked":"Rage","floor":7},{"not_picked":["Body Slam","True Grit","Impervious","Whirlwind"],"picked":"Flex","floor":10},{"not_picked":["True Grit","AT_IchimonjiDouble","Clash","Shrug It Off"],"picked":"ReplayTheSpireMod:Muscle Training","floor":11},{"not_picked":["Abandon","Shrug It Off","Shockwave","Twin Strike"],"picked":"Armaments","floor":12},{"not_picked":["Headbutt","Battle Trance","Evolve","Run Through"],"picked":"Body Slam","floor":13},{"not_picked":["Reaper","Cleave","Pommel Strike","Shrug It Off"],"picked":"Armaments","floor":14},{"not_picked":["MostiFishMod:ChineseTea","Double Tap","Eclipse","MostiFishMod:Mania"],"picked":"MostiFishMod:DarkDeal","floor":16},{"not_picked":["Clash","ReplayTheSpireMod:Strike From Hell+1","Dropkick","Ghostly Armor"],"picked":"Run Through","floor":18},{"not_picked":["Sword Boomerang","AT_GerminateFire","Twin Strike","Replay:Undeath\u0027s Touch"],"picked":"Run Through","floor":19},{"not_picked":["Uppercut","Clash","Whirlwind","Ghostly Armor","Sever Soul"],"picked":"SKIP","floor":20},{"not_picked":["Perfected Strike","Second Wind","Metallicize+1","Shrug It Off"],"picked":"Thunderclap","floor":21},{"not_picked":["Headbutt","Replay:Undeath\u0027s Touch","Clothesline","Iron Wave"],"picked":"ReplayTheSpireMod:Muscle Training+1","floor":22},{"not_picked":["Rage","Sword Boomerang","Hemokinesis+1","Reaper"],"picked":"AT_BodySlamDance","floor":23},{"not_picked":["AT_IchimonjiDouble","Thunderclap","Clothesline","Havoc"],"picked":"Run Through","floor":25},{"not_picked":["Wild Strike","Perfected Strike","Warcry","Dropkick"],"picked":"Spot Weakness","floor":28},{"not_picked":["Perfected Strike","AT_IchimonjiDouble","Rupture","Headbutt"],"picked":"Rage","floor":31},{"not_picked":["Clothesline","Thunderclap+1","Rampage","Cleave"],"picked":"Rage","floor":35},{"not_picked":["Defy Death","Metallicize","Clothesline+1","Cleave"],"picked":"AT_BodySlamDance","floor":36},{"not_picked":["Shrug It Off+1","Replay:Undeath\u0027s Touch+1","ReplayTheSpireMod:Muscle Training","Wild Strike"],"picked":"Armaments","floor":37},{"not_picked":["Feel No Pain","ReplayTheSpireMod:Strike From Hell","Warcry","Feed"],"picked":"Run Through","floor":39},{"not_picked":["Run Through+1","Infernal Blade+1","Seeing Red","Heavy Blade"],"picked":"Rage","floor":40},{"not_picked":["AT_IchimonjiDouble","Body Slam","Sword Boomerang","AT_GerminateFire"],"picked":"Searing Blow","floor":42},{"not_picked":["ReplayTheSpireMod:Limb From Limb+1","Iron Wave","ReplayTheSpireMod:LeadingStrike","AT_IchimonjiDouble"],"picked":"AT_BodySlamDance","floor":45},{"not_picked":["Sever Soul+1","Second Wind","Wild Strike","Twin Strike"],"picked":"Anger","floor":46},{"not_picked":["Reaper","Uppercut","Perfected Strike","Rampage","Thunderclap"],"picked":"SKIP","floor":47},{"not_picked":["AT_ManFootWork","Perfected Strike","Clothesline+1","Pommel Strike"],"picked":"Anger+1","floor":48}],"player_experience":195219,"relics_obtained":[{"floor":1,"key":"SynthV:TestCard"},{"floor":9,"key":"testmod-BalancedPeriapt"},{"floor":11,"key":"MealTicket"},{"floor":14,"key":"Nunchaku"},{"floor":23,"key":"Thread and Needle"},{"floor":25,"key":"Replay:Bottled Steam"},{"floor":26,"key":"White Beast Statue"},{"floor":28,"key":"Anchor"},{"floor":40,"key":"testmod-Maize"},{"floor":42,"key":"ReplayTheSpireMod:Spearhead"},{"floor":43,"key":"Lantern"},{"floor":47,"key":"Gremlin Food"}],"event_choices":[{"damage_healed":0,"gold_gain":0,"player_choice":"Simplicity","damage_taken":0,"max_hp_gain":0,"max_hp_loss":0,"event_name":"Back to Basics","floor":27,"gold_loss":0,"cards_upgraded":["Strike_R","Strike_R","Strike_R","Strike_R","Strike_R","Defend_R","Defend_R","Defend_R","Defend_R"]},{"damage_healed":0,"gold_gain":0,"player_choice":"Smashed Altar","damage_taken":0,"max_hp_gain":0,"max_hp_loss":0,"event_name":"Forgotten Altar","floor":29,"gold_loss":0,"cards_obtained":["Decay"]},{"damage_healed":0,"gold_gain":0,"player_choice":"Bought 0 Potions","damage_taken":0,"max_hp_gain":0,"max_hp_loss":0,"event_name":"The Woman in Blue","floor":38,"gold_loss":0}],"is_beta":false,"boss_relics":[{"not_picked":["Calling Bell","Mark of Pain"],"picked":"ShadowXiaoBlade"},{"not_picked":["testmod-EnergyCheck","RhineCircuit"],"picked":"AT_MortalBlade"}],"items_purged_floors":[30],"is_endless":false,"potions_floor_spawned":[2,4,10,13,14,16,19,20,22,25,28,31,33,35,36,37,39,40,42,45,46,47,48],"ascension_level":15}}