{"host":"l84l8xigz5v5foa2","time":1611164318,"event":{"mods":["2.2 Compatiblity","AchievementEnabler","BaseMod","Better Note","Better Vampires","Card Filter","Colored Map","DeckTracker","Downfall","Gremlin Skip","Highlight Path","Keyboard Shortcuts","Minty Spire (QoL Compilation)","Permanent Neow","Quick Restart","Relic Filter","Relic Stats","StSLib","SuperFastMode","Transform Curses","Unknown Chances"],"gold_per_floor":[138,188,228,228,228,228,278,278,305,324,170,204,204,249,249,249,249,249],"floor_reached":16,"language":"ENG","playtime":520,"items_purged":["hexamod:Strike"],"score":220,"play_id":"7e168d8c-e5f2-4039-a04e-6c2cd6e34c1c","local_time":"20210121023838","is_ascension_mode":true,"campfire_choices":[{"data":"hexamod:Float","floor":6.0,"key":"SMITH"},{"floor":8.0,"key":"REST"},{"data":"HandOfGreed","floor":13.0,"key":"SMITH"},{"data":"hexamod:CatchUp","floor":15.0,"key":"SMITH"}],"circlet_count":0,"master_deck":["AscendersBane","hexamod:Strike","hexamod:Strike","hexamod:Strike","hexamod:Defend","hexamod:Defend","hexamod:Defend","hexamod:Defend","hexamod:Sear","hexamod:Float+1","HandOfGreed+1","hexamod:GhostflameInferno","hexamod:ThirdSeal","hexamod:FourthSeal","hexamod:FirstSeal","hexamod:CatchUp+1","hexamod:GiftsFromTheDead","hexamod:SpectersWail","hexamod:AdvancingGuard","hexamod:StepThrough","hexamod:ApocalypseNow","hexamod:HeatMetal"],"relics":["hexamod:SpiritBrand","hexamod:CandleOfCauterizing","Pen Nib","Torii"],"acts_visited":["Exordium"],"potions_floor_usage":[16,16],"damage_taken":[{"damage":2.0,"enemies":"Jaw Worm","floor":1.0,"turns":3.0},{"damage":1.0,"enemies":"2 Louse","floor":2.0,"turns":3.0},{"damage":0.0,"enemies":"Cultist","floor":3.0,"turns":3.0},{"damage":29.0,"enemies":"Gremlin Nob","floor":7.0,"turns":4.0},{"damage":10.0,"enemies":"Large Slime","floor":10.0,"turns":4.0},{"damage":6.0,"enemies":"Lagavulin","floor":12.0,"turns":6.0},{"damage":1.0,"enemies":"3 Louse","floor":14.0,"turns":4.0},{"damage":31,"enemies":"The Guardian","floor":16,"turns":5}],"seed_played":"-7972210908713060389","potions_obtained":[{"floor":1.0,"key":"hexamod:InfernoChargePotion"},{"floor":2.0,"key":"Explosive Potion"},{"floor":5.0,"key":"Energy Potion"},{"floor":7.0,"key":"CultistPotion"},{"floor":10.0,"key":"LiquidMemories"},{"floor":12.0,"key":"BlessingOfTheForge"},{"floor":12.0,"key":"PowerPotion"}],"is_trial":false,"path_per_floor":["M","M","M","?","?","R","E","R","T","M","$","E","R","M","R","B"],"character_chosen":"THE_SPIRIT","items_purchased":["hexamod:StepThrough"],"campfire_rested":1,"item_purchase_floors":[11],"current_hp_per_floor":[40,39,39,32,32,32,3,21,21,18,18,19,19,25,25,0,0,0],"gold":249,"neow_bonus":"RANDOM_COLORLESS_2","is_daily":false,"chose_seed":false,"campfire_upgraded":3,"win_rate":0.0,"timestamp":1611164318,"path_taken":["M","M","M","?","?","R","E","R","T","M","$","E","R","M","R","BOSS"],"items_purchased_type":["Card"],"build_version":"2020-12-22","purchased_purges":1,"victory":false,"max_hp_per_floor":[63,63,63,63,63,63,63,63,63,63,63,63,63,63,63,63,63,63],"relic_stats":{"Torii":2,"counters":[8,32],"Pen Nib":[1],"obtain_stats":[{"hexamod:CandleOfCauterizing":7,"Torii":12,"Pen Nib":9,"hexamod:SpiritBrand":0},{"hexamod:CandleOfCauterizing":4,"Torii":6,"Pen Nib":4,"hexamod:SpiritBrand":0},{"hexamod:CandleOfCauterizing":13,"Torii":23,"Pen Nib":13,"hexamod:SpiritBrand":0}]},"card_choices":[{"not_picked":["Panache","Violence"],"picked":"HandOfGreed","floor":0.0},{"not_picked":["hexamod:SpectralSpark","hexamod:HeatCrush","hexamod:RadiantFlame"],"picked":"SKIP","floor":1.0},{"not_picked":["hexamod:SwordOfDarkness","hexamod:BacktrackSmack"],"picked":"hexamod:Hexaguard","floor":2.0},{"not_picked":["hexamod:Firestarter","hexamod:ChargedBarrage"],"picked":"hexamod:GhostflameInferno","floor":3.0},{"not_picked":["hexamod:BurningTouch","hexamod:BacktrackSmack"],"picked":"hexamod:CatchUp","floor":7.0},{"not_picked":["hexamod:GiftsFromTheDead","hexamod:NightmareGuise","hexamod:SuperheatedStrike"],"picked":"SKIP","floor":7.0},{"not_picked":["hexamod:NightmareGuise","hexamod:SuperheatedStrike"],"picked":"hexamod:GiftsFromTheDead","floor":7.0},{"not_picked":["hexamod:HauntingEcho","hexamod:InspiringFlames"],"picked":"hexamod:SpectersWail","floor":10.0},{"not_picked":["hexamod:GhostLash","hexamod:HauntingEcho"],"picked":"hexamod:AdvancingGuard","floor":10.0},{"not_picked":["hexamod:GhostOfSpireFuture","hexamod:SpectralSpark"],"picked":"hexamod:ApocalypseNow","floor":12.0},{"not_picked":["hexamod:SkipABeat","hexamod:AdvancingGuard"],"picked":"hexamod:HeatMetal","floor":12.0},{"not_picked":["hexamod:GhostShield","hexamod:HeatCrush","hexamod:FourthSeal"],"picked":"SKIP","floor":14.0}],"player_experience":3332440,"relics_obtained":[{"floor":7.0,"key":"hexamod:CandleOfCauterizing"},{"floor":9.0,"key":"Pen Nib"},{"floor":12.0,"key":"Torii"}],"event_choices":[{"damage_healed":0.0,"max_hp_gain":0.0,"max_hp_loss":0.0,"gold_gain":0.0,"event_name":"Lab","player_choice":"Got Potions","floor":5.0,"gold_loss":0.0,"damage_taken":0.0}],"is_beta":false,"boss_relics":[],"items_purged_floors":[11],"is_endless":false,"potions_floor_spawned":[1,2,12],"killed_by":"The Guardian","ascension_level":20}}