{"host":"51mqhfpmwwd4kxyt","time":1611159114,"event":{"mods":["BaseMod","Downfall","Hermit","Highlight Path","Minty Spire (QoL Compilation)","READ ME - Guardian Mod","Remilia??????","StSLib","The Animator","The Bug Knight","The Cursed","The Jungle","The Servant 0.9.4"],"gold_per_floor":[113,128,128,15,15,45,55,55,55,65,35,54,54,72,72,177,177,192,192,204,204,204,204,204,28,28,42,62,76,76,90,90,90,90],"floor_reached":33,"language":"ENG","playtime":1647,"items_purged":["Regret"],"score":361,"play_id":"f35b8bf0-ab89-44db-9e07-e1aa8dda6514","local_time":"20210120111154","is_ascension_mode":true,"campfire_choices":[{"floor":8,"key":"REST"},{"floor":15,"key":"REST"},{"floor":23,"key":"REST"},{"floor":32,"key":"REST"}],"circlet_count":0,"master_deck":["Strike_G+1","Strike_G+1","Strike_G+1","Strike_G+1","Defend_G+1","Defend_G+1","Defend_G+1","Defend_G+1","Defend_G+1","Survivor+1","Neutralize","Infinite Blades","Acrobatics","Tactician","Well Laid Plans","Calculated Gamble","Acrobatics","Backflip","Adrenaline","Outmaneuver","Die Die Die","Masterful Stab+1","Blur+1","Acrobatics","Distraction+1","Backflip","Underhanded Strike","Outmaneuver+1"],"relics":["Ring of the Snake","WingedGreaves","Lantern","Calipers","Sozu","Omamori","Mango","CaptainsWheel"],"acts_visited":["Exordium","TheCity"],"potions_floor_usage":[6,6,16,16,16],"damage_taken":[{"damage":1,"enemies":"Jaw Worm","floor":1,"turns":6},{"damage":10,"enemies":"Small Slimes","floor":2,"turns":5},{"damage":26,"enemies":"Gremlin Nob","floor":6,"turns":5},{"damage":1,"enemies":"Cultist","floor":7,"turns":4},{"damage":3,"enemies":"Blue Slaver","floor":10,"turns":5},{"damage":1,"enemies":"Looter","floor":11,"turns":4},{"damage":1,"enemies":"Exordium Wildlife","floor":12,"turns":3},{"damage":4,"enemies":"3 Louse","floor":14,"turns":4},{"damage":18,"enemies":"The Guardian","floor":16,"turns":16},{"damage":18,"enemies":"Spheric Guardian","floor":18,"turns":7},{"damage":0,"enemies":"Chosen","floor":20,"turns":4},{"damage":12,"enemies":"3 Cultists","floor":27,"turns":5},{"damage":1,"enemies":"Centurion and Healer","floor":28,"turns":5},{"damage":29,"enemies":"Snake Plant","floor":29,"turns":6},{"damage":0,"enemies":"Shelled Parasite and Fungi","floor":31,"turns":5},{"damage":56,"enemies":"Collector","floor":33,"turns":11}],"seed_played":"5496630939477323876","potions_obtained":[{"floor":1,"key":"BlessingOfTheForge"},{"floor":2,"key":"CunningPotion"},{"floor":7,"key":"BlessingOfTheForge"},{"floor":12,"key":"ColorlessPotion"},{"floor":14,"key":"GhostInAJar"}],"is_trial":false,"path_per_floor":["M","M","?","$","?","E","M","R","T","M","M","M","?","M","R","B",null,"M","?","M","?","?","R","?","$","T","M","M","M","T","M","R","B"],"character_chosen":"THE_SILENT","items_purchased":["Well Laid Plans","Omamori","Acrobatics"],"campfire_rested":4,"item_purchase_floors":[4,25,25],"current_hp_per_floor":[62,52,52,52,52,26,25,46,46,43,42,41,27,23,44,26,59,41,41,41,41,28,50,50,50,64,52,51,22,22,22,48,0,0],"gold":90,"neow_bonus":"TRANSFORM_CARD","is_daily":false,"chose_seed":false,"campfire_upgraded":0,"win_rate":0.0,"timestamp":1611159114,"path_taken":["M","M","?","$","?","E","M","R","T","M","M","?","?","M","R","BOSS","M","?","M","?","?","R","?","?","T","M","M","M","?","M","R","BOSS"],"items_purchased_type":["Card","Relic","Card"],"build_version":"2020-12-22","purchased_purges":1,"victory":false,"max_hp_per_floor":[70,70,70,70,70,70,70,70,70,70,70,70,70,70,70,70,70,70,70,70,70,75,75,75,75,89,89,89,89,89,89,89,89,89],"card_choices":[{"not_picked":["Reflex","Deadly Poison"],"picked":"Acrobatics","floor":1},{"not_picked":["Cloak And Dagger","Dagger Throw"],"picked":"Tactician","floor":2},{"not_picked":["Blur","Terror"],"picked":"Calculated Gamble","floor":6},{"not_picked":["PiercingWail","Cloak And Dagger","Caltrops"],"picked":"SKIP","floor":7},{"not_picked":["Slice","Wraith Form v2"],"picked":"Acrobatics","floor":10},{"not_picked":["Flying Knee","Eviscerate"],"picked":"Backflip","floor":11},{"not_picked":["Tactician","Dagger Throw"],"picked":"Adrenaline","floor":12},{"not_picked":["Quick Slash","Bouncing Flask"],"picked":"Outmaneuver","floor":14},{"not_picked":["Grand Finale","Malaise"],"picked":"Die Die Die","floor":16},{"not_picked":["Blur","Heel Hook"],"picked":"Masterful Stab+1","floor":18},{"not_picked":["Backstab","Predator"],"picked":"Blur+1","floor":20},{"not_picked":["Dodge and Roll","Slice"],"picked":"Distraction+1","floor":27},{"not_picked":["Predator","Flying Knee"],"picked":"Backflip","floor":28},{"not_picked":["Deflect","Dodge and Roll"],"picked":"Underhanded Strike","floor":29},{"not_picked":["Accuracy","Flying Knee"],"picked":"Outmaneuver+1","floor":31}],"player_experience":414047,"relics_obtained":[{"floor":6,"key":"Lantern"},{"floor":9,"key":"Calipers"},{"floor":26,"key":"Mango"},{"floor":30,"key":"CaptainsWheel"}],"event_choices":[{"damage_healed":0,"gold_gain":0,"player_choice":"Box","damage_taken":0,"relics_obtained":["WingedGreaves"],"max_hp_gain":0,"max_hp_loss":0,"event_name":"Big Fish","floor":3,"gold_loss":0,"cards_obtained":["Regret"]},{"damage_healed":0,"gold_gain":0,"player_choice":"0 cards matched","damage_taken":0,"max_hp_gain":0,"max_hp_loss":0,"event_name":"Match and Keep!","floor":5,"gold_loss":0,"cards_obtained":[]},{"damage_healed":0,"gold_gain":0,"player_choice":"Entered Light","damage_taken":14,"max_hp_gain":0,"max_hp_loss":0,"event_name":"Shining Light","floor":13,"gold_loss":0,"cards_upgraded":["Strike_G","Survivor"]},{"damage_healed":0,"gold_gain":0,"player_choice":"Ignored","damage_taken":0,"max_hp_gain":0,"max_hp_loss":0,"event_name":"Vampires","floor":19,"gold_loss":0},{"damage_healed":0,"gold_gain":0,"player_choice":"Simplicity","damage_taken":0,"max_hp_gain":0,"max_hp_loss":0,"event_name":"Back to Basics","floor":21,"gold_loss":0,"cards_upgraded":["Strike_G","Strike_G","Strike_G","Defend_G","Defend_G","Defend_G","Defend_G","Defend_G"]},{"damage_healed":0,"gold_gain":0,"player_choice":"Shed Blood","damage_taken":18,"max_hp_gain":5,"max_hp_loss":0,"event_name":"Forgotten Altar","floor":22,"gold_loss":0},{"damage_healed":0,"gold_gain":0,"player_choice":"Ignored","damage_taken":0,"max_hp_gain":0,"max_hp_loss":0,"event_name":"Ghosts","floor":24,"gold_loss":0}],"is_beta":false,"boss_relics":[{"not_picked":["Ectoplasm","Calling Bell"],"picked":"Sozu"}],"items_purged_floors":[4],"is_endless":false,"potions_floor_spawned":[1,2,7,12,14,18,20,31],"killed_by":"Collector","ascension_level":7}}