{"host":"u9h06qdlnp3wgzsw","time":1611140644,"event":{"mods":["Act Like it!","BaseMod","Curses Come First","Downfall","Hallownest","Hermit","Minty Spire (QoL Compilation)","Quick Restart","Rare Cards Sparkle","Shop Mod","StSLib","The Disciple","The Hierophant","The Servant 0.9.4"],"gold_per_floor":[117,117,117,83,94,119,74,74,144,144,164,164,186,210,210,210,210],"floor_reached":16,"language":"ENG","playtime":1713,"items_purged":[],"score":125,"play_id":"4bd15eee-9a2b-4ace-b099-71badae6ed3c","local_time":"20210120060404","is_ascension_mode":false,"campfire_choices":[{"floor":10,"key":"DIG"},{"floor":12,"key":"DIG"},{"floor":15,"key":"REST"}],"circlet_count":0,"master_deck":["Strike_Br+1","Strike_Br","Strike_Br","Strike_Br","Defend_Br","Defend_Br+1","Defend_Br","Defend_Br","SecondHand","PatternShift","LockedBlood","LockedBlood","LockedBlood","LockedBlood","LockedMawBank","AlternateTimeline"],"relics":["Chronometer","Shovel","hexamod:Sixitude","Shuriken","Sundial","Lantern"],"acts_visited":["Exordium"],"potions_floor_usage":[13],"damage_taken":[{"damage":1,"enemies":"Jaw Worm","floor":1,"turns":7},{"damage":0,"enemies":"2 Louse","floor":5,"turns":3},{"damage":43,"enemies":"Lagavulin","floor":6,"turns":11},{"damage":4,"enemies":"Cultist","floor":11,"turns":5},{"damage":4,"enemies":"Exordium Thugs","floor":13,"turns":5},{"damage":38,"enemies":"Gremlin Gang","floor":14,"turns":8},{"damage":82,"enemies":"Slime Boss","floor":16,"turns":16}],"seed_played":"7329270182682187917","potions_obtained":[{"floor":11,"key":"LiquidBronze"}],"is_trial":false,"path_per_floor":["M","?","?","?","M","E","$","?","T","R","M","R","M","M","R","B"],"character_chosen":"CHRONO_CLASS","items_purchased":["LockedBlood"],"campfire_rested":1,"item_purchase_floors":[7],"current_hp_per_floor":[70,63,49,49,53,22,22,22,22,22,32,32,38,24,45,0,0],"gold":210,"neow_bonus":"TEN_PERCENT_HP_BONUS","is_daily":false,"chose_seed":false,"campfire_upgraded":0,"win_rate":0.0,"timestamp":1611140644,"path_taken":["M","?","?","?","M","E","$","?","T","R","M","R","?","M","R","BOSS"],"items_purchased_type":["Card"],"build_version":"2020-12-22","purchased_purges":0,"victory":false,"max_hp_per_floor":[71,71,71,71,71,71,71,71,71,71,71,71,71,71,71,71,71],"card_choices":[{"not_picked":["CrunchTime","LockedAnchor"],"picked":"LockedBlood","floor":1},{"not_picked":["ExoVibe","WatchCommand"],"picked":"LockedBlood","floor":5},{"not_picked":["LockedTurtyl","TickedOff"],"picked":"LockedBlood","floor":6},{"not_picked":["ExoVibe","LockedBlood"],"picked":"LockedMawBank","floor":11},{"not_picked":["Engulf","WindUp"],"picked":"AlternateTimeline","floor":13},{"not_picked":["Recurrance","Fragmentalize","ExoVibe"],"picked":"SKIP","floor":14}],"player_experience":834270,"relics_obtained":[{"floor":6,"key":"hexamod:Sixitude"},{"floor":9,"key":"Shuriken"},{"floor":10,"key":"Sundial"},{"floor":12,"key":"Lantern"}],"event_choices":[{"damage_healed":0,"gold_gain":0,"player_choice":"Success","damage_taken":7,"relics_obtained":["Shovel"],"max_hp_gain":0,"max_hp_loss":0,"event_name":"Scrap Ooze","floor":2,"gold_loss":0},{"damage_healed":0,"gold_gain":0,"player_choice":"Entered Light","damage_taken":14,"max_hp_gain":0,"max_hp_loss":0,"event_name":"Shining Light","floor":3,"gold_loss":0,"cards_upgraded":["Strike_Br","Defend_Br"]},{"damage_healed":0,"gold_gain":0,"player_choice":"Left Gold","damage_taken":0,"max_hp_gain":0,"max_hp_loss":0,"event_name":"World of Goop","floor":4,"gold_loss":34},{"damage_healed":0,"gold_gain":0,"player_choice":"Ignored","damage_taken":0,"max_hp_gain":0,"max_hp_loss":0,"event_name":"NoteForYourself","floor":8,"gold_loss":0}],"is_beta":false,"boss_relics":[],"items_purged_floors":[],"is_endless":false,"potions_floor_spawned":[11],"killed_by":"Slime Boss","ascension_level":0}}