{"host":"4bbalj7r5kimsnho","time":1611163458,"event":{"mods":["AchievementEnabler","BaseMod","Colored Powertips","Hermit","Minty Spire (QoL Compilation)","StSLib"],"gold_per_floor":[110,126,138,138,150,184,200,200,247,247,261,261,278,278,278,407,470,493,418,459,459,473,473,473],"floor_reached":23,"language":"ENG","playtime":1317,"items_purged":[],"score":193,"play_id":"77681232-781d-416a-a0e9-962b0ee3b276","local_time":"20210120172418","is_ascension_mode":false,"campfire_choices":[{"data":"hermit:TakeAim","floor":8,"key":"SMITH"},{"data":"hermit:Quickdraw","floor":10,"key":"SMITH"},{"data":"hermit:GhostlyPresence","floor":12,"key":"SMITH"},{"data":"hermit:Vantage","floor":15,"key":"SMITH"}],"circlet_count":0,"master_deck":["hermit:Strike_Hermit","hermit:Strike_Hermit","hermit:Strike_Hermit","hermit:Defend_Hermit","hermit:Defend_Hermit","hermit:Defend_Hermit","hermit:Defend_Hermit","hermit:Snapshot","hermit:Covet","hermit:TakeAim+1","hermit:Ricochet","hermit:SprayPray+1","hermit:GhostlyPresence+1","hermit:Midnight","hermit:Quickdraw+1","hermit:GoldenBullet","hermit:Vantage+1","Injury","hermit:CursedWeapon","hermit:Feint"],"relics":["SlaversCollar","Bottled Tornado","Oddly Smooth Stone","Golden Idol","Tiny House","Red Mask","Enchiridion"],"acts_visited":["Exordium","TheCity"],"potions_floor_usage":[16,18,20,20],"damage_taken":[{"damage":0,"enemies":"Small Slimes","floor":1,"turns":3},{"damage":0,"enemies":"2 Louse","floor":2,"turns":3},{"damage":1,"enemies":"Jaw Worm","floor":3,"turns":3},{"damage":14,"enemies":"Blue Slaver","floor":5,"turns":3},{"damage":18,"enemies":"Gremlin Nob","floor":6,"turns":4},{"damage":8,"enemies":"Red Slaver","floor":7,"turns":4},{"damage":10,"enemies":"Exordium Thugs","floor":11,"turns":4},{"damage":1,"enemies":"Large Slime","floor":13,"turns":6},{"damage":28,"enemies":"Hexaghost","floor":16,"turns":12},{"damage":23,"enemies":"2 Thieves","floor":18,"turns":3},{"damage":2,"enemies":"Masked Bandits","floor":20,"turns":5},{"damage":6,"enemies":"Shell Parasite","floor":22,"turns":5},{"damage":43,"enemies":"Book of Stabbing","floor":23,"turns":7}],"seed_played":"5882032276376525344","potions_obtained":[{"floor":2,"key":"SteroidPotion"},{"floor":3,"key":"Fire Potion"},{"floor":6,"key":"Fire Potion"},{"floor":7,"key":"Regen Potion"},{"floor":17,"key":"DistilledChaos"},{"floor":22,"key":"SmokeBomb"}],"is_trial":false,"path_per_floor":["M","M","M","?","M","E","M","R","T","R","M","R","M","?","R","B",null,"M","?","?","?","M","E"],"character_chosen":"HERMIT","items_purchased":[],"campfire_rested":0,"item_purchase_floors":[],"current_hp_per_floor":[75,75,74,79,65,47,39,39,39,39,29,29,28,28,28,15,85,62,62,60,44,38,0,0],"gold":473,"neow_bonus":"BOSS_RELIC","is_daily":false,"chose_seed":false,"campfire_upgraded":4,"win_rate":0.0,"timestamp":1611163458,"path_taken":["M","M","M","?","M","E","M","R","T","R","M","R","M","?","R","BOSS","M","?","?","?","M","E"],"items_purchased_type":[],"build_version":"2020-12-22","purchased_purges":0,"victory":false,"max_hp_per_floor":[75,75,75,80,80,80,80,80,80,80,80,80,80,80,80,80,85,85,85,85,85,85,85,85],"card_choices":[{"not_picked":["hermit:HoleUp","hermit:HighCaliber"],"picked":"hermit:TakeAim","floor":1},{"not_picked":["hermit:BigShot","hermit:Roulette"],"picked":"hermit:Ricochet","floor":2},{"not_picked":["hermit:Vantage","hermit:BodyArmor"],"picked":"hermit:SprayPray","floor":3},{"not_picked":["hermit:Grudge","hermit:Desperado"],"picked":"hermit:GhostlyPresence","floor":5},{"not_picked":["hermit:HighNoon","hermit:DeadMansHand"],"picked":"hermit:Midnight","floor":6},{"not_picked":["hermit:DeadMansHand","hermit:Cheat"],"picked":"hermit:Quickdraw","floor":7},{"not_picked":["hermit:Desperado","hermit:Grudge"],"picked":"hermit:GoldenBullet","floor":11},{"not_picked":["hermit:TakeAim","hermit:BodyArmor"],"picked":"hermit:Vantage","floor":13},{"not_picked":["hermit:FullyLoaded","hermit:TakeAim"],"picked":"hermit:CursedWeapon","floor":17},{"not_picked":["hermit:Vantage+1","hermit:SprayPray","hermit:Snipe"],"picked":"SKIP","floor":18},{"not_picked":["hermit:HoleUp+1","hermit:Shortfuse"],"picked":"hermit:Feint","floor":22}],"player_experience":106145,"relics_obtained":[{"floor":6,"key":"Bottled Tornado"},{"floor":9,"key":"Oddly Smooth Stone"},{"floor":20,"key":"Red Mask"},{"floor":21,"key":"Enchiridion"}],"event_choices":[{"damage_healed":0,"gold_gain":0,"player_choice":"Donut","damage_taken":0,"max_hp_gain":5,"max_hp_loss":0,"event_name":"Big Fish","floor":4,"gold_loss":0},{"damage_healed":0,"gold_gain":0,"player_choice":"Take Wound","damage_taken":0,"relics_obtained":["Golden Idol"],"max_hp_gain":0,"max_hp_loss":0,"event_name":"Golden Idol","floor":14,"gold_loss":0,"cards_obtained":["Injury"]},{"cards_removed":["hermit:Strike_Hermit"],"damage_healed":0,"gold_gain":0,"player_choice":"Gave Gold","damage_taken":0,"max_hp_gain":0,"max_hp_loss":0,"event_name":"Beggar","floor":19,"gold_loss":75},{"damage_healed":0,"gold_gain":0,"player_choice":"Fought Bandits","damage_taken":0,"max_hp_gain":0,"max_hp_loss":0,"event_name":"Masked Bandits","floor":20,"gold_loss":0},{"damage_healed":0,"gold_gain":0,"player_choice":"Obtained Book","damage_taken":16,"max_hp_gain":0,"max_hp_loss":0,"event_name":"Cursed Tome","floor":21,"gold_loss":0}],"is_beta":false,"boss_relics":[{"not_picked":["Runic Pyramid","hermit:BartenderGlass"],"picked":"Tiny House"}],"items_purged_floors":[],"is_endless":false,"potions_floor_spawned":[2,3,6,7,11,22],"killed_by":"Book of Stabbing","ascension_level":0}}