{"host":"81vb4cbob60wa1na","time":1611154899,"event":{"mods":["BaseMod","Dio Mod","Downfall","GifTheSpireLib","Hermit","Highlight Path","Minty Spire (QoL Compilation)","StSLib","The Bug Knight","The Cursed","The Disciple"],"gold_per_floor":[99,115,135,135,155,155,181,219,219,184,207,222,246,30,43,166,229,229,244,84,84,98,98,98,98,121,135,156,156,156,182,207,207,207],"floor_reached":33,"language":"ENG","playtime":1206,"items_purged":[],"score":241,"play_id":"5d9b6a6d-5be3-441c-ae85-c7c1526d7b02","local_time":"20210120100139","is_ascension_mode":false,"campfire_choices":[{"data":"hermit:Snapshot","floor":1,"key":"SMITH"},{"data":"hermit:Horror","floor":6,"key":"SMITH"},{"data":"hermit:Brawl","floor":9,"key":"SMITH"},{"data":"hermit:PistolWhip","floor":18,"key":"SMITH"},{"floor":23,"key":"REST"},{"floor":25,"key":"REST"}],"circlet_count":0,"master_deck":["hermit:Strike_Hermit","hermit:Strike_Hermit","hermit:Strike_Hermit+1","hermit:Strike_Hermit","hermit:Defend_Hermit","hermit:Defend_Hermit","hermit:Defend_Hermit","hermit:Defend_Hermit","hermit:Snapshot+1","hermit:Covet+1","hermit:Horror+1","hermit:TrackingShot","Injury","hermit:HighCaliber","hermit:Brawl+1","hermit:Glare","hermit:EternalForm","hermit:PistolWhip+1","hermit:Glare","hermit:HighNoon","hermit:Ricochet"],"relics":["hermit:Momento","Golden Idol","Orichalcum","Odd Mushroom","Pen Nib","Tiny House","Akabeko","Shuriken","Enchiridion","Art of War"],"acts_visited":["Exordium","TheCity"],"potions_floor_usage":[13,15,16,19,26,28,32,33,33],"damage_taken":[{"damage":1,"enemies":"Cultist","floor":2,"turns":3},{"damage":0,"enemies":"2 Louse","floor":3,"turns":3},{"damage":6,"enemies":"Jaw Worm","floor":5,"turns":4},{"damage":14,"enemies":"The Mushroom Lair","floor":8,"turns":4},{"damage":0,"enemies":"2 Fungi Beasts","floor":11,"turns":2},{"damage":0,"enemies":"Exordium Wildlife","floor":12,"turns":2},{"damage":11,"enemies":"Large Slime","floor":13,"turns":2},{"damage":5,"enemies":"downfall:FleeingMerchant","floor":14,"turns":4},{"damage":2,"enemies":"Lots of Slimes","floor":15,"turns":4},{"damage":22,"enemies":"Slime Boss","floor":16,"turns":6},{"damage":3,"enemies":"3 Byrds","floor":19,"turns":4},{"damage":5,"enemies":"downfall:FleeingMerchant","floor":20,"turns":4},{"damage":42,"enemies":"Centurion and Healer","floor":22,"turns":8},{"damage":16,"enemies":"Chosen and Byrds","floor":26,"turns":6},{"damage":5,"enemies":"Cultist and Chosen","floor":27,"turns":4},{"damage":20,"enemies":"3 Cultists","floor":28,"turns":5},{"damage":1,"enemies":"Centurion and Healer","floor":32,"turns":3},{"damage":21,"enemies":"SI_MIRROR_ARCHETYPE","floor":33,"turns":4}],"seed_played":"-5844764896314970081","potions_obtained":[{"floor":3,"key":"sneckomod:MuddlingPotion"},{"floor":11,"key":"LiquidBronze"},{"floor":15,"key":"AttackPotion"},{"floor":16,"key":"hermit:Eclipse"},{"floor":17,"key":"SteroidPotion"},{"floor":21,"key":"Guardian:BlockOnCardUsePotion"},{"floor":26,"key":"EssenceOfSteel"},{"floor":28,"key":"AttackPotion"}],"is_trial":false,"path_per_floor":["R","M","M","?","M","R","T","?","R","?","M","M","M","$","M","B",null,"R","M","$","?","M","R","T","R","M","M","M","?","?","T","M","B"],"character_chosen":"HERMIT","items_purchased":["Pen Nib","Fire Potion","Akabeko"],"campfire_rested":2,"item_purchase_floors":[14,14,20],"current_hp_per_floor":[75,74,74,74,68,68,68,54,54,72,72,72,61,56,54,32,80,80,77,72,72,30,54,54,78,62,57,37,37,21,21,20,0,0],"gold":207,"neow_bonus":"UPGRADE_CARD","is_daily":false,"chose_seed":false,"campfire_upgraded":4,"win_rate":0.0,"timestamp":1611154899,"path_taken":["R","M","?","?","M","R","T","?","R","?","M","?","M","$","M","BOSS","R","M","$","?","M","R","T","R","?","M","M","?","?","?","M","BOSS"],"items_purchased_type":["Relic","Potion","Relic"],"build_version":"2020-12-22","purchased_purges":0,"victory":false,"max_hp_per_floor":[75,75,75,75,75,75,75,75,75,75,75,75,75,75,75,75,80,80,80,80,80,80,80,80,80,80,80,80,80,80,80,80,80,80],"card_choices":[{"not_picked":["hermit:Desperado","hermit:BodyArmor"],"picked":"hermit:Horror","floor":2},{"not_picked":["hermit:HighCaliber","hermit:Vantage"],"picked":"hermit:TrackingShot","floor":3},{"not_picked":["hermit:LowProfile","hermit:HoleUp"],"picked":"hermit:HighCaliber","floor":5},{"not_picked":["hermit:Scavenge","hermit:LowProfile"],"picked":"hermit:Brawl","floor":8},{"not_picked":["hermit:HoleUp","hermit:Desperado"],"picked":"hermit:Glare","floor":11},{"not_picked":["hermit:Feint","hermit:Misfire"],"picked":"hermit:EternalForm","floor":12},{"not_picked":["hermit:ShadowCloak","hermit:Glare"],"picked":"hermit:PistolWhip","floor":13},{"not_picked":["hermit:Midnight","hermit:Manifest","hermit:LoneWolf"],"picked":"SKIP","floor":14},{"not_picked":["hermit:Quickdraw","hermit:Coalescence"],"picked":"hermit:Glare","floor":15},{"not_picked":["hermit:DeadOrAlive","hermit:Adapt"],"picked":"hermit:HighNoon","floor":16},{"not_picked":["hermit:Desperado","hermit:Roulette","hermit:BodyArmor"],"picked":"SKIP","floor":19},{"not_picked":["hermit:Virtue","hermit:Manifest","hermit:TrackingShot"],"picked":"SKIP","floor":20},{"not_picked":["hermit:LowProfile+1","hermit:Enervate+1","hermit:Coalescence"],"picked":"SKIP","floor":22},{"not_picked":["hermit:Enervate","hermit:Malice","hermit:LowProfile+1"],"picked":"SKIP","floor":26},{"not_picked":["hermit:Combo","hermit:Snipe"],"picked":"hermit:Ricochet","floor":27},{"not_picked":["hermit:Shortfuse+1","hermit:Midnight+1","hermit:Misfire+1"],"picked":"SKIP","floor":28},{"not_picked":["hermit:Midnight","hermit:Headshot","hermit:Dive+1"],"picked":"SKIP","floor":32}],"player_experience":273596,"relics_obtained":[{"floor":7,"key":"Orichalcum"},{"floor":8,"key":"Odd Mushroom"},{"floor":24,"key":"Shuriken"},{"floor":30,"key":"Enchiridion"},{"floor":31,"key":"Art of War"}],"event_choices":[{"damage_healed":0,"gold_gain":0,"player_choice":"Take Wound","damage_taken":0,"relics_obtained":["Golden Idol"],"max_hp_gain":0,"max_hp_loss":0,"event_name":"Golden Idol","floor":4,"gold_loss":0,"cards_obtained":["Injury"]},{"damage_healed":0,"gold_gain":0,"player_choice":"Fought Mushrooms","damage_taken":0,"max_hp_gain":0,"max_hp_loss":0,"event_name":"Mushrooms","floor":8,"gold_loss":0},{"damage_healed":18,"gold_gain":0,"player_choice":"Healed","damage_taken":0,"max_hp_gain":0,"max_hp_loss":0,"event_name":"The Cleric","floor":10,"gold_loss":35},{"damage_healed":0,"gold_gain":0,"player_choice":"Got Potions","damage_taken":0,"max_hp_gain":0,"max_hp_loss":0,"event_name":"Lab","floor":21,"gold_loss":0},{"damage_healed":0,"gold_gain":0,"player_choice":"Ignored","damage_taken":0,"max_hp_gain":0,"max_hp_loss":0,"event_name":"Vampires","floor":29,"gold_loss":0}],"is_beta":false,"boss_relics":[{"not_picked":["hermit:ClaspedLocket","Velvet Choker"],"picked":"Tiny House"}],"items_purged_floors":[],"is_endless":false,"potions_floor_spawned":[3,11,15,16,26,28],"killed_by":"SI_MIRROR_ARCHETYPE","ascension_level":0}}