{"host":"a4s27ghlnr83kbqz","time":1611125761,"event":{"mods":["AchievementEnabler","BaseMod","Colored Map","Minty Spire (QoL Compilation)","Permanent Neow","SuperFastMode"],"gold_per_floor":[116,128,142,159,177,177,177,203,203,219,219,247,247,266,266,266,266],"floor_reached":16,"language":"KOR","playtime":398,"items_purged":[],"score":228,"play_id":"310e9192-6176-4bd6-8228-e7640a494535","local_time":"20210120145601","is_ascension_mode":true,"campfire_choices":[{"data":"Hemokinesis","floor":6,"key":"SMITH"},{"data":"1","floor":11,"key":"LIFT"},{"data":"2","floor":13,"key":"LIFT"},{"data":"3","floor":15,"key":"LIFT"}],"circlet_count":0,"master_deck":["AscendersBane","Strike_R","Strike_R","Strike_R","Strike_R","Strike_R","Defend_R","Defend_R","Defend_R","Defend_R","Bash","Pommel Strike","Iron Wave","Hemokinesis+1","Perfected Strike","Flame Barrier","Corruption","Wild Strike"],"relics":["Burning Blood","Girya","GremlinMask","Mango","Letter Opener","Pantograph"],"acts_visited":["Exordium"],"potions_floor_usage":[4,8,16,16],"damage_taken":[{"damage":9,"enemies":"Jaw Worm","floor":1,"turns":4},{"damage":7,"enemies":"Cultist","floor":2,"turns":4},{"damage":8,"enemies":"2 Louse","floor":3,"turns":3},{"damage":24,"enemies":"Exordium Thugs","floor":4,"turns":5},{"damage":12,"enemies":"Large Slime","floor":5,"turns":5},{"damage":21,"enemies":"Gremlin Nob","floor":8,"turns":4},{"damage":7,"enemies":"Looter","floor":10,"turns":4},{"damage":12,"enemies":"Lagavulin","floor":12,"turns":6},{"damage":17,"enemies":"Exordium Thugs","floor":14,"turns":4},{"damage":49,"enemies":"Hexaghost","floor":16,"turns":9}],"seed_played":"-3284907706192198758","potions_obtained":[{"floor":3,"key":"PowerPotion"},{"floor":4,"key":"Ancient Potion"},{"floor":10,"key":"EssenceOfSteel"},{"floor":12,"key":"Block Potion"}],"is_trial":false,"path_per_floor":["M","M","M","M","M","R","?","E","T","M","R","E","R","M","R","B"],"character_chosen":"IRONCLAD","items_purchased":[],"campfire_rested":0,"item_purchase_floors":[],"current_hp_per_floor":[65,64,62,44,38,38,38,37,37,36,36,30,30,19,19,0,0],"gold":266,"neow_bonus":"ONE_RARE_RELIC","is_daily":false,"chose_seed":false,"campfire_upgraded":1,"win_rate":0.0,"timestamp":1611125761,"path_taken":["M","M","M","M","M","R","?","E","T","M","R","E","R","?","R","BOSS"],"items_purchased_type":[],"build_version":"2020-12-22","purchased_purges":0,"victory":false,"max_hp_per_floor":[68,68,68,68,68,68,68,82,82,82,82,82,82,82,82,82,82],"card_choices":[{"not_picked":["Flex","Power Through"],"picked":"Pommel Strike","floor":1},{"not_picked":["True Grit","Heavy Blade"],"picked":"Iron Wave","floor":2},{"not_picked":["Reckless Charge","Metallicize"],"picked":"Hemokinesis","floor":3},{"not_picked":["Ghostly Armor","Dual Wield"],"picked":"Perfected Strike","floor":4},{"not_picked":["Headbutt","Feel No Pain"],"picked":"Flame Barrier","floor":5},{"not_picked":["True Grit","Searing Blow"],"picked":"Corruption","floor":8},{"not_picked":["Feel No Pain","Sentinel"],"picked":"Wild Strike","floor":10},{"not_picked":["Burning Pact","Clothesline","Havoc"],"picked":"SKIP","floor":12},{"not_picked":["Whirlwind","Headbutt","Armaments"],"picked":"SKIP","floor":14}],"player_experience":1110695,"relics_obtained":[{"floor":8,"key":"Mango"},{"floor":9,"key":"Letter Opener"},{"floor":12,"key":"Pantograph"}],"event_choices":[{"damage_healed":0,"gold_gain":0,"player_choice":"Trade","damage_taken":0,"relics_obtained":["GremlinMask"],"max_hp_gain":0,"max_hp_loss":0,"event_name":"FaceTrader","floor":7,"gold_loss":0}],"is_beta":false,"boss_relics":[],"items_purged_floors":[],"is_endless":false,"potions_floor_spawned":[3,4,10,12,14],"killed_by":"Hexaghost","ascension_level":20}}