{"host":"7k7fhzlbqzyu5ijh","time":1611108542,"event":{"mods":["AchievementEnabler","BaseMod","Bestiary","Colored Powertips","Filter the Spire","Highlight Path","Minty Spire (QoL Compilation)","Potion Indicator Mod","RNG Fix","Random Character Button","Relic Stats"],"gold_per_floor":[111,111,128,147,161,194,209,209,234,234,268,283,300,317,317,422,422,437,352,364,92,92,118,118,149,149,163,192,205,205,217,217,319,319,339,351,365,365,365],"floor_reached":38,"language":"ENG","playtime":2609,"items_purged":["Strike_B"],"score":703,"play_id":"578cad00-2508-4cca-b70b-536caafea6e1","local_time":"20210119210902","is_ascension_mode":true,"campfire_choices":[{"data":"Streamline","floor":8,"key":"SMITH"},{"data":"Dualcast","floor":10,"key":"SMITH"},{"data":"Conserve Battery","floor":15,"key":"SMITH"},{"data":"Seek","floor":24,"key":"SMITH"},{"floor":30,"key":"REST"},{"floor":32,"key":"REST"}],"circlet_count":0,"master_deck":["Strike_B","Strike_B","Defend_B","Defend_B","Defend_B","Defend_B","Zap+1","Dualcast+1","Sweeping Beam","Cold Snap","Streamline+1","Cold Snap","BootSequence","Sweeping Beam","Conserve Battery+1","Compile Driver","Doom and Gloom","Core Surge","Biased Cognition","Coolheaded","Leap+1","Seek+1","Gash+1","Aggregate","Capacitor","Multi-Cast","Loop+1"],"relics":["Cracked Core","NeowsBlessing","Pen Nib","Bag of Marbles","Smiling Mask","SlaversCollar","Pocketwatch","Frozen Eye","Centennial Puzzle","Potion Belt","Kunai","Ornamental Fan","Busted Crown"],"acts_visited":["Exordium","TheCity","TheBeyond"],"potions_floor_usage":[6,11,16,23,23,28,29,33,33,36],"damage_taken":[{"damage":0,"enemies":"Small Slimes","floor":1,"turns":1},{"damage":0,"enemies":"Jaw Worm","floor":3,"turns":1},{"damage":0,"enemies":"2 Louse","floor":4,"turns":1},{"damage":6,"enemies":"Blue Slaver","floor":5,"turns":3},{"damage":24,"enemies":"Lagavulin","floor":6,"turns":5},{"damage":0,"enemies":"2 Fungi Beasts","floor":7,"turns":3},{"damage":7,"enemies":"Gremlin Nob","floor":11,"turns":3},{"damage":0,"enemies":"Lots of Slimes","floor":12,"turns":3},{"damage":3,"enemies":"Blue Slaver","floor":13,"turns":2},{"damage":0,"enemies":"3 Louse","floor":14,"turns":2},{"damage":8,"enemies":"Hexaghost","floor":16,"turns":8},{"damage":20,"enemies":"Shell Parasite","floor":18,"turns":4},{"damage":6,"enemies":"3 Byrds","floor":20,"turns":3},{"damage":6,"enemies":"Gremlin Leader","floor":23,"turns":4},{"damage":6,"enemies":"Book of Stabbing","floor":25,"turns":6},{"damage":2,"enemies":"Snecko","floor":27,"turns":4},{"damage":5,"enemies":"Gremlin Leader","floor":28,"turns":6},{"damage":8,"enemies":"Snake Plant","floor":29,"turns":3},{"damage":4,"enemies":"Chosen and Byrds","floor":31,"turns":6},{"damage":0,"enemies":"Collector","floor":33,"turns":11},{"damage":8,"enemies":"3 Darklings","floor":35,"turns":5},{"damage":0,"enemies":"3 Shapes","floor":36,"turns":5},{"damage":38,"enemies":"Jaw Worm Horde","floor":37,"turns":6},{"damage":27,"enemies":"Sphere and 2 Shapes","floor":38,"turns":4}],"seed_played":"-8806005907417406694","potions_obtained":[{"floor":1,"key":"ColorlessPotion"},{"floor":5,"key":"Ancient Potion"},{"floor":6,"key":"FocusPotion"},{"floor":7,"key":"Energy Potion"},{"floor":12,"key":"Dexterity Potion"},{"floor":20,"key":"Fire Potion"},{"floor":25,"key":"LiquidMemories"},{"floor":28,"key":"Energy Potion"},{"floor":31,"key":"Ancient Potion"},{"floor":33,"key":"SpeedPotion"},{"floor":36,"key":"Strength Potion"}],"is_trial":false,"path_per_floor":["M","?","M","M","M","E","M","R","T","R","E","M","M","M","R","B",null,"M","?","M","$","?","E","R","E","T","M","E","M","R","M","R","B",null,"M","M","M","M"],"character_chosen":"DEFECT","items_purchased":["Seek","Frozen Eye"],"campfire_rested":2,"item_purchase_floors":[21,21],"current_hp_per_floor":[68,68,68,68,62,38,38,38,38,38,31,31,28,28,28,20,61,41,41,35,35,35,29,29,23,23,21,16,8,30,26,48,48,68,60,60,22,0,0],"gold":365,"neow_bonus":"THREE_ENEMY_KILL","is_daily":false,"chose_seed":false,"campfire_upgraded":4,"win_rate":0.0,"timestamp":1611108542,"path_taken":["M","?","M","M","M","E","M","R","T","R","E","M","?","M","R","BOSS","M","?","M","$","?","E","R","E","T","M","E","?","R","M","R","BOSS","M","M","M","M"],"items_purchased_type":["Card","Relic"],"build_version":"2020-12-22","purchased_purges":1,"victory":false,"max_hp_per_floor":[75,75,75,75,75,75,75,75,75,75,75,75,75,75,75,75,75,75,75,75,75,75,75,75,75,75,75,75,75,75,75,75,75,75,75,75,75,75,75],"relic_stats":{"Centennial Puzzle":[24],"Busted Crown":6,"counters":[24,99],"Ornamental Fan":[52],"Pen Nib":[18],"Kunai":[17],"Smiling Mask":25,"obtain_stats":[{"Potion Belt":25,"NeowsBlessing":0,"Pen Nib":6,"Smiling Mask":11,"SlaversCollar":17,"Frozen Eye":21,"Centennial Puzzle":23,"Busted Crown":34,"Ornamental Fan":28,"Bag of Marbles":9,"Kunai":26,"Cracked Core":0,"Pocketwatch":19},{"Potion Belt":15,"NeowsBlessing":0,"Pen Nib":5,"Smiling Mask":7,"SlaversCollar":11,"Frozen Eye":13,"Centennial Puzzle":14,"Busted Crown":20,"Ornamental Fan":17,"Bag of Marbles":6,"Kunai":15,"Cracked Core":0,"Pocketwatch":12},{"Potion Belt":49,"NeowsBlessing":0,"Pen Nib":11,"Smiling Mask":17,"SlaversCollar":32,"Frozen Eye":39,"Centennial Puzzle":43,"Busted Crown":79,"Ornamental Fan":59,"Bag of Marbles":14,"Kunai":49,"Cracked Core":0,"Pocketwatch":36}],"Pocketwatch":[23]},"card_choices":[{"not_picked":["Gash","Compile Driver"],"picked":"Sweeping Beam","floor":1},{"not_picked":["Rebound","Chaos"],"picked":"Cold Snap","floor":3},{"not_picked":["Rebound","Recycle"],"picked":"Streamline","floor":4},{"not_picked":["Streamline","Darkness"],"picked":"Cold Snap","floor":5},{"not_picked":["Gash","Sweeping Beam"],"picked":"BootSequence","floor":6},{"not_picked":["Leap","Tempest"],"picked":"Sweeping Beam","floor":7},{"not_picked":["Hyperbeam","Reprogram"],"picked":"Conserve Battery","floor":11},{"not_picked":["Gash","Leap"],"picked":"Compile Driver","floor":12},{"not_picked":["Self Repair","Reprogram"],"picked":"Doom and Gloom","floor":13},{"not_picked":["Darkness","Redo"],"picked":"Core Surge","floor":14},{"not_picked":["Rainbow","Reboot"],"picked":"Biased Cognition","floor":16},{"not_picked":["Heatsinks","Stack"],"picked":"Coolheaded","floor":18},{"not_picked":["Hologram","Fusion+1"],"picked":"Leap+1","floor":20},{"not_picked":["Genetic Algorithm","Barrage"],"picked":"Gash+1","floor":23},{"not_picked":["Beam Cell","Go for the Eyes","Heatsinks"],"picked":"SKIP","floor":25},{"not_picked":["Ball Lightning","Compile Driver","Redo"],"picked":"SKIP","floor":27},{"not_picked":["Turbo","Compile Driver"],"picked":"Aggregate","floor":28},{"not_picked":["Coolheaded","Sweeping Beam"],"picked":"Capacitor","floor":29},{"not_picked":["Cold Snap","Coolheaded","Compile Driver"],"picked":"SKIP","floor":31},{"not_picked":["Meteor Strike","Hyperbeam"],"picked":"Multi-Cast","floor":33},{"not_picked":["Streamline"],"picked":"SKIP","floor":35},{"not_picked":["Force Field+1"],"picked":"SKIP","floor":36},{"not_picked":[],"picked":"Loop+1","floor":37}],"player_experience":477281,"relics_obtained":[{"floor":6,"key":"Pen Nib"},{"floor":9,"key":"Bag of Marbles"},{"floor":11,"key":"Smiling Mask"},{"floor":23,"key":"Centennial Puzzle"},{"floor":25,"key":"Potion Belt"},{"floor":26,"key":"Kunai"},{"floor":28,"key":"Ornamental Fan"}],"event_choices":[{"damage_healed":0,"gold_gain":0,"player_choice":"Grow","damage_taken":0,"max_hp_gain":0,"max_hp_loss":0,"event_name":"Living Wall","floor":2,"gold_loss":0,"cards_upgraded":["Zap"]},{"damage_healed":0,"gold_gain":0,"player_choice":"Obtained Relic","damage_taken":0,"relics_obtained":["Pocketwatch"],"max_hp_gain":0,"max_hp_loss":0,"event_name":"Addict","floor":19,"gold_loss":85},{"cards_removed":["Strike_B"],"damage_healed":0,"gold_gain":0,"player_choice":"Offered Basic","damage_taken":0,"max_hp_gain":0,"max_hp_loss":0,"event_name":"Bonfire Elementals","floor":22,"gold_loss":0}],"is_beta":false,"boss_relics":[{"not_picked":["Ectoplasm","Empty Cage"],"picked":"SlaversCollar"},{"not_picked":["Nuclear Battery","Runic Pyramid"],"picked":"Busted Crown"}],"items_purged_floors":[21],"is_endless":false,"potions_floor_spawned":[1,5,6,7,12,14,20,25,28,31,33,36],"killed_by":"Sphere and 2 Shapes","ascension_level":8}}