{"host":"ishme5wb80o83upk","time":1611185567,"event":{"mods":["BaseMod","Marisa£¨Ùöéë¡¡Øª×âÞÞ£©","Minty Spire (QoL Compilation)","StSLib"],"gold_per_floor":[117,136,153,182,211,211,252,279,324,324,324,366,366,416,416,507,507,518,443,477,477,487,487,487,487],"floor_reached":24,"language":"KOR","playtime":865,"items_purged":["Strike_MRS"],"score":414,"play_id":"57b68985-070f-4f2b-84d3-e71c6870466d","local_time":"20210121083247","is_ascension_mode":true,"campfire_choices":[{"data":"MasterSpark","floor":6.0,"key":"SMITH"},{"data":"OneTimeOff","floor":10.0,"key":"SMITH"},{"data":"EnergyFlow","floor":15.0,"key":"SMITH"},{"floor":23,"key":"REST"}],"circlet_count":0,"master_deck":["AscendersBane","Strike_MRS+1","Strike_MRS+1","Defend_MRS","Defend_MRS","Defend_MRS","Defend_MRS","MasterSpark+1","UpSweep","MeteoricShower","OneTimeOff+1","WitchOfGreed","ManaConvection","EnergyFlow+1","GalacticHalo","GrandCross","ManaRampage","OneTimeOff"],"relics":["MiniHakkero","NeowsBlessing","Whetstone","Toy Ornithopter","Akabeko","Singing Bowl","Philosopher\u0027s Stone"],"acts_visited":["Exordium","TheCity"],"potions_floor_usage":[22],"damage_taken":[{"damage":0.0,"enemies":"Jaw Worm","floor":1.0,"turns":1.0},{"damage":0.0,"enemies":"Cultist","floor":2.0,"turns":1.0},{"damage":0.0,"enemies":"Small Slimes","floor":3.0,"turns":1.0},{"damage":1.0,"enemies":"2 Fungi Beasts","floor":4.0,"turns":4.0},{"damage":6.0,"enemies":"Lots of Slimes","floor":5.0,"turns":4.0},{"damage":8.0,"enemies":"Gremlin Nob","floor":7.0,"turns":3.0},{"damage":0.0,"enemies":"Large Slime","floor":8.0,"turns":2.0},{"damage":18.0,"enemies":"Lagavulin","floor":12.0,"turns":6.0},{"damage":20.0,"enemies":"3 Sentries","floor":14.0,"turns":6.0},{"damage":8.0,"enemies":"Hexaghost","floor":16.0,"turns":5.0},{"damage":19.0,"enemies":"2 Thieves","floor":18.0,"turns":4.0},{"damage":17.0,"enemies":"Shell Parasite","floor":20.0,"turns":3.0},{"damage":13,"enemies":"Chosen and Byrds","floor":22,"turns":3},{"damage":20,"enemies":"Slavers","floor":24,"turns":2}],"seed_played":"-2657597575394664168","potions_obtained":[{"floor":3.0,"key":"Fire Potion"},{"floor":4.0,"key":"SteroidPotion"},{"floor":5.0,"key":"LiquidMemories"},{"floor":8.0,"key":"Weak Potion"},{"floor":8.0,"key":"SteroidPotion"},{"floor":12.0,"key":"Fruit Juice"},{"floor":12.0,"key":"Energy Potion"},{"floor":20.0,"key":"GamblersBrew"},{"floor":20.0,"key":"Strength Potion"}],"is_trial":false,"path_per_floor":["M","M","M","M","M","R","E","M","T","R","?","E","?","E","R","B",null,"M","$","M","?","M","R","E"],"character_chosen":"MARISA","items_purchased":[],"campfire_rested":1,"item_purchase_floors":[],"current_hp_per_floor":[63,63,63,62,56,56,48,48,48,48,48,40,40,27,27,19,63,44,44,34,11,5,30,10,10],"gold":487,"neow_bonus":"THREE_ENEMY_KILL","is_daily":false,"chose_seed":false,"campfire_upgraded":3,"win_rate":0.0,"timestamp":1611185567,"path_taken":["M","M","M","M","M","R","E","M","T","R","?","E","?","E","R","BOSS","M","$","?","?","M","R","E"],"items_purchased_type":[],"build_version":"2020-12-22","purchased_purges":1,"victory":false,"max_hp_per_floor":[70,70,70,70,70,70,70,70,70,70,70,75,75,77,77,77,77,77,77,79,84,86,86,86,86],"card_choices":[{"not_picked":["WitchOfGreed","MagicAbsorber"],"picked":"MeteoricShower","floor":1.0},{"not_picked":["WitchOfGreed","MilkyWay"],"picked":"OneTimeOff","floor":2.0},{"not_picked":["SuperPerseids","BlazeAway"],"picked":"WitchOfGreed","floor":3.0},{"not_picked":["Robbery","MeteoricShower"],"picked":"ManaConvection","floor":4.0},{"not_picked":["LuminesStrike","MagicAbsorber"],"picked":"EnergyFlow","floor":5.0},{"not_picked":["IllusionStar","ShootTheMoon","Acceleration"],"picked":"SKIP","floor":7.0},{"not_picked":["GrandCross","WitchOfGreed"],"picked":"GalacticHalo","floor":8.0},{"not_picked":["DC","MilkyWay","Orbital"],"picked":"SKIP","floor":12.0},{"not_picked":["ShootTheMoon","NonDirectionalLaser","WitchLeyline"],"picked":"Singing Bowl","floor":14.0},{"not_picked":["FinalSpark","BlazingStar"],"picked":"ManaRampage","floor":16.0},{"not_picked":["ManaConvection","GalacticHalo"],"picked":"OneTimeOff","floor":18.0},{"not_picked":["Robbery","MilkyWay","GrandCross"],"picked":"Singing Bowl","floor":20.0},{"not_picked":["DC","BlazeAway+1","UnstableBomb"],"picked":"Singing Bowl","floor":22}],"player_experience":1153559,"relics_obtained":[{"floor":7.0,"key":"Whetstone"},{"floor":9.0,"key":"Toy Ornithopter"},{"floor":12.0,"key":"Akabeko"},{"floor":14.0,"key":"Singing Bowl"}],"event_choices":[{"damage_healed":0.0,"max_hp_gain":0.0,"max_hp_loss":0.0,"gold_gain":0.0,"cards_transformed":["Strike_MRS"],"event_name":"Living Wall","player_choice":"Change","floor":11.0,"gold_loss":0.0,"damage_taken":0.0,"cards_obtained":["GrandCross"]},{"damage_healed":0.0,"max_hp_gain":0.0,"max_hp_loss":0.0,"gold_gain":0.0,"event_name":"Lab","player_choice":"Got Potions","floor":13.0,"gold_loss":0.0,"damage_taken":0.0},{"damage_healed":0.0,"max_hp_gain":5.0,"max_hp_loss":0.0,"gold_gain":0.0,"event_name":"Forgotten Altar","player_choice":"Shed Blood","floor":21.0,"gold_loss":0.0,"damage_taken":28.0}],"is_beta":false,"boss_relics":[{"not_picked":["BewitchedHakkero","Pandora\u0027s Box"],"picked":"Philosopher\u0027s Stone"}],"items_purged_floors":[19],"is_endless":false,"potions_floor_spawned":[3,5,8,12,20],"killed_by":"Slavers","ascension_level":18}}