{"host":"x21cvmfdo17nyhii","time":1611127591,"event":{"mods":["AchievementEnabler","BaseMod","Colored Map","Colored Powertips","DeckTracker","Highlight Path","Minty Spire (QoL Compilation)","Quick Restart","Rare Cards Sparkle","SuperFastMode"],"gold_per_floor":[111,111,127,127,138,138,149,2,2,29,5,5,37,57,57,157,157,169,179,179,3,3,33,33,63,63,63,63,75,92,121,121,221,221,235,235,35,54,154,154,174,174,174,20,55,20,30,47,47,47,47,47,1,28,28,28],"floor_reached":55,"language":"ENG","playtime":3628,"items_purged":[],"score":992,"play_id":"f1ce5350-8741-4e14-8f82-cc0409905589","local_time":"20210119232631","is_ascension_mode":true,"campfire_choices":[{"data":"Bouncing Flask","floor":6.0,"key":"SMITH"},{"floor":15.0,"key":"REST"},{"data":"Well Laid Plans","floor":27.0,"key":"SMITH"},{"floor":32.0,"key":"REST"},{"floor":40.0,"key":"RECALL"},{"data":"Doppelganger","floor":42.0,"key":"SMITH"},{"data":"Bullet Time","floor":49.0,"key":"SMITH"},{"floor":52.0,"key":"REST"}],"circlet_count":0,"master_deck":["Strike_G+1","Strike_G+1","Strike_G+1","Strike_G+1","Strike_G+1","Defend_G+1","Defend_G+1","Defend_G+1","Defend_G+1","Defend_G+1","Neutralize+1","Leg Sweep","Bouncing Flask+1","Backflip","Well Laid Plans+1","Bullet Time+1","Escape Plan","Bane","Escape Plan","Dash","Doppelganger+1","PiercingWail","Bane","RitualDagger","Outmaneuver","Flechettes","Glass Knife","Acrobatics+1","Deadly Poison","Predator","Noxious Fumes+1","Poisoned Stab","PiercingWail"],"relics":["Ring of the Snake","TungstenRod","Meat on the Bone","HornCleat","Letter Opener","Busted Crown","TwistedFunnel","Bottled Lightning","Vajra","MutagenicStrength","Frozen Egg 2","WristBlade","Snake Skull","Omamori","Ancient Tea Set","Akabeko","Pocketwatch"],"acts_visited":["Exordium","TheCity","TheBeyond","TheEnding"],"potions_floor_usage":[],"damage_taken":[{"damage":0.0,"enemies":"Jaw Worm","floor":1.0,"turns":4.0},{"damage":0.0,"enemies":"2 Louse","floor":3.0,"turns":4.0},{"damage":0.0,"enemies":"Cultist","floor":5.0,"turns":3.0},{"damage":3.0,"enemies":"Blue Slaver","floor":7.0,"turns":4.0},{"damage":23.0,"enemies":"3 Sentries","floor":10.0,"turns":12.0},{"damage":18.0,"enemies":"Gremlin Nob","floor":13.0,"turns":5.0},{"damage":3.0,"enemies":"Gremlin Gang","floor":14.0,"turns":3.0},{"damage":12.0,"enemies":"Hexaghost","floor":16.0,"turns":9.0},{"damage":7.0,"enemies":"Chosen","floor":18.0,"turns":5.0},{"damage":8.0,"enemies":"Spheric Guardian","floor":19.0,"turns":6.0},{"damage":2.0,"enemies":"Slavers","floor":23.0,"turns":4.0},{"damage":0.0,"enemies":"Gremlin Leader","floor":25.0,"turns":6.0},{"damage":5.0,"enemies":"Chosen and Byrds","floor":29.0,"turns":5.0},{"damage":0.0,"enemies":"3 Cultists","floor":30.0,"turns":3.0},{"damage":19.0,"enemies":"Book of Stabbing","floor":31.0,"turns":4.0},{"damage":43.0,"enemies":"Automaton","floor":33.0,"turns":12.0},{"damage":0.0,"enemies":"Orb Walker","floor":35.0,"turns":2.0},{"damage":0.0,"enemies":"3 Darklings","floor":38.0,"turns":1.0},{"damage":0.0,"enemies":"Spire Growth","floor":41.0,"turns":4.0},{"damage":0.0,"enemies":"Nemesis","floor":45.0,"turns":3.0},{"damage":0.0,"enemies":"Writhing Mass","floor":47.0,"turns":4.0},{"damage":0.0,"enemies":"4 Shapes","floor":48.0,"turns":4.0},{"damage":45.0,"enemies":"Donu and Deca","floor":50.0,"turns":8.0},{"damage":4.0,"enemies":"Shield and Spear","floor":54.0,"turns":5.0},{"damage":73,"enemies":"The Heart","floor":55,"turns":5}],"seed_played":"202066172360642940","potions_obtained":[{"floor":5.0,"key":"LiquidMemories"},{"floor":12.0,"key":"GamblersBrew"},{"floor":12.0,"key":"BlessingOfTheForge"},{"floor":12.0,"key":"SkillPotion"},{"floor":13.0,"key":"Weak Potion"},{"floor":16.0,"key":"LiquidMemories"},{"floor":18.0,"key":"Regen Potion"},{"floor":31.0,"key":"Explosive Potion"},{"floor":38.0,"key":"Explosive Potion"},{"floor":41.0,"key":"DistilledChaos"},{"floor":48.0,"key":"Swift Potion"}],"is_trial":false,"path_per_floor":["M","?","M","?","M","R","M","$","T","E","$","?","E","M","R","B",null,"M","M","?","$","?","E","?","E","T","R","?","M","M","E","R","B",null,"M","?","$","M","?","R","M","R","T","$","E","$","M","M","R","B",null,"R","$","E","B"],"character_chosen":"THE_SILENT","items_purchased":["Bullet Time","Bane","TwistedFunnel","Bane","Snake Skull","Deadly Poison","Ancient Tea Set","Noxious Fumes+1","PiercingWail"],"campfire_rested":3,"item_purchase_floors":[8,11,21,21,37,37,44,46,53],"current_hp_per_floor":[70,58,58,58,58,58,55,55,55,44,44,44,38,47,70,58,72,65,57,57,57,77,75,70,70,70,70,70,65,65,46,69,38,67,67,67,67,67,67,67,67,67,67,67,67,67,67,67,67,34,66,77,77,73,0,0],"gold":28,"neow_bonus":"TEN_PERCENT_HP_BONUS","is_daily":false,"chose_seed":false,"campfire_upgraded":4,"win_rate":0.0,"timestamp":1611127591,"path_taken":["M","?","M","?","M","R","?","$","T","E","$","?","E","M","R","BOSS","M","?","?","$","?","E","?","E","T","R","?","M","M","E","R","BOSS","M","?","?","?","?","R","M","R","T","?","E","$","M","M","R","BOSS","R","$","E","BOSS"],"items_purchased_type":["Card","Card","Relic","Card","Relic","Card","Relic","Card","Card"],"build_version":"2020-12-22","purchased_purges":0,"victory":false,"max_hp_per_floor":[77,77,77,77,77,77,77,77,77,77,77,77,77,77,77,77,77,77,77,77,77,77,77,77,77,77,77,77,77,77,77,77,77,77,77,77,77,77,77,77,77,77,77,77,77,77,77,77,77,77,77,77,77,77,77,77],"card_choices":[{"not_picked":["Poisoned Stab","Endless Agony"],"picked":"Leg Sweep","floor":1.0},{"not_picked":["Crippling Poison","Masterful Stab"],"picked":"Bouncing Flask","floor":3.0},{"not_picked":["Reflex","Dagger Spray"],"picked":"Backflip","floor":5.0},{"not_picked":["Infinite Blades","All Out Attack"],"picked":"Well Laid Plans","floor":7.0},{"not_picked":["Calculated Gamble","Dagger Throw"],"picked":"Escape Plan","floor":10.0},{"not_picked":["Finisher","Bane"],"picked":"Escape Plan","floor":13.0},{"not_picked":["PiercingWail","Accuracy"],"picked":"Dash","floor":14.0},{"not_picked":["A Thousand Cuts","Phantasmal Killer"],"picked":"Doppelganger","floor":16.0},{"not_picked":[],"picked":"PiercingWail","floor":18.0},{"not_picked":["Sucker Punch"],"picked":"SKIP","floor":19.0},{"not_picked":["Cloak And Dagger"],"picked":"SKIP","floor":23.0},{"not_picked":[],"picked":"Outmaneuver","floor":25.0},{"not_picked":["Concentrate"],"picked":"SKIP","floor":29.0},{"not_picked":[],"picked":"Flechettes","floor":30.0},{"not_picked":["PiercingWail"],"picked":"SKIP","floor":31.0},{"not_picked":[],"picked":"Glass Knife","floor":33.0},{"not_picked":[],"picked":"Acrobatics+1","floor":35.0},{"not_picked":["Dodge and Roll"],"picked":"SKIP","floor":38.0},{"not_picked":[],"picked":"Predator","floor":41.0},{"not_picked":["Underhanded Strike"],"picked":"SKIP","floor":45.0},{"not_picked":["Prepared"],"picked":"SKIP","floor":47.0},{"not_picked":[],"picked":"Poisoned Stab","floor":48.0},{"not_picked":["PiercingWail"],"picked":"SKIP","floor":54.0}],"player_experience":452769,"relics_obtained":[{"floor":9.0,"key":"Meat on the Bone"},{"floor":10.0,"key":"HornCleat"},{"floor":13.0,"key":"Letter Opener"},{"floor":23.0,"key":"Bottled Lightning"},{"floor":25.0,"key":"Vajra"},{"floor":31.0,"key":"Frozen Egg 2"},{"floor":43.0,"key":"Omamori"},{"floor":45.0,"key":"Akabeko"},{"floor":54.0,"key":"Pocketwatch"}],"event_choices":[{"damage_healed":0.0,"max_hp_gain":0.0,"max_hp_loss":0.0,"gold_gain":0.0,"event_name":"Scrap Ooze","player_choice":"Success","floor":2.0,"gold_loss":0.0,"damage_taken":12.0,"relics_obtained":["TungstenRod"]},{"damage_healed":0.0,"max_hp_gain":0.0,"max_hp_loss":0.0,"gold_gain":0.0,"event_name":"Upgrade Shrine","player_choice":"Upgraded","floor":4.0,"gold_loss":0.0,"damage_taken":0.0,"cards_upgraded":["Neutralize"]},{"damage_healed":0.0,"max_hp_gain":0.0,"max_hp_loss":0.0,"gold_gain":0.0,"event_name":"Lab","player_choice":"Got Potions","floor":12.0,"gold_loss":0.0,"damage_taken":0.0},{"damage_healed":0.0,"max_hp_gain":0.0,"max_hp_loss":0.0,"gold_gain":0.0,"event_name":"Back to Basics","player_choice":"Simplicity","floor":20.0,"gold_loss":0.0,"damage_taken":0.0,"cards_upgraded":["Strike_G","Strike_G","Strike_G","Strike_G","Strike_G","Defend_G","Defend_G","Defend_G","Defend_G","Defend_G"]},{"damage_healed":25.0,"max_hp_gain":0.0,"max_hp_loss":0.0,"gold_gain":0.0,"event_name":"The Library","player_choice":"Heal","floor":22.0,"gold_loss":0.0,"damage_taken":0.0},{"damage_healed":0.0,"max_hp_gain":0.0,"max_hp_loss":0.0,"gold_gain":0.0,"event_name":"Nest","player_choice":"Joined the Cult","floor":24.0,"gold_loss":0.0,"damage_taken":6.0,"cards_obtained":["RitualDagger"]},{"damage_healed":0.0,"max_hp_gain":0.0,"max_hp_loss":0.0,"gold_gain":0.0,"event_name":"Drug Dealer","player_choice":"Inject Mutagens","floor":28.0,"gold_loss":0.0,"damage_taken":0.0,"relics_obtained":["MutagenicStrength"]},{"cards_removed":["Survivor"],"damage_healed":0.0,"max_hp_gain":0.0,"max_hp_loss":0.0,"gold_gain":0.0,"event_name":"Purifier","player_choice":"Purged","floor":36.0,"gold_loss":0.0,"damage_taken":0.0},{"damage_healed":0.0,"max_hp_gain":0.0,"max_hp_loss":0.0,"gold_gain":100.0,"event_name":"Golden Shrine","player_choice":"Pray","floor":39.0,"gold_loss":0.0,"damage_taken":0.0}],"is_beta":false,"boss_relics":[{"not_picked":["Runic Dome","Ring of the Serpent"],"picked":"Busted Crown"},{"not_picked":["Pandora\u0027s Box","Coffee Dripper"],"picked":"WristBlade"}],"items_purged_floors":[],"is_endless":false,"potions_floor_spawned":[5,13,16,18,25,31,38,41,48],"killed_by":"The Heart","ascension_level":6}}