{"host":"mhzgc0zma59jtmoj","time":1611126230,"event":{"mods":["BaseMod","BetterRewards","Custom Start","Glutton Mod","Hermit","Ironclad Rager","Koishi","Luminous","Minty Spire (QoL Compilation)","Shade Mod","Somnambulant","StSLib","The Cursed","The Hierophant","The Jungle","The Necromancer","Treasure Hunter"],"gold_per_floor":[299,299,299,310,260,260,35,68,95,109,123,123,123,156,156,275,275,295,295,309,259,259,333,333,409,409,434,434,434,78,78,78,198,198,263,282,282,384,449,449,411,186,210,210,232,232,246,239,239,140],"floor_reached":51,"language":"ENG","playtime":3199,"items_purged":["Glutton:Yearn"],"score":768,"play_id":"66ff83a1-3e45-410f-977c-65eba145ec44","local_time":"20210120020350","daily_mods":["SealedDeck"],"is_ascension_mode":false,"campfire_choices":[{"data":"Glutton:Masochism","floor":6.0,"key":"SMITH"},{"floor":13.0,"key":"REST"},{"floor":15.0,"key":"REST"},{"floor":24.0,"key":"REST"},{"floor":28.0,"key":"REST"},{"floor":32,"key":"REST"},{"floor":40,"key":"REST"},{"data":"Glutton:Vitality","floor":44,"key":"SMITH"},{"floor":46,"key":"DIG"},{"floor":49,"key":"REST"}],"circlet_count":0,"master_deck":["Glutton:Borborygmi+1","Glutton:Migraine","Glutton:Thrombosis","Glutton:Slam+1","Glutton:Scab","Glutton:Masochism+1","Glutton:Misery+1","Glutton:Thrombosis","Glutton:Revivification","Glutton:Fast","TH:EnergyPotion","Glutton:Autotomy","TH:Mimic","Glutton:Thrombosis","Injury","TH:CopperCoins","Glutton:Megrim","Glutton:Revivification","Glutton:Hoard+1","TH:Mimic","Glutton:Autotomy","Glutton:Misery","Enlightenment","TH:DeckOfManyThings","Writhe","Glutton:Chrysosphagy+1","Glutton:Vitality+1","Glutton:Misery","Doubt","Glutton:Scab"],"relics":["Glutton:EternalHunger","Smiling Mask","Akabeko","Whetstone","Golden Idol","Pear","Glutton:DoggyBag","Toy Ornithopter","Blood Vial","Happy Flower","Blue Candle","Cursed Key","Shovel","Lantern","Omamori","Gremlin Horn"],"acts_visited":["Exordium","TheCity","TheBeyond"],"potions_floor_usage":[33,38,50,50],"damage_taken":[{"damage":23.0,"enemies":"2 Louse","floor":1.0,"turns":2.0},{"damage":20.0,"enemies":"Small Slimes","floor":4.0,"turns":2.0},{"damage":71.0,"enemies":"Lagavulin","floor":8.0,"turns":5.0},{"damage":23.0,"enemies":"Jaw Worm","floor":10.0,"turns":2.0},{"damage":37.0,"enemies":"Exordium Wildlife","floor":11.0,"turns":3.0},{"damage":53.0,"enemies":"Gremlin Nob","floor":14.0,"turns":4.0},{"damage":99.0,"enemies":"Slime Boss","floor":16.0,"turns":7.0},{"damage":42.0,"enemies":"Chosen","floor":18.0,"turns":5.0},{"damage":54.0,"enemies":"3 Byrds","floor":20.0,"turns":3.0},{"damage":111.0,"enemies":"Book of Stabbing","floor":23.0,"turns":7.0},{"damage":138.0,"enemies":"Gremlin Leader","floor":25.0,"turns":6.0},{"damage":41.0,"enemies":"Snake Plant","floor":27.0,"turns":5.0},{"damage":118,"enemies":"Collector","floor":33,"turns":7},{"damage":51,"enemies":"3 Shapes","floor":35,"turns":5},{"damage":42,"enemies":"Orb Walker","floor":36,"turns":4},{"damage":93,"enemies":"2 Orb Walkers","floor":38,"turns":5},{"damage":54,"enemies":"3 Darklings","floor":39,"turns":5},{"damage":99,"enemies":"Maw","floor":41,"turns":7},{"damage":71,"enemies":"Sphere and 2 Shapes","floor":45,"turns":5},{"damage":89,"enemies":"Jaw Worm Horde","floor":47,"turns":4},{"damage":78,"enemies":"4 Shapes","floor":48,"turns":4},{"damage":263,"enemies":"Time Eater","floor":50,"turns":13}],"seed_played":"6666228962262473413","potions_obtained":[{"floor":8.0,"key":"Weak Potion"},{"floor":11.0,"key":"Energy Potion"},{"floor":14.0,"key":"Weak Potion"},{"floor":18.0,"key":"ColorlessPotion"},{"floor":25.0,"key":"Ancient Potion"},{"floor":33,"key":"FairyPotion"},{"floor":36,"key":"EssenceOfSteel"},{"floor":38,"key":"SkillPotion"},{"floor":39,"key":"Strength Potion"}],"is_trial":true,"path_per_floor":["M","?","?","M","?","R","$","E","T","M","M","?","R","E","R","B",null,"M","?","M","$","?","E","R","E","T","M","R","?","$","?","R","B",null,"M","M","?","?","M","R","M","$","T","R","M","R","M","M","R","B",null],"character_chosen":"GLUTTON","items_purchased":["Glutton:Revivification","Glutton:Fast","Blue Candle","Enlightenment","Lantern","Glutton:Misery"],"campfire_rested":7,"item_purchase_floors":[7,7,30,30,42,42],"current_hp_per_floor":[110,110,98,92,92,92,92,52,52,50,23,23,59,36,75,43,130,127,127,86,86,86,46,88,30,30,25,70,70,70,70,115,62,150,116,86,124,44,30,75,123,123,123,123,148,148,83,51,96,123],"gold":140,"neow_bonus":"","is_daily":false,"chose_seed":false,"campfire_upgraded":2,"win_rate":0.0,"timestamp":1611126230,"path_taken":["M","?","?","M","?","R","$","E","T","M","?","?","R","E","R","BOSS","M","?","M","$","?","E","R","E","T","M","R","?","$","?","R","BOSS","M","M","?","?","M","R","M","?","T","R","M","R","M","M","R","BOSS"],"items_purchased_type":["Card","Card","Relic","Card","Relic","Card"],"build_version":"2020-12-22","purchased_purges":1,"victory":true,"max_hp_per_floor":[120,120,120,120,120,120,120,120,120,120,120,120,120,130,130,130,130,130,130,130,130,130,140,140,150,150,150,150,150,150,150,150,150,150,150,150,150,150,150,150,150,150,150,150,150,150,150,150,150,150],"card_choices":[{"not_picked":["Glutton:Tantrum","Glutton:FeebleKick","Glutton:PainMeditation"],"picked":"SKIP","floor":1.0},{"not_picked":["Glutton:Profligacy","Glutton:ShareWeakness"],"picked":"Glutton:Thrombosis","floor":4.0},{"not_picked":["TH:TreasureMap"],"picked":"TH:EnergyPotion","floor":8.0},{"not_picked":["Glutton:Bite","Glutton:Treasure"],"picked":"Glutton:Autotomy","floor":8.0},{"not_picked":["TH:ArmorSpikes"],"picked":"TH:Mimic","floor":9.0},{"not_picked":["Glutton:Treat","Glutton:Rest","Glutton:ShedFat"],"picked":"SKIP","floor":10.0},{"not_picked":["Glutton:Salivate","Glutton:Slam"],"picked":"Glutton:Thrombosis","floor":11.0},{"not_picked":["TH:ElvenBoots"],"picked":"TH:CopperCoins","floor":14.0},{"not_picked":["Glutton:Devour","Glutton:Rapacity","Glutton:Feed"],"picked":"SKIP","floor":14.0},{"not_picked":["Glutton:Malignancy","Glutton:Nostalgia"],"picked":"Glutton:Megrim","floor":16.0},{"not_picked":["Glutton:Strain+1","Glutton:ShedFat"],"picked":"Glutton:Revivification","floor":18.0},{"not_picked":["Glutton:Throb","Glutton:Regurgitate"],"picked":"Glutton:Hoard+1","floor":20.0},{"not_picked":["TH:TreasureMap"],"picked":"TH:Mimic","floor":23.0},{"not_picked":["Glutton:Throb","Glutton:Delusion"],"picked":"Glutton:Autotomy","floor":23.0},{"not_picked":["TH:ElvenBoots","TH:CursedSword"],"picked":"SKIP","floor":25.0},{"not_picked":["Glutton:GuardStance","Glutton:GoldenArmor","Glutton:Autotomy"],"picked":"SKIP","floor":25.0},{"not_picked":["TH:BikiniMail","TH:CopperCoins"],"picked":"SKIP","floor":26.0},{"not_picked":["Glutton:Migraine","Glutton:KneeJerk"],"picked":"Glutton:Misery","floor":27.0},{"not_picked":["TH:CopperCoins"],"picked":"TH:DeckOfManyThings","floor":33},{"not_picked":["Glutton:Tantrum","Glutton:GuardStance+1","Glutton:Loot+1"],"picked":"SKIP","floor":35},{"not_picked":["Glutton:Rest","Glutton:Yearn","Glutton:Feed"],"picked":"SKIP","floor":36},{"not_picked":["Glutton:Devour+1","Glutton:Rest"],"picked":"Glutton:Chrysosphagy+1","floor":39},{"not_picked":["Glutton:Slam+1","Glutton:ObsessiveGreed"],"picked":"Glutton:Vitality","floor":41},{"not_picked":["TH:EnergyPotion","TH:PixieDust"],"picked":"SKIP","floor":43},{"not_picked":["Glutton:Devour","Glutton:Tumor+1","Glutton:Demolish+1"],"picked":"SKIP","floor":45},{"not_picked":["Glutton:Tantrum","Glutton:Overreach","Glutton:Demolish"],"picked":"SKIP","floor":47},{"not_picked":["Glutton:Mug+1","Glutton:BellySlam+1"],"picked":"Glutton:Scab","floor":48}],"player_experience":210962,"relics_obtained":[{"floor":8.0,"key":"Akabeko"},{"floor":9.0,"key":"Whetstone"},{"floor":14.0,"key":"Pear"},{"floor":23.0,"key":"Toy Ornithopter"},{"floor":25.0,"key":"Blood Vial"},{"floor":26.0,"key":"Happy Flower"},{"floor":38,"key":"Shovel"},{"floor":43,"key":"Omamori"},{"floor":46,"key":"Gremlin Horn"}],"event_choices":[{"damage_healed":0.0,"max_hp_gain":0.0,"max_hp_loss":0.0,"gold_gain":0.0,"event_name":"Living Wall","player_choice":"Grow","floor":2.0,"gold_loss":0.0,"damage_taken":0.0,"cards_upgraded":["Glutton:Misery"]},{"damage_healed":0.0,"max_hp_gain":0.0,"max_hp_loss":0.0,"gold_gain":0.0,"event_name":"Scrap Ooze","player_choice":"Success","floor":3.0,"gold_loss":0.0,"damage_taken":12.0,"relics_obtained":["Smiling Mask"]},{"cards_removed":["Glutton:DistilledAgony"],"damage_healed":0.0,"max_hp_gain":0.0,"max_hp_loss":0.0,"gold_gain":0.0,"event_name":"The Cleric","player_choice":"Card Removal","floor":5.0,"gold_loss":50.0,"damage_taken":0.0},{"damage_healed":0.0,"max_hp_gain":0.0,"max_hp_loss":0.0,"gold_gain":0.0,"event_name":"Golden Idol","player_choice":"Take Wound","floor":12.0,"gold_loss":0.0,"damage_taken":0.0,"relics_obtained":["Golden Idol"],"cards_obtained":["Injury"]},{"damage_healed":0.0,"max_hp_gain":0.0,"max_hp_loss":0.0,"gold_gain":0.0,"event_name":"Vampires","player_choice":"Ignored","floor":19.0,"gold_loss":0.0,"damage_taken":0.0},{"damage_healed":0.0,"max_hp_gain":0.0,"max_hp_loss":0.0,"gold_gain":0.0,"event_name":"Ghosts","player_choice":"Ignored","floor":22.0,"gold_loss":0.0,"damage_taken":0.0},{"cards_removed":["Glutton:Fever"],"damage_healed":0.0,"max_hp_gain":0.0,"max_hp_loss":0.0,"gold_gain":0.0,"event_name":"Back to Basics","player_choice":"Elegance","floor":29.0,"gold_loss":0.0,"damage_taken":0.0},{"damage_healed":0,"gold_gain":0,"player_choice":"Ignored","damage_taken":0,"max_hp_gain":0,"max_hp_loss":0,"event_name":"Beggar","floor":31,"gold_loss":0},{"damage_healed":38,"gold_gain":0,"player_choice":"Writhe","damage_taken":0,"max_hp_gain":0,"max_hp_loss":0,"event_name":"Winding Halls","floor":37,"gold_loss":0,"cards_obtained":["Writhe"]},{"damage_healed":0,"gold_gain":0,"player_choice":"Fight","damage_taken":0,"max_hp_gain":0,"max_hp_loss":0,"event_name":"Mysterious Sphere","floor":38,"gold_loss":0}],"is_beta":false,"boss_relics":[{"not_picked":["Glutton:Gemstone","Coffee Dripper"],"picked":"Glutton:DoggyBag"},{"not_picked":["Busted Crown","Calling Bell"],"picked":"Cursed Key"}],"items_purged_floors":[21],"is_endless":false,"potions_floor_spawned":[8,11,14,18,25,33,36,38,39,41],"ascension_level":0}}