{"host":"55yei7x27djrlaep","time":1611141196,"event":{"mods":["Act Like it!","Aspiration","BaseMod","Better Altar","Better Match","Better Note","Better Sensory Stone","Better Skull","Better Third Choice","BetterRewards","Colored Map","Evolution","Friendly Minions","GifTheSpireLib","Hubris","Minty Spire (QoL Compilation)","Pale of the Ancients","Replay The Spire","StSLib","The Bladedancer","The Runesmith"],"gold_per_floor":[109,128,128,141,35,63,63,96,147,177,41,41,54,74,74,172,172,183,197,197,197,208,227,227,257,257,273,289,322,335,362,362,458,458,472,472,24,38,57,57,86,98,98,124,144,144,160,179,179,179,179,179,8,43,43],"floor_reached":56,"language":"ENG","playtime":3870,"items_purged":["Strike_P","Defend_P","Replay:Battleflow"],"score":1491,"play_id":"3593eeb3-aa2e-483d-8174-8554beb1b646","local_time":"20210120141316","is_ascension_mode":true,"campfire_choices":[{"data":"Eruption","floor":7,"key":"SMITH"},{"data":"Ragnarok","floor":12,"key":"SMITH"},{"floor":15,"key":"REST"},{"data":"TalkToTheHand","floor":24,"key":"SMITH"},{"data":"Wallop","floor":32,"key":"SMITH"},{"floor":40,"key":"RECALL"},{"data":"Blasphemy","floor":46,"key":"SMITH"},{"data":"WreathOfFlame","floor":49,"key":"SMITH"},{"data":"WheelKick","floor":52,"key":"SMITH"}],"circlet_count":0,"master_deck":["Eruption+1","Vigilance","DeusExMachina+1","Judgement","CutThroughFate","Prostrate","FollowUp","InnerPeace","SandsOfTime","WheelKick","CutThroughFate","Ragnarok+1","Evaluate","FlurryOfBlows","TalkToTheHand+1","DevaForm","Crescendo+1","Tantrum","WheelKick+1","FlurryOfBlows+1","EmptyMind+1","Wallop+1","Blasphemy+1","FlurryOfBlows+1","Halt","Ragnarok+1","Adaptation+1","WreathOfFlame+1","DeceiveReality","Replay:BluntJabs","DeusExMachina+1"],"relics":["PureWater","EVO:Axolotl","Letter Opener","hubris:SlimyHat","hubris:EmptyBottle","Blue Candle","Replay:PocketPolymizer","Regal Pillow","Dream Catcher","Philosopher\u0027s Stone","ReplayTheSpireMod:Ring of Addiction","White Beast Statue","SacredBark","Pear","Turnip","Calipers","Smiling Mask","ReplayTheSpireMod:TigerMarble","Empty Cage","hubris:Towel","Garlic","Quantum Egg","Mango","Replay:Purple Gloves"],"acts_visited":["Exordium","TheCity","TheBeyond","TheEnding"],"potions_floor_usage":[6,6,8,23,25,25,27,29,30,31,33,35,39,39,42,42,47,50,50,50,54,55,55],"damage_taken":[{"damage":0,"enemies":"2 Louse","floor":1,"turns":2},{"damage":0,"enemies":"Cultist","floor":2,"turns":1},{"damage":0,"enemies":"Small Slimes","floor":4,"turns":1},{"damage":0,"enemies":"Gremlin Nob","floor":6,"turns":2},{"damage":2,"enemies":"Replay:BlueRogue","floor":8,"turns":3},{"damage":10,"enemies":"Looter","floor":13,"turns":2},{"damage":0,"enemies":"Blue Slaver","floor":14,"turns":2},{"damage":0,"enemies":"Slime Boss","floor":16,"turns":4},{"damage":0,"enemies":"3 Byrds","floor":18,"turns":2},{"damage":0,"enemies":"Spheric Guardian","floor":19,"turns":2},{"damage":3,"enemies":"Snecko","floor":22,"turns":4},{"damage":1,"enemies":"3 Cultists","floor":23,"turns":2},{"damage":0,"enemies":"Book of Stabbing","floor":25,"turns":3},{"damage":0,"enemies":"Snake Plant","floor":27,"turns":3},{"damage":18,"enemies":"Snecko","floor":28,"turns":4},{"damage":10,"enemies":"Gremlin Leader","floor":29,"turns":2},{"damage":1,"enemies":"3 Cultists","floor":30,"turns":2},{"damage":0,"enemies":"Slavers","floor":31,"turns":1},{"damage":23,"enemies":"Automaton","floor":33,"turns":5},{"damage":6,"enemies":"3 Shapes","floor":35,"turns":2},{"damage":0,"enemies":"Orb Walker","floor":38,"turns":1},{"damage":0,"enemies":"Writhing Mass","floor":39,"turns":2},{"damage":0,"enemies":"R_Hoarder","floor":41,"turns":5},{"damage":0,"enemies":"Transient","floor":42,"turns":5},{"damage":29,"enemies":"Giant Head","floor":44,"turns":4},{"damage":0,"enemies":"Sphere and 2 Shapes","floor":45,"turns":2},{"damage":0,"enemies":"Spire Growth","floor":47,"turns":1},{"damage":0,"enemies":"Maw","floor":48,"turns":4},{"damage":4,"enemies":"Replay:Hell Engine","floor":50,"turns":6},{"damage":0,"enemies":"Shield and Spear","floor":54,"turns":1},{"damage":57,"enemies":"The Heart","floor":55,"turns":6}],"seed_played":"4263534821048789430","potions_obtained":[{"floor":1,"key":"FearPotion"},{"floor":2,"key":"Adrenaline Potion"},{"floor":6,"key":"Elixir"},{"floor":13,"key":"Block Potion"},{"floor":18,"key":"LiquidBronze"},{"floor":20,"key":"SteroidPotion"},{"floor":22,"key":"Milkshake"},{"floor":23,"key":"Regen Potion"},{"floor":25,"key":"SpeedPotion"},{"floor":27,"key":"FearPotion"},{"floor":28,"key":"Swift Potion"},{"floor":29,"key":"DistilledChaos"},{"floor":30,"key":"Flashbang"},{"floor":31,"key":"GamblersBrew"},{"floor":33,"key":"Swift Potion"},{"floor":35,"key":"FearPotion"},{"floor":39,"key":"LiquidBronze"},{"floor":41,"key":"AttackPotion"},{"floor":42,"key":"Explosive Potion"},{"floor":45,"key":"Swift Potion"},{"floor":47,"key":"Strength Potion"},{"floor":48,"key":"Block Potion"},{"floor":54,"key":"SpeedPotion"}],"is_trial":false,"path_per_floor":["M","M","?","M","$","E","R","E","T","?","$","R","M","M","R","B",null,"M","M","?","?","M","M","R","E","T","M","M","E","M","E","R","B",null,"M","?","$","M","M","R","E","M","T","E","M","R","M","M","R","B",null,"R","$","E","B",null],"character_chosen":"WATCHER","items_purchased":["DeusExMachina+1","Letter Opener","hubris:SlimyHat","Judgement","CutThroughFate","hubris:EmptyBottle","InnerPeace","SandsOfTime","Ragnarok","Garlic","Halt","Ragnarok+1","DeusExMachina+1"],"campfire_rested":1,"item_purchase_floors":[0,0,0,0,0,0,5,5,11,37,37,37,53],"current_hp_per_floor":[41,41,41,41,41,41,41,39,39,39,39,39,29,29,65,65,72,72,72,72,82,79,78,78,78,78,78,60,50,49,49,49,53,82,76,76,76,76,76,76,76,76,76,61,61,61,61,61,61,57,92,92,92,90,33],"gold":43,"neow_bonus":"","is_daily":false,"chose_seed":false,"campfire_upgraded":7,"win_rate":0.0,"timestamp":1611141196,"path_taken":["M","M","?","M","?","E","R","E","T","?","?","R","?","M","R","BOSS","M","M","?","?","M","M","R","E","T","M","M","E","M","E","R","BOSS","M","?","$","M","M","R","E","M","T","E","M","R","M","M","R","BOSS","R","$","E","BOSS"],"items_purchased_type":["Card","Relic","Relic","Card","Card","Relic","Card","Card","Card","Relic","Card","Card","Card"],"build_version":"2020-12-22","purchased_purges":3,"victory":true,"max_hp_per_floor":[72,72,72,72,72,72,72,72,72,72,72,72,72,72,72,72,72,72,72,72,82,82,82,82,82,82,82,82,82,82,82,82,82,82,82,82,82,82,80,80,80,80,80,94,94,92,92,92,92,92,92,92,92,90,90],"card_choices":[{"not_picked":["Replay:Anticipation","ThirdEye"],"picked":"Replay:AtTheReady","floor":1},{"not_picked":["Fasting2","Replay:Hum"],"picked":"Prostrate","floor":2},{"not_picked":["Meditate","EmptyBody"],"picked":"FollowUp","floor":4},{"not_picked":["WindmillStrike","Indignation"],"picked":"WheelKick","floor":6},{"not_picked":["EmptyBody","Halt"],"picked":"CutThroughFate","floor":8},{"not_picked":["Protect","Replay:AtTheReady","Pray"],"picked":"SKIP","floor":13},{"not_picked":["SandsOfTime","Study"],"picked":"FlurryOfBlows","floor":14},{"not_picked":["Scrawl","Devotion"],"picked":"DevaForm","floor":16},{"not_picked":["Meditate","FlyingSleeves","FollowUp+1"],"picked":"SKIP","floor":18},{"not_picked":["Wallop+1","SandsOfTime"],"picked":"Crescendo+1","floor":19},{"not_picked":["CutThroughFate","EmptyBody"],"picked":"Tantrum","floor":22},{"not_picked":["Replay:BluntJabs","Judgement","FollowUp"],"picked":"SKIP","floor":23},{"not_picked":["SandsOfTime","Replay:AtTheReady","LikeWater"],"picked":"SKIP","floor":25},{"not_picked":["Worship","Replay:Vibes+1"],"picked":"FlurryOfBlows+1","floor":27},{"not_picked":["SandsOfTime","BowlingBash+1"],"picked":"EmptyMind+1","floor":28},{"not_picked":["ThirdEye","Tantrum","JustLucky"],"picked":"SKIP","floor":29},{"not_picked":["SashWhip","Protect+1"],"picked":"Wallop","floor":30},{"not_picked":["Evaluate","JustLucky","Ragnarok"],"picked":"SKIP","floor":31},{"not_picked":["Devotion","MasterReality"],"picked":"Blasphemy","floor":33},{"not_picked":["Vengeance","Halt"],"picked":"FlurryOfBlows+1","floor":35},{"not_picked":["ThirdEye","Meditate","FlurryOfBlows"],"picked":"SKIP","floor":38},{"not_picked":["Replay:ManipulateFuture","PathToVictory","Meditate"],"picked":"SKIP","floor":39},{"not_picked":["Brilliance","BowlingBash","Replay:ManipulateFuture+1"],"picked":"SKIP","floor":41},{"not_picked":["BowlingBash+1","Replay:Battleflow+1"],"picked":"Adaptation+1","floor":42},{"not_picked":["Prostrate","Blasphemy"],"picked":"WreathOfFlame","floor":44},{"not_picked":["FollowUp","Vengeance","SashWhip"],"picked":"SKIP","floor":45},{"not_picked":["Pray","JustLucky+1","Worship"],"picked":"SKIP","floor":47},{"not_picked":["EmptyFist","Replay:BluntJabs+1"],"picked":"DeceiveReality","floor":48},{"not_picked":["InnerPeace","Prostrate","Vengeance"],"picked":"SKIP","floor":54}],"player_experience":416867,"relics_obtained":[{"floor":6,"key":"Blue Candle"},{"floor":8,"key":"Replay:PocketPolymizer"},{"floor":9,"key":"Regal Pillow"},{"floor":20,"key":"ReplayTheSpireMod:Ring of Addiction"},{"floor":20,"key":"White Beast Statue"},{"floor":20,"key":"SacredBark"},{"floor":25,"key":"Turnip"},{"floor":26,"key":"Calipers"},{"floor":29,"key":"Smiling Mask"},{"floor":31,"key":"ReplayTheSpireMod:TigerMarble"},{"floor":41,"key":"Quantum Egg"},{"floor":44,"key":"Mango"},{"floor":54,"key":"Replay:Purple Gloves"}],"event_choices":[{"cards_removed":["Defend_P"],"damage_healed":0,"gold_gain":0,"player_choice":"Offered Basic","damage_taken":0,"max_hp_gain":0,"max_hp_loss":0,"event_name":"Bonfire Elementals","floor":3,"gold_loss":0},{"damage_healed":0,"gold_gain":30,"player_choice":"Searched \u00272\u0027 times","damage_taken":0,"relics_obtained":["Dream Catcher"],"max_hp_gain":0,"max_hp_loss":0,"event_name":"Dead Adventurer","floor":10,"gold_loss":0},{"damage_healed":0,"gold_gain":0,"player_choice":"Gave Potion","damage_taken":0,"relics_obtained":["Pear"],"max_hp_gain":0,"max_hp_loss":0,"event_name":"WeMeetAgain","floor":21,"gold_loss":0}],"is_beta":false,"boss_relics":[{"not_picked":["hubris:RunicObelisk","aspiration:FutureDiary"],"picked":"Philosopher\u0027s Stone"},{"not_picked":["hubris:TerracottaHorce","Snecko Eye"],"picked":"Empty Cage"}],"items_purged_floors":[0,37,53],"is_endless":false,"potions_floor_spawned":[1,2,6,13,18,22,23,25,27,28,29,30,31,33,35,38,39,41,42,44,45,47,48,54],"ascension_level":1}}