{"host":"9slw7l0ws16384qq","time":1611171360,"event":{"mods":["A Penny For Your Troubles","BaseMod","Clockwork Mod","Colored Map","Evolution","Hubris","Minty Spire (QoL Compilation)","Replay The Spire","Shedinja","StS++","StSLib","The Dragon Tamer","The Marked"],"gold_per_floor":[124,51,67,67,67,67,92,92,92,118,118,118,137,169,169,273,273,300,147,147,171,189,189,44,64,87,87,187,209,209,228,228,336,336,264,470,472,472],"floor_reached":37,"language":"FRA","playtime":1120,"items_purged":["theMarked:Strike"],"score":361,"play_id":"dfe9f043-b308-4d89-b112-a82ade8493a1","local_time":"20210120203600","is_ascension_mode":false,"campfire_choices":[{"data":"Shedinja:FocusSash","floor":6,"key":"SMITH"},{"data":"theMarked:SwordAndMagic","floor":8,"key":"SMITH"},{"data":"theMarked:ParalyzingBlade","floor":12,"key":"SMITH"},{"data":"theMarked:HeritageOfTheMarked","floor":15,"key":"SMITH"},{"data":"theMarked:HeritageOfTheMarked","floor":23,"key":"SMITH"},{"floor":30,"key":"REST"},{"floor":32,"key":"REST"}],"circlet_count":0,"master_deck":["theMarked:SwordAndMagic+1","theMarked:Defend","theMarked:Defend","theMarked:ParalyzingBlade+1","Shedinja:FocusSash+1","theMarked:ParalyzingBlade+1","theMarked:HeritageOfTheMarked+1","theMarked:BindingBlade","theMarked:HeritageOfTheMarked+1","theMarked:ElementalBlade","hubris:Wrath"],"relics":["theMarked:ArtifactOfAir","EVO:Axolotl","Replay:Bandana","Blue Candle","SacredBark","ClockworkSouvenir","Bag of Preparation","Kintsugi"],"acts_visited":["Exordium","TheCity","TheBeyond"],"potions_floor_usage":[10,16,33,33,33],"damage_taken":[{"damage":0,"enemies":"Cultist","floor":1,"turns":2},{"damage":0,"enemies":"2 Louse","floor":3,"turns":2},{"damage":10,"enemies":"Jaw Worm","floor":7,"turns":4},{"damage":4,"enemies":"Lots of Slimes","floor":10,"turns":3},{"damage":4,"enemies":"2 Fungi Beasts","floor":13,"turns":4},{"damage":6,"enemies":"Exordium Wildlife","floor":14,"turns":5},{"damage":29,"enemies":"Hexaghost","floor":16,"turns":10},{"damage":17,"enemies":"Shell Parasite","floor":18,"turns":6},{"damage":12,"enemies":"Spheric Guardian","floor":21,"turns":4},{"damage":29,"enemies":"Snake Plant","floor":22,"turns":4},{"damage":6,"enemies":"Snecko","floor":25,"turns":4},{"damage":32,"enemies":"Shelled Parasite and Fungi","floor":29,"turns":5},{"damage":31,"enemies":"Sentry and Sphere","floor":31,"turns":5},{"damage":27,"enemies":"hubris:MusketHawk","floor":33,"turns":7},{"damage":19,"enemies":"Orb Walker","floor":35,"turns":4},{"damage":0,"enemies":"3 Shapes","floor":37,"turns":1}],"seed_played":"5400709755322929976","potions_obtained":[{"floor":1,"key":"Block Potion"},{"floor":3,"key":"Strength Potion"},{"floor":7,"key":"Block Potion"},{"floor":18,"key":"Toxic Potion"},{"floor":20,"key":"Explosive Potion"},{"floor":22,"key":"FairyPotion"},{"floor":25,"key":"theMarked:SummonPotion"},{"floor":29,"key":"ColorlessPotion"},{"floor":35,"key":"Strength Potion"}],"is_trial":false,"path_per_floor":["M","$","M","$","?","R","M","R","T","M","?","R","M","M","R","B",null,"M","$","?","M","M","R","$","M","T","?","?","M","R","M","R_BF","B",null,"M","?","M"],"character_chosen":"THE_DEFAULT","items_purchased":["theMarked:ParalyzingBlade","theMarked:HeritageOfTheMarked","ClockworkSouvenir"],"campfire_rested":2,"item_purchase_floors":[2,19,24],"current_hp_per_floor":[70,70,70,70,70,70,60,60,60,56,56,56,52,46,46,17,70,53,53,53,41,12,12,12,6,6,6,6,18,39,8,29,2,70,51,34,34,34],"gold":472,"neow_bonus":"RANDOM_COMMON_RELIC","is_daily":false,"chose_seed":false,"campfire_upgraded":5,"win_rate":0.0,"timestamp":1611171360,"path_taken":["M","?","?","$","?","R","M","R","T","?","?","R","M","M","R","BOSS","M","$","?","M","M","R","$","?","T","?","?","?","R","M","R_BF","BOSS","M","?","M"],"items_purchased_type":["Card","Card","Relic"],"build_version":"2020-12-22","purchased_purges":1,"victory":false,"max_hp_per_floor":[70,70,70,70,70,70,70,70,70,70,70,70,70,70,70,70,70,70,70,70,70,70,70,70,70,70,70,70,70,70,70,70,70,70,70,70,70,70],"card_choices":[{"not_picked":["theMarked:WastefulDefense","theMarked:Static","theMarked:RepellingDischarge"],"picked":"SKIP","floor":1},{"not_picked":["theMarked:Generate","theMarked:Reabsorb","theMarked:TwofoldDefense"],"picked":"SKIP","floor":3},{"not_picked":["theMarked:SelfDefenseTraining","theMarked:Aftermath","theMarked:WastefulAttack"],"picked":"SKIP","floor":7},{"not_picked":["theMarked:Parkour","theMarked:ElectricStrings"],"picked":"theMarked:ParalyzingBlade","floor":10},{"not_picked":["theMarked:TunnelVision","theMarked:SelfDefenseTraining","theMarked:Parry"],"picked":"SKIP","floor":13},{"not_picked":["theMarked:UnarmedFury","theMarked:Parkour"],"picked":"theMarked:HeritageOfTheMarked","floor":14},{"not_picked":["theMarked:TakeOffHeels","theMarked:Abjuration"],"picked":"theMarked:BindingBlade","floor":16},{"not_picked":["theMarked:Seal","theMarked:Improvise","theMarked:Aftermath"],"picked":"SKIP","floor":18},{"not_picked":["theMarked:Parkour","theMarked:ContemptForTheProud","theMarked:HeightenedSenses"],"picked":"SKIP","floor":21},{"not_picked":["theMarked:BanishingStrike","theMarked:Reabsorb","theMarked:RogueSparks"],"picked":"SKIP","floor":22},{"not_picked":["theMarked:RepellingDischarge","theMarked:TunnelVision+1"],"picked":"theMarked:ElementalBlade","floor":25},{"not_picked":["theMarked:SuspiciousRaven","theMarked:BanishingStrike","theMarked:Electrify"],"picked":"SKIP","floor":29},{"not_picked":["theMarked:Improvise","theMarked:Overthink+1","theMarked:Panic"],"picked":"SKIP","floor":31},{"not_picked":["theMarked:Polarize+1","theMarked:Static+1","theMarked:Parkour"],"picked":"SKIP","floor":35}],"player_experience":1744982,"relics_obtained":[{"floor":9,"key":"Blue Candle"},{"floor":26,"key":"Bag of Preparation"}],"event_choices":[{"cards_removed":["theMarked:SoldierOfQuellstein"],"damage_healed":0,"gold_gain":0,"player_choice":"Took Card","damage_taken":0,"max_hp_gain":0,"max_hp_loss":0,"event_name":"NoteForYourself","floor":5,"gold_loss":0,"cards_obtained":["Shedinja:FocusSash"]},{"damage_healed":0,"gold_gain":0,"player_choice":"Got Potions","damage_taken":0,"max_hp_gain":0,"max_hp_loss":0,"event_name":"Lab","floor":20,"gold_loss":0},{"damage_healed":0,"gold_gain":100,"player_choice":"Pray","damage_taken":0,"max_hp_gain":0,"max_hp_loss":0,"event_name":"Golden Shrine","floor":28,"gold_loss":0}],"is_beta":false,"boss_relics":[{"not_picked":["hubris:GrandSneckoEye","Replay:Wanted Poster"],"picked":"SacredBark"},{"not_picked":["Fusion Hammer","Abe\u0027s Treasure"],"picked":"Kintsugi"}],"items_purged_floors":[19],"is_endless":false,"potions_floor_spawned":[1,3,7,18,22,25,29,35],"killed_by":"3 Shapes","ascension_level":0}}