{"host":"0cm5wy4nhuju7tij","time":1611127388,"event":{"mods":["100% Spire Juice","2.2 Compatiblity","AchievementEnabler","Aspiration","BaseMod","Better Third Choice","BetterRewards","CCEM","CapriCore","Chen","Colored Powertips","Curses Come First","Custom Start","Displayed Cursed Tome","Downfall","Energized Spire","Evolution","Filter the Spire","Highlight Path","Jess\u0027s Bottle","Minty Spire (QoL Compilation)","Permanent Neow","Relic Stats","SOS???????","Shop Mod","Spicy Shops","StSLib","The Cursed","The Juggle","The Sage","TheFirefly"],"gold_per_floor":[115,135,152,152,167,198,198,14,14,14,32,65,83,96,96,194,194,207,224,235,4,14,14,14],"floor_reached":23,"language":"ENG","playtime":1310,"items_purged":["Strike_B"],"score":217,"play_id":"fa70a84e-d599-44a9-9290-c5e61aba9dbc","local_time":"20210120022308","is_ascension_mode":true,"campfire_choices":[{"floor":7,"key":"REST"},{"data":"Zap","floor":10,"key":"SMITH"},{"floor":15,"key":"REST"}],"circlet_count":0,"master_deck":["Strike_B","Strike_B","Strike_B","Defend_B","Defend_B","Defend_B","Defend_B","Zap+1","Dualcast","Ball Lightning","Leap","Ball Lightning","Leap","Stack","Darkness","Static Discharge","Force Field","Redo","Barrage","Coolheaded","Sunder","Biased Cognition","Stack","Self Repair+1","Bouncing Flask","Conserve Battery","Dagger Spray+1"],"relics":["Cracked Core","EVO:Axolotl","aspiration:Nostalgia","Combocheck","Smiling Mask","Lizard Tail","aspiration:SilentSkillbook"],"acts_visited":["Exordium","TheCity"],"potions_floor_usage":[20,20,23],"damage_taken":[{"damage":2,"enemies":"Small Slimes","floor":1,"turns":4},{"damage":1,"enemies":"Cultist","floor":2,"turns":3},{"damage":2,"enemies":"Jaw Worm","floor":3,"turns":3},{"damage":5,"enemies":"3 Louse","floor":5,"turns":4},{"damage":28,"enemies":"Gremlin Nob","floor":6,"turns":4},{"damage":3,"enemies":"Red Slaver","floor":11,"turns":4},{"damage":9,"enemies":"3 Sentries","floor":12,"turns":7},{"damage":9,"enemies":"2 Fungi Beasts","floor":13,"turns":3},{"damage":6,"enemies":"3 Louse","floor":14,"turns":4},{"damage":47,"enemies":"The Guardian","floor":16,"turns":10},{"damage":26,"enemies":"2 Thieves","floor":18,"turns":3},{"damage":22,"enemies":"Chosen","floor":19,"turns":5},{"damage":41,"enemies":"Centurion and Healer","floor":20,"turns":11},{"damage":16,"enemies":"Chosen and Byrds","floor":22,"turns":4},{"damage":34,"enemies":"Book of Stabbing","floor":23,"turns":5}],"seed_played":"-7064496409868553354","potions_obtained":[{"floor":2,"key":"Dexterity Potion"},{"floor":4,"key":"Weak Potion"},{"floor":5,"key":"GamblersBrew"},{"floor":12,"key":"BlessingOfTheForge"}],"is_trial":false,"path_per_floor":["M","M","M","?","M","E","R","$","T","R","M","E","M","M","R","B",null,"M","M","M","$","M","E"],"character_chosen":"DEFECT","items_purchased":["Darkness","Static Discharge","Force Field","Conserve Battery","PowerPotion","Dexterity Potion"],"campfire_rested":2,"item_purchase_floors":[8,8,8,21,21,21],"current_hp_per_floor":[73,72,70,70,65,37,59,59,59,59,56,47,38,32,54,7,75,49,27,37,37,31,0,0],"gold":14,"neow_bonus":"NOSTALGIA","is_daily":false,"chose_seed":false,"campfire_upgraded":1,"win_rate":0.0,"timestamp":1611127388,"path_taken":["M","M","M","?","M","E","R","$","T","R","M","E","?","M","R","BOSS","M","M","M","$","M","E"],"items_purchased_type":["Card","Card","Card","Card","Potion","Potion"],"build_version":"2020-12-22","purchased_purges":1,"victory":false,"max_hp_per_floor":[75,75,75,75,75,75,75,75,75,75,75,75,75,75,75,75,75,75,75,75,75,75,75,75],"relic_stats":{"Lizard Tail":37,"counters":[15,74],"Smiling Mask":25,"obtain_stats":[{"Lizard Tail":12,"aspiration:Nostalgia":0,"aspiration:SilentSkillbook":17,"EVO:Axolotl":0,"Cracked Core":0,"Smiling Mask":6,"Combocheck":0},{"Lizard Tail":7,"aspiration:Nostalgia":0,"aspiration:SilentSkillbook":10,"EVO:Axolotl":0,"Cracked Core":0,"Smiling Mask":5,"Combocheck":0},{"Lizard Tail":29,"aspiration:Nostalgia":0,"aspiration:SilentSkillbook":46,"EVO:Axolotl":0,"Cracked Core":0,"Smiling Mask":18,"Combocheck":0}]},"card_choices":[{"not_picked":["Stack","Conserve Battery"],"picked":"Ball Lightning","floor":1},{"not_picked":["Go for the Eyes","Lockon"],"picked":"Leap","floor":2},{"not_picked":["Beam Cell","Double Energy"],"picked":"Ball Lightning","floor":3},{"not_picked":["Tempest","Seek"],"picked":"Leap","floor":5},{"not_picked":["Barrage","Chaos"],"picked":"Stack","floor":6},{"not_picked":["Turbo","Ball Lightning"],"picked":"Redo","floor":11},{"not_picked":["Turbo","Rebound"],"picked":"Barrage","floor":12},{"not_picked":["Go for the Eyes","Hologram"],"picked":"Coolheaded","floor":13},{"not_picked":["Rainbow","Gash"],"picked":"Sunder","floor":14},{"not_picked":["Fission","Multi-Cast"],"picked":"Biased Cognition","floor":16},{"not_picked":["Quick Slash","Beam Cell","Acrobatics+1"],"picked":"Stack","floor":18},{"not_picked":["Reboot","Acrobatics","Sweeping Beam"],"picked":"Self Repair+1","floor":19},{"not_picked":["Barrage","Aggregate+1","Sucker Punch"],"picked":"Bouncing Flask","floor":20},{"not_picked":["Expertise","Dodge and Roll","Catalyst"],"picked":"Dagger Spray+1","floor":22}],"player_experience":219938,"relics_obtained":[{"floor":6,"key":"Smiling Mask"},{"floor":12,"key":"Lizard Tail"}],"event_choices":[{"damage_healed":0,"gold_gain":0,"player_choice":"Got Potions","damage_taken":0,"max_hp_gain":0,"max_hp_loss":0,"event_name":"Lab","floor":4,"gold_loss":0}],"is_beta":false,"boss_relics":[{"not_picked":["CCEMRelics:GreenEgg","SacredBark"],"picked":"aspiration:SilentSkillbook"}],"items_purged_floors":[21],"is_endless":false,"potions_floor_spawned":[2,5,12,14,16,22],"killed_by":"Book of Stabbing","ascension_level":1}}