{"host":"nnt34ungdh9fkcmy","time":1611169979,"event":{"mods":["BaseMod","Downfall","Minty Spire (QoL Compilation)","StSLib","SuperFastMode"],"gold_per_floor":[99,119,134,134,145,175,255,267,299,152,152,179,179,205,225,328,328,228,244,344,344,160,60,139,150,166,166,51,82,70,97,116,219,219,119,131,131,67,85,116,116,127,127,127,137,154,154,166,176,176,176,176,176,176],"floor_reached":52,"language":"ENG","playtime":3613,"items_purged":["downfall:Malfunctioning","bronze:Defend","bronze:Defend","bronze:Defend"],"score":1142,"play_id":"4504afd3-0710-438f-88ab-d72361f8464a","local_time":"20210120121259","is_ascension_mode":false,"campfire_choices":[{"data":"bronze:HardenedForm","floor":1,"key":"SMITH"},{"floor":11,"key":"REST"},{"floor":18,"key":"RECALL"},{"data":"bronze:GetLatest","floor":23,"key":"SMITH"},{"data":"bronze:Mutator","floor":35,"key":"SMITH"},{"floor":47,"key":"REST"}],"circlet_count":0,"master_deck":["bronze:Goto","bronze:GetLatest+1","bronze:HardenedForm+1","bronze:Deprecate+1","bronze:Frontload","bronze:GetLatest+1","bronze:CutThrough","bronze:Constructor+1","bronze:Iterate+1","bronze:InfiniteBeams","bronze:FineTuning","bronze:FollowUp+1","bronze:Assembly+1","CurseOfTheBell","bronze:WhirlingStrike+1","bronze:InfiniteLoop+1","bronze:Mutator+1","bronze:Refactor+1","bronze:FineTuning+1","bronze:Constructor+1","bronze:FineTuning+1","bronze:FineTuning+1","bronze:Fortify+1"],"relics":["bronze:BronzeCore","Anchor","MawBank","Molten Egg 2","Torii","Calling Bell","Ancient Tea Set","The Courier","WingedGreaves","downfall:HeartBlessingGreen","Incense Burner","Sundial","champ:Barbells","downfall:HeartBlessingRed","downfall:RedIOU","Gambling Chip","Toxic Egg 2","Du-Vu Doll","bronze:MakeshiftBattery","downfall:HeartBlessingBlue","CaptainsWheel","StoneCalendar"],"acts_visited":["Exordium","TheCity","TheBeyond","TheEnding"],"potions_floor_usage":[14,20,20],"damage_taken":[{"damage":1,"enemies":"2 Louse","floor":2,"turns":4},{"damage":0,"enemies":"Jaw Worm","floor":3,"turns":4},{"damage":0,"enemies":"Small Slimes","floor":5,"turns":4},{"damage":8,"enemies":"Gremlin Nob","floor":6,"turns":5},{"damage":0,"enemies":"Gremlin Gang","floor":9,"turns":4},{"damage":0,"enemies":"downfall:FleeingMerchant","floor":10,"turns":4},{"damage":18,"enemies":"Lagavulin","floor":12,"turns":5},{"damage":24,"enemies":"Gremlin Nob","floor":14,"turns":5},{"damage":1,"enemies":"Blue Slaver","floor":15,"turns":3},{"damage":0,"enemies":"IC_STATUS_ARCHETYPE","floor":16,"turns":11},{"damage":0,"enemies":"3 Byrds","floor":19,"turns":5},{"damage":1,"enemies":"Colosseum Nobs","floor":20,"turns":4},{"damage":0,"enemies":"downfall:FleeingMerchant","floor":22,"turns":4},{"damage":0,"enemies":"Shell Parasite","floor":25,"turns":2},{"damage":6,"enemies":"Sentry and Sphere","floor":26,"turns":4},{"damage":1,"enemies":"downfall:FleeingMerchant","floor":28,"turns":4},{"damage":22,"enemies":"Slavers","floor":29,"turns":6},{"damage":1,"enemies":"downfall:FleeingMerchant","floor":30,"turns":4},{"damage":7,"enemies":"Book of Stabbing","floor":31,"turns":5},{"damage":0,"enemies":"Shelled Parasite and Fungi","floor":32,"turns":2},{"damage":0,"enemies":"WA_ARCHETYPE_CALM","floor":33,"turns":8},{"damage":0,"enemies":"Orb Walker","floor":36,"turns":2},{"damage":15,"enemies":"3 Shapes","floor":39,"turns":6},{"damage":16,"enemies":"Giant Head","floor":40,"turns":7},{"damage":8,"enemies":"Spire Growth","floor":42,"turns":4},{"damage":0,"enemies":"Maw","floor":45,"turns":6},{"damage":17,"enemies":"4 Shapes","floor":46,"turns":5},{"damage":0,"enemies":"Jaw Worm Horde","floor":48,"turns":2},{"damage":0,"enemies":"Transient","floor":49,"turns":5},{"damage":10,"enemies":"SI_POISON_ARCHETYPE","floor":50,"turns":8},{"damage":130,"enemies":"downfall:CharBossMerchant","floor":52,"turns":9}],"seed_played":"121122479813706780","potions_obtained":[{"floor":6,"key":"FairyPotion"},{"floor":12,"key":"FearPotion"},{"floor":14,"key":"Strength Potion"},{"floor":15,"key":"DuplicationPotion"},{"floor":26,"key":"LiquidBronze"},{"floor":32,"key":"PowerPotion"},{"floor":39,"key":"DuplicationPotion"}],"is_trial":false,"path_per_floor":["R","M","M","?","M","E","T","?","M","$","R","E","?","E","M","B",null,"R","M","?","?","$","R","T","M","M","?","$","E","$","E","M","B",null,"R","M","?","$","M","E","T","M","?","?","M","M","R","M","M","B",null,"E"],"character_chosen":"THE_AUTOMATON","items_purchased":["bronze:InfiniteBeams","champ:Barbells","AttackPotion","Toxic Egg 2","bronze:FineTuning+1","bronze:FineTuning+1"],"campfire_rested":2,"item_purchase_floors":[10,22,30,30,38,38],"current_hp_per_floor":[49,48,48,45,45,37,37,37,37,37,58,40,40,16,15,15,70,70,70,69,61,61,61,61,61,55,55,54,32,31,24,24,24,70,80,80,80,80,65,49,49,41,41,41,41,24,48,48,48,38,80,0,0,0],"gold":176,"neow_bonus":"TRANSFORM_TWO_CARDS","is_daily":false,"chose_seed":false,"campfire_upgraded":3,"win_rate":0.0,"timestamp":1611169979,"path_taken":["R","M","M","?","M","E","T","?","M","?","R","E","?","E","M","BOSS","R","M","?","?","$","R","T","M","?","?","$","E","$","E","M","BOSS","R","M","?","$","M","E","T","?","?","?","M","M","R","M","M","BOSS","E"],"items_purchased_type":["Card","Relic","Potion","Relic","Card","Card"],"build_version":"2020-12-22","purchased_purges":4,"victory":false,"max_hp_per_floor":[70,70,70,70,70,70,70,70,70,70,70,70,70,70,70,70,70,70,70,70,70,70,70,70,70,70,70,70,70,70,70,70,70,70,80,80,80,80,80,80,80,80,80,80,80,80,80,80,80,80,80,80,80,80],"card_choices":[{"not_picked":["bronze:Turbo","bronze:OilSpill"],"picked":"bronze:Deprecate","floor":2},{"not_picked":["bronze:DelayedSlice","bronze:Allocate"],"picked":"bronze:Frontload","floor":3},{"not_picked":["bronze:DelayedSlice","bronze:WildBeam"],"picked":"bronze:GetLatest","floor":5},{"not_picked":["bronze:DelayedGuard","bronze:ChildClass"],"picked":"bronze:CutThrough","floor":6},{"not_picked":["bronze:Overheat+1","bronze:DelayedGuard"],"picked":"bronze:Constructor","floor":9},{"not_picked":["bronze:BitShift","bronze:HyperBeam+1"],"picked":"bronze:Iterate+1","floor":10},{"not_picked":["bronze:CutThrough+1","bronze:Iterate+1"],"picked":"bronze:FineTuning","floor":12},{"not_picked":["bronze:BitShift","bronze:OilSpill+1"],"picked":"bronze:FollowUp+1","floor":14},{"not_picked":["bronze:DelayedGuard","bronze:Frontload","bronze:Turbo"],"picked":"SKIP","floor":15},{"not_picked":["bronze:ShipIt+1","bronze:BurnOut+1"],"picked":"bronze:Assembly","floor":16},{"not_picked":["bronze:Shield","bronze:Flail+1"],"picked":"bronze:WhirlingStrike+1","floor":19},{"not_picked":["bronze:Overload","bronze:Repair+1"],"picked":"bronze:InfiniteLoop+1","floor":20},{"not_picked":["bronze:DelayedSlice+1","bronze:Safeguard","bronze:CutThrough+1"],"picked":"SKIP","floor":22},{"not_picked":["bronze:ChildClass","bronze:BitShift","bronze:Optimize+1"],"picked":"SKIP","floor":25},{"not_picked":["bronze:Shield","bronze:ItsAFeature"],"picked":"bronze:Mutator","floor":26},{"not_picked":["bronze:DelayedGuard","bronze:Shield","bronze:WhirlingStrike+1"],"picked":"SKIP","floor":28},{"not_picked":["bronze:Frontload","bronze:Repair"],"picked":"bronze:Refactor+1","floor":29},{"not_picked":["bronze:Turbo","bronze:BitShift","bronze:ItsAFeature"],"picked":"SKIP","floor":30},{"not_picked":["bronze:Boost+1","bronze:Terminator+1","bronze:WildBeam+1"],"picked":"SKIP","floor":31},{"not_picked":["bronze:Refactor+1","bronze:WhirlingStrike+1"],"picked":"bronze:FineTuning+1","floor":32},{"not_picked":["bronze:Optimize+1","bronze:Frontload+1","bronze:ClassDefault"],"picked":"SKIP","floor":36},{"not_picked":["bronze:DelayedSlice+1","bronze:Shield+1"],"picked":"bronze:Fortify+1","floor":39},{"not_picked":["bronze:Shield+1","bronze:Deprecate+1","bronze:MaxOutput+1"],"picked":"SKIP","floor":40},{"not_picked":["bronze:Repulsor","bronze:Constructor+1","bronze:Frontload+1"],"picked":"SKIP","floor":42},{"not_picked":["bronze:Separator+1","bronze:ItsAFeature+1","bronze:Overheat+1"],"picked":"SKIP","floor":45},{"not_picked":["bronze:OilSpill+1","bronze:ChildClass+1","bronze:ThunderWave+1"],"picked":"SKIP","floor":46},{"not_picked":["bronze:BuggyMess+1","bronze:Branch+1","bronze:DelayedGuard+1"],"picked":"SKIP","floor":48},{"not_picked":["bronze:Branch+1","bronze:DigitalCarnage+1","bronze:WhirlingStrike+1"],"picked":"SKIP","floor":49}],"player_experience":226875,"relics_obtained":[{"floor":6,"key":"MawBank"},{"floor":7,"key":"Molten Egg 2"},{"floor":12,"key":"Smiling Mask"},{"floor":14,"key":"Torii"},{"floor":17,"key":"Ancient Tea Set"},{"floor":17,"key":"The Courier"},{"floor":17,"key":"WingedGreaves"},{"floor":20,"key":"Incense Burner"},{"floor":20,"key":"Sundial"},{"floor":29,"key":"Gambling Chip"},{"floor":31,"key":"Du-Vu Doll"},{"floor":40,"key":"CaptainsWheel"},{"floor":41,"key":"StoneCalendar"}],"event_choices":[{"damage_healed":0,"gold_gain":0,"player_choice":"Success","damage_taken":3,"relics_obtained":["Anchor"],"max_hp_gain":0,"max_hp_loss":0,"event_name":"Scrap Ooze","floor":4,"gold_loss":0},{"cards_removed":["bronze:Strike"],"damage_healed":0,"gold_gain":0,"player_choice":"Card Removal","damage_taken":0,"max_hp_gain":0,"max_hp_loss":0,"event_name":"The Cleric","floor":13,"gold_loss":0},{"cards_removed":["bronze:Replicate"],"damage_healed":0,"gold_gain":0,"player_choice":"Card Removal","damage_taken":0,"max_hp_gain":0,"max_hp_loss":0,"event_name":"Wheel of Change","floor":44,"gold_loss":0}],"is_beta":false,"boss_relics":[{"not_picked":["Busted Crown","Tiny House"],"picked":"Calling Bell"},{"not_picked":["Cursed Key","Fusion Hammer"],"picked":"bronze:MakeshiftBattery"}],"items_purged_floors":[10,22,28,30],"is_endless":false,"potions_floor_spawned":[6,12,14,15,16,26,31,32,33,36,39,48],"killed_by":"downfall:CharBossMerchant","ascension_level":0}}