{"host":"Penguin","time":1611152748,"event":{"mods":["BaseMod","Colored Powertips","Downfall","Minty Spire (QoL Compilation)","Relic Stats","StSLib","Synergy Search","Unceasing Turn Reminder"],"gold_per_floor":[99,114,125,142,142,142,167,67,81,114,124,134,34,66,79,79,79,79],"floor_reached":16,"language":"ENG","playtime":1255,"items_purged":[],"score":114,"play_id":"ee589dbf-600d-421a-9f8e-f5f018dab8e8","local_time":"20210120152548","is_ascension_mode":false,"campfire_choices":[{"data":"champ:Taunt","floor":1,"key":"SMITH"},{"floor":8,"key":"RECALL"},{"data":"champ:SkillfulDodge","floor":13,"key":"SMITH"}],"circlet_count":0,"master_deck":["champ:Strike","champ:Strike+1","champ:Strike","champ:Strike+1","champ:Defend","champ:Defend","champ:Defend","champ:Defend+1","champ:Execute","champ:Taunt+1","Swift Strike","champ:PreemptiveStrike","champ:FlashCut","champ:FlashCut","champ:SkillfulDodge+1","champ:SetATrap","champ:DefensiveShout"],"relics":["champ:ChampionCrown","downfall:HeartBlessingBlue","Eternal Feather","downfall:HeartBlessingRed","Blood Vial"],"acts_visited":["Exordium"],"potions_floor_usage":[16,16],"damage_taken":[{"damage":11,"enemies":"Cultist","floor":2,"turns":4},{"damage":10,"enemies":"Small Slimes","floor":3,"turns":4},{"damage":3,"enemies":"Jaw Worm","floor":4,"turns":4},{"damage":7,"enemies":"Blue Slaver","floor":9,"turns":3},{"damage":16,"enemies":"3 Sentries","floor":10,"turns":9},{"damage":8,"enemies":"Exordium Thugs","floor":11,"turns":5},{"damage":2,"enemies":"3 Louse","floor":12,"turns":4},{"damage":15,"enemies":"Lagavulin","floor":14,"turns":6},{"damage":7,"enemies":"Exordium Thugs","floor":15,"turns":4},{"damage":70,"enemies":"WA_ARCHETYPE_RETAIN","floor":16,"turns":10}],"seed_played":"9165201781616292309","potions_obtained":[{"floor":4,"key":"hexamod:SoulburnPotion"},{"floor":9,"key":"sneckomod:MuddlingPotion"},{"floor":10,"key":"champ:OpenerPotion"},{"floor":12,"key":"SkillPotion"}],"is_trial":false,"path_per_floor":["R","M","M","M","?","?","T","R","M","E","M","M","R","E","M","B"],"character_chosen":"THE_CHAMP","items_purchased":[],"campfire_rested":0,"item_purchase_floors":[],"current_hp_per_floor":[90,89,89,86,86,86,86,96,89,73,65,63,72,57,52,0,0,0],"gold":79,"neow_bonus":"RANDOM_COLORLESS","is_daily":false,"chose_seed":false,"campfire_upgraded":2,"win_rate":0.0,"timestamp":1611152748,"path_taken":["R","M","?","M","?","?","T","R","M","E","M","M","R","E","M","BOSS"],"items_purchased_type":[],"build_version":"2020-12-18","purchased_purges":0,"victory":false,"max_hp_per_floor":[90,90,90,90,90,90,90,100,100,100,100,100,100,100,100,100,100,100],"relic_stats":{"Blood Vial":4,"counters":[10,53],"Eternal Feather":9,"obtain_stats":[{"Blood Vial":14,"downfall:HeartBlessingRed":13,"downfall:HeartBlessingBlue":8,"champ:ChampionCrown":0,"Eternal Feather":10},{"Blood Vial":8,"downfall:HeartBlessingRed":7,"downfall:HeartBlessingBlue":3,"champ:ChampionCrown":0,"Eternal Feather":5},{"Blood Vial":39,"downfall:HeartBlessingRed":33,"downfall:HeartBlessingBlue":12,"champ:ChampionCrown":0,"Eternal Feather":24}]},"card_choices":[{"not_picked":["Panacea","Forethought"],"picked":"Swift Strike","floor":0},{"not_picked":["champ:ArenaPreparation","champ:FocusedBerserking"],"picked":"champ:PreemptiveStrike","floor":2},{"not_picked":["champ:Circumvent","champ:RapidStrikes"],"picked":"champ:FlashCut","floor":3},{"not_picked":["champ:ShieldWall","champ:DefensiveShout"],"picked":"champ:FlashCut","floor":4},{"not_picked":["champ:PreciseThrust","champ:DeathBlow"],"picked":"champ:SkillfulDodge","floor":9},{"not_picked":["champ:TornadoPunch","champ:IgnorePain","champ:HeartStrike"],"picked":"SKIP","floor":10},{"not_picked":["champ:FanOfKnives","champ:CrookedStrike"],"picked":"champ:SetATrap","floor":11},{"not_picked":["champ:Backstep","champ:Circumvent","champ:Endure"],"picked":"SKIP","floor":12},{"not_picked":["champ:BerserkersShout","champ:GutPunch","champ:HeavySlash"],"picked":"SKIP","floor":14},{"not_picked":["champ:FocusedBerserking","champ:DeathBlow"],"picked":"champ:DefensiveShout","floor":15}],"player_experience":343297,"relics_obtained":[{"floor":10,"key":"Eternal Feather"},{"floor":14,"key":"Blood Vial"}],"event_choices":[{"cards_removed":["downfall:Malfunctioning"],"damage_healed":0,"gold_gain":0,"player_choice":"Card Removal","damage_taken":0,"max_hp_gain":0,"max_hp_loss":0,"event_name":"The Cleric","floor":6,"gold_loss":0}],"is_beta":true,"boss_relics":[],"items_purged_floors":[],"is_endless":false,"potions_floor_spawned":[4,9,10,12,14],"killed_by":"WA_ARCHETYPE_RETAIN","ascension_level":0}}