{"host":"kh6fvhxn285ncg0o","time":1611186576,"event":{"mods":["Act Like it!","BaseMod","Colored Map","Friendly Minions","Keyboard Shortcuts","Minty Spire (QoL Compilation)","Quick Restart","Relic Stats","StSLib","SuperFastMode"],"gold_per_floor":[109,109,126,141,155,189,189,224,278,278,290,290,318,338,338,338,338],"floor_reached":16,"language":"KOR","playtime":295,"items_purged":[],"score":244,"play_id":"30a3b793-23e0-436e-89c0-1282ee65ee79","local_time":"20210121084936","is_ascension_mode":true,"campfire_choices":[{"data":"Immolate","floor":7.0,"key":"SMITH"},{"floor":12.0,"key":"REST"},{"data":"Body Slam","floor":15.0,"key":"SMITH"}],"circlet_count":0,"master_deck":["AscendersBane","Strike_R","Strike_R","Strike_R","Strike_R","Strike_R","Defend_R","Defend_R","Defend_R","Defend_R","Bash","Flame Barrier","Immolate+1","Pommel Strike","Offering","Rage","Feel No Pain","Body Slam+1"],"relics":["Burning Blood","NeowsBlessing","Bag of Preparation","Mercury Hourglass","Nunchaku","MealTicket"],"acts_visited":["Exordium"],"potions_floor_usage":[16],"damage_taken":[{"damage":0.0,"enemies":"Small Slimes","floor":1.0,"turns":1.0},{"damage":0.0,"enemies":"Cultist","floor":3.0,"turns":1.0},{"damage":0.0,"enemies":"Jaw Worm","floor":4.0,"turns":1.0},{"damage":0.0,"enemies":"3 Louse","floor":5.0,"turns":1.0},{"damage":48.0,"enemies":"Gremlin Nob","floor":6.0,"turns":6.0},{"damage":29.0,"enemies":"Lagavulin","floor":8.0,"turns":7.0},{"damage":0.0,"enemies":"Blue Slaver","floor":11.0,"turns":3.0},{"damage":17.0,"enemies":"Gremlin Nob","floor":13.0,"turns":3.0},{"damage":0.0,"enemies":"Looter","floor":14.0,"turns":3.0},{"damage":66,"enemies":"The Guardian","floor":16,"turns":11}],"seed_played":"706666917517504998","potions_obtained":[{"floor":1.0,"key":"Ancient Potion"},{"floor":5.0,"key":"SkillPotion"},{"floor":14.0,"key":"Dexterity Potion"}],"is_trial":false,"path_per_floor":["M","?","M","M","M","E","R","E","T","?","M","R","E","M","R","B"],"character_chosen":"IRONCLAD","items_purchased":[],"campfire_rested":1,"item_purchase_floors":[],"current_hp_per_floor":[74,74,75,75,75,33,33,10,10,10,16,38,27,33,33,0,0],"gold":338,"neow_bonus":"THREE_ENEMY_KILL","is_daily":false,"chose_seed":false,"campfire_upgraded":2,"win_rate":0.0,"timestamp":1611186576,"path_taken":["M","?","?","M","M","E","R","E","T","?","M","R","E","M","R","BOSS"],"items_purchased_type":[],"build_version":"2020-12-22","purchased_purges":0,"victory":false,"max_hp_per_floor":[75,75,75,75,75,75,75,75,75,75,75,75,75,75,75,75,75],"relic_stats":{"Nunchaku":[3],"counters":[10,37],"MealTicket":0,"Bag of Preparation":[10],"obtain_stats":[{"Nunchaku":9,"NeowsBlessing":0,"MealTicket":13,"Bag of Preparation":6,"Burning Blood":0,"Mercury Hourglass":8},{"Nunchaku":6,"NeowsBlessing":0,"MealTicket":8,"Bag of Preparation":5,"Burning Blood":0,"Mercury Hourglass":6},{"Nunchaku":17,"NeowsBlessing":0,"MealTicket":23,"Bag of Preparation":10,"Burning Blood":0,"Mercury Hourglass":17}],"Burning Blood":37,"Mercury Hourglass":[54]},"card_choices":[{"not_picked":["Spot Weakness","Dual Wield"],"picked":"Flame Barrier","floor":1.0},{"not_picked":["Rupture","Wild Strike","Bloodletting"],"picked":"SKIP","floor":3.0},{"not_picked":["Havoc","Pommel Strike","Clash"],"picked":"SKIP","floor":4.0},{"not_picked":["Uppercut","True Grit"],"picked":"Offering","floor":6.0},{"not_picked":["Wild Strike","Twin Strike"],"picked":"Rage","floor":8.0},{"not_picked":["Pummel","Reckless Charge"],"picked":"Feel No Pain","floor":11.0},{"not_picked":["Flex","Brutality","Headbutt"],"picked":"SKIP","floor":13.0},{"not_picked":["Clothesline","Iron Wave"],"picked":"Body Slam","floor":14.0}],"player_experience":3479646,"relics_obtained":[{"floor":6.0,"key":"Bag of Preparation"},{"floor":8.0,"key":"Mercury Hourglass"},{"floor":9.0,"key":"Nunchaku"},{"floor":13.0,"key":"MealTicket"}],"event_choices":[{"damage_healed":0.0,"max_hp_gain":0.0,"max_hp_loss":0.0,"gold_gain":0.0,"event_name":"Match and Keep!","player_choice":"2 cards matched","floor":2.0,"gold_loss":0.0,"damage_taken":0.0,"cards_obtained":["Immolate","Pommel Strike"]},{"damage_healed":0.0,"max_hp_gain":0.0,"max_hp_loss":0.0,"gold_gain":0.0,"event_name":"Scrap Ooze","player_choice":"Fled","floor":10.0,"gold_loss":0.0,"damage_taken":0.0}],"is_beta":false,"boss_relics":[],"items_purged_floors":[],"is_endless":false,"potions_floor_spawned":[1,5,14],"killed_by":"The Guardian","ascension_level":20}}