{"host":"0wzx847a4uibrodg","time":1611183060,"event":{"mods":["ATMod(∞¢Ë™Mod)","Act Like it!","Aspiration","BaseMod","Gensokyo","KomeijiMod","Lobotomy","LobotomyExtend","Minty Spire (QoL Compilation)","Reimu£®≤©¿ˆ¡È√Œ£©","Replay The Spire","Spicy Shops","StSLib","The Cursed","UnlockEverythingMod","vexMod","°æ“≈ŒÔø®≈∆°øREMEMod"],"gold_per_floor":[116,40,57,50,50,50,50,64,64,90,1,1,19,46,46,142,142,142,168,15,29,43,43,75,75,122,139,64,64,79,89,89,89,89],"floor_reached":33,"language":"ZHS","playtime":1327,"items_purged":["Strike_Lin:ReiMu"],"score":298,"play_id":"0885afe8-b31e-490b-8979-d359b64fa25a","local_time":"20210121065100","is_ascension_mode":false,"campfire_choices":[{"data":"NB:ReiMu","floor":6,"key":"SMITH"},{"data":"Gathering:ReiMu","floor":12,"key":"SMITH"},{"data":"MikOfLucky:ReiMu","floor":15,"key":"SMITH"},{"data":"Conquer:ReiMu","floor":23,"key":"SMITH"},{"data":"KamiSacrifice:ReiMu","floor":25,"key":"SMITH"},{"floor":32,"key":"REST"}],"circlet_count":0,"master_deck":["Defend_Lin:ReiMu+1","NB:ReiMu+1","Stagnation:ReiMu+1","CareerPray:ReiMu","Gathering:ReiMu+1","Underhanded Strike","Flechettes","Dash","CareerPray:ReiMu","TightArray:ReiMu","MikOfLucky:ReiMu+1","CareerPray:ReiMu","SafetyPray:ReiMu+1","SafetyPray:ReiMu","Dreaming:ReiMu+1","Conquer:ReiMu+1","Conquer:ReiMu","KamiSacrifice:ReiMu+1","AirStrike:ReiMu","Acrobatics","Venomology","Bouncing Flask","PhosphorusFlame:ReiMu","WonderfulDomain:ReiMu+1"],"relics":["FlyPower:ReiMu","AT_ATBox","REME_ComplimentaryCards","aspiration:Nostalgia","TheCursedMod:BlackMagic101","LetterFromLob","Gensokyo:OccultBall","Bow_fan:ReiMu","Mirror","Counterbalance","Replay:Accelerometer","AT_TrinityForce","AT_BladeRuinedKing","vexMod:PaidLearning","StoneCalendar","War Paint"],"acts_visited":["Gensokyo:Gensokyo","Gensokyo:Gensokyoer"],"potions_floor_usage":[],"damage_taken":[{"damage":0,"enemies":"Gensokyo:Python","floor":1,"turns":4},{"damage":18,"enemies":"Gensokyo:Gryphon","floor":3,"turns":5},{"damage":1,"enemies":"Gensokyo:2_Kodama","floor":8,"turns":4},{"damage":10,"enemies":"Gensokyo:Mamizou","floor":10,"turns":7},{"damage":3,"enemies":"Gensokyo:2_Rabbits","floor":13,"turns":4},{"damage":0,"enemies":"Gensokyo:Aya","floor":14,"turns":6},{"damage":3,"enemies":"Gensokyo:Reimu","floor":16,"turns":5},{"damage":0,"enemies":"Gensokyo:Chomper","floor":21,"turns":3},{"damage":17,"enemies":"Gensokyo:3_Dogs","floor":22,"turns":4},{"damage":17,"enemies":"Gensokyo:Reisen","floor":24,"turns":4},{"damage":0,"enemies":"Gensokyo:Swordslinger","floor":27,"turns":3},{"damage":3,"enemies":"Gensokyo:Chomper_and_Gloop","floor":30,"turns":5},{"damage":18,"enemies":"Gensokyo:Slime_Group","floor":31,"turns":4},{"damage":43,"enemies":"Gensokyo:Eternal_Rivals","floor":33,"turns":2}],"seed_played":"-3907943891049197820","potions_obtained":[{"floor":3,"key":"Swift Potion"},{"floor":8,"key":"GrandPatriotsElixir:ReiMu"},{"floor":10,"key":"LiquidBronze"},{"floor":24,"key":"Explosive Potion"}],"is_trial":false,"path_per_floor":["M","COS","M","$","?","R","?","M","T","E","$","R","M","E","R","B",null,"M","T","COS","M","M","R","E","R","T","M","$","?","M","M","R","B"],"character_chosen":"REIMU","items_purchased":["OctopathBindingBorder2:ReiMu","MikOfLucky:ReiMu","CareerPray:ReiMu"],"campfire_rested":1,"item_purchase_floors":[4,11,11],"current_hp_per_floor":[65,65,47,47,47,47,47,46,46,36,36,36,33,33,33,30,65,65,65,65,65,48,48,31,31,31,31,31,31,28,10,29,0,0],"gold":89,"neow_bonus":"NOSTALGIA","is_daily":false,"chose_seed":false,"campfire_upgraded":5,"win_rate":0.0,"timestamp":1611183060,"path_taken":["M","COS","?","$","?","R","?","M","T","E","$","R","M","E","R","BOSS","M","?","COS","M","M","R","E","R","T","M","$","?","?","M","R","BOSS"],"items_purchased_type":["Card","Card","Card"],"build_version":"2020-12-22","purchased_purges":1,"victory":false,"max_hp_per_floor":[65,65,65,65,65,65,65,65,65,65,65,65,65,65,65,65,65,65,65,65,65,65,65,65,65,65,65,65,65,65,65,65,65,65],"card_choices":[{"not_picked":["PrepareRite:ReiMu","Meditation:ReiMu"],"picked":"CareerPray:ReiMu","floor":1},{"not_picked":["RainPray2:ReiMu","UniversalSpiritual:ReiMu"],"picked":"Gathering:ReiMu","floor":3},{"not_picked":["EmergencyTakeOff:ReiMu","OrbThrow:ReiMu"],"picked":"CareerPray:ReiMu","floor":8},{"not_picked":["Authority:ReiMu","InherentArray:ReiMu"],"picked":"TightArray:ReiMu","floor":10},{"not_picked":["SpringWay:ReiMu","SubcavityInstant:ReiMu"],"picked":"SafetyPray:ReiMu","floor":13},{"not_picked":["Enchanting:ReiMu","Shading:ReiMu"],"picked":"SafetyPray:ReiMu","floor":14},{"not_picked":["OctopathSalyBorderN:ReiMu","Authority:ReiMu"],"picked":"Dreaming:ReiMu","floor":16},{"not_picked":["Amulet:ReiMu","Enchanting:ReiMu"],"picked":"Conquer:ReiMu","floor":21},{"not_picked":["Enchanting:ReiMu","OrbThrow:ReiMu"],"picked":"Conquer:ReiMu","floor":22},{"not_picked":["SubAcupoint:ReiMu","CollectionFlower2:ReiMu"],"picked":"KamiSacrifice:ReiMu","floor":24},{"not_picked":["TightArray:ReiMu","Revelation:ReiMu"],"picked":"AirStrike:ReiMu","floor":27},{"not_picked":["SafetyPray:ReiMu","InherentArray:ReiMu"],"picked":"PhosphorusFlame:ReiMu","floor":30},{"not_picked":["CareerPray:ReiMu","SubcavityFantasy:ReiMu"],"picked":"WonderfulDomain:ReiMu+1","floor":31}],"player_experience":74524,"relics_obtained":[{"floor":1,"key":"LetterFromLob"},{"floor":9,"key":"Bow_fan:ReiMu"},{"floor":10,"key":"Mirror"},{"floor":14,"key":"Replay:Accelerometer"},{"floor":16,"key":"Gensokyo:OccultBall"},{"floor":19,"key":"AT_BladeRuinedKing"},{"floor":22,"key":"Gensokyo:OccultBall"},{"floor":24,"key":"StoneCalendar"},{"floor":26,"key":"War Paint"}],"event_choices":[],"is_beta":false,"boss_relics":[{"not_picked":["ChewingGum","ReplayTheSpireMod:DimensionalGlitch"],"picked":"AT_TrinityForce"}],"items_purged_floors":[28],"is_endless":false,"potions_floor_spawned":[3,8,10,24,31],"killed_by":"Gensokyo:Eternal_Rivals","ascension_level":0}}