{"host":"ifd7sfhtlbe34qll","time":1611126573,"event":{"mods":["2.2 Compatiblity","BaseMod","Block Reminder","Colored Map","Curses Come First","Highlight Path","Minty Spire (QoL Compilation)","Potion Indicator Mod","Quick Restart","Relic Stats","StSLib"],"gold_per_floor":[114,134,149,169,14,39,114,114,114,140,140,164,202,217,217,307,307,331,3,3,0,0],"floor_reached":21,"language":"ENG","playtime":790,"items_purged":["Strike_P","Strike_P"],"score":398,"play_id":"0f7be9d6-8d73-4c33-80a9-52e0144e9e0c","local_time":"20210120010933","is_ascension_mode":true,"campfire_choices":[{"floor":8,"key":"REST"},{"floor":15,"key":"REST"}],"circlet_count":0,"master_deck":["AscendersBane","Strike_P","Strike_P","Defend_P","Defend_P","Defend_P","Defend_P","Eruption","Vigilance","SandsOfTime","Crescendo","SandsOfTime","EmptyFist","BattleHymn","TalkToTheHand","TalkToTheHand","Collect","ThirdEye","Halt","Ragnarok","Wireheading","Tantrum","FearNoEvil","LessonLearned"],"relics":["PureWater","TeardropLocket","Eternal Feather","The Courier","Golden Idol","Pear","VioletLotus"],"acts_visited":["Exordium","TheCity"],"potions_floor_usage":[4,10,13,21],"damage_taken":[{"damage":13,"enemies":"Cultist","floor":1,"turns":5},{"damage":2,"enemies":"Jaw Worm","floor":2,"turns":3},{"damage":0,"enemies":"Small Slimes","floor":3,"turns":3},{"damage":9,"enemies":"Blue Slaver","floor":4,"turns":2},{"damage":7,"enemies":"Lagavulin","floor":6,"turns":5},{"damage":12,"enemies":"Gremlin Nob","floor":10,"turns":3},{"damage":2,"enemies":"Exordium Wildlife","floor":12,"turns":4},{"damage":11,"enemies":"3 Sentries","floor":13,"turns":4},{"damage":4,"enemies":"Red Slaver","floor":14,"turns":3},{"damage":43,"enemies":"Slime Boss","floor":16,"turns":8},{"damage":60,"enemies":"3 Byrds","floor":18,"turns":6},{"damage":9,"enemies":"2 Thieves","floor":21,"turns":1}],"seed_played":"-985852409292364861","potions_obtained":[{"floor":1,"key":"Weak Potion"},{"floor":2,"key":"EssenceOfSteel"},{"floor":6,"key":"Swift Potion"},{"floor":13,"key":"Ancient Potion"}],"is_trial":false,"path_per_floor":["M","M","M","M","$","E","?","R","T","E","?","M","E","M","R","B",null,"M","$","?","M"],"character_chosen":"WATCHER","items_purchased":["BattleHymn","Tantrum","FearNoEvil","LessonLearned"],"campfire_rested":2,"item_purchase_floors":[5,19,19,19],"current_hp_per_floor":[42,40,40,31,31,24,13,37,37,25,25,23,22,18,54,11,64,4,4,4,0,0],"gold":0,"neow_bonus":"TWENTY_PERCENT_HP_BONUS","is_daily":false,"chose_seed":false,"campfire_upgraded":0,"win_rate":0.0,"timestamp":1611126573,"path_taken":["M","M","M","M","$","E","?","R","T","E","?","M","E","M","R","BOSS","M","$","?","M"],"items_purchased_type":["Card","Card","Card","Card"],"build_version":"2020-12-22","purchased_purges":2,"victory":false,"max_hp_per_floor":[80,80,80,80,80,80,80,80,80,80,72,72,82,82,82,82,82,82,82,82,82,82],"relic_stats":{"counters":[12,47],"Golden Idol":39,"Eternal Feather":12,"VioletLotus":[3],"obtain_stats":[{"Pear":13,"Golden Idol":11,"Eternal Feather":9,"The Courier":10,"VioletLotus":17,"TeardropLocket":6,"PureWater":0},{"Pear":8,"Golden Idol":6,"Eternal Feather":5,"The Courier":6,"VioletLotus":10,"TeardropLocket":5,"PureWater":0},{"Pear":29,"Golden Idol":21,"Eternal Feather":18,"The Courier":21,"VioletLotus":40,"TeardropLocket":18,"PureWater":0}]},"card_choices":[{"not_picked":["Worship","Prostrate"],"picked":"SandsOfTime","floor":1},{"not_picked":["JustLucky","Prostrate"],"picked":"Crescendo","floor":2},{"not_picked":["CutThroughFate","SashWhip"],"picked":"SandsOfTime","floor":3},{"not_picked":["FlyingSleeves","Evaluate"],"picked":"EmptyFist","floor":4},{"not_picked":["CutThroughFate","Brilliance"],"picked":"TalkToTheHand","floor":6},{"not_picked":["Protect","PathToVictory"],"picked":"TalkToTheHand","floor":10},{"not_picked":["SashWhip","ClearTheMind"],"picked":"Collect","floor":12},{"not_picked":["Consecrate","Protect"],"picked":"ThirdEye","floor":13},{"not_picked":["ClearTheMind","EmptyBody"],"picked":"Halt","floor":14},{"not_picked":["ConjureBlade","Alpha"],"picked":"Ragnarok","floor":16},{"not_picked":["FollowUp","FlurryOfBlows"],"picked":"Wireheading","floor":18}],"player_experience":1426735,"relics_obtained":[{"floor":6,"key":"TeardropLocket"},{"floor":9,"key":"Eternal Feather"},{"floor":10,"key":"The Courier"},{"floor":13,"key":"Pear"}],"event_choices":[{"damage_healed":0,"gold_gain":75,"player_choice":"Gather Gold","damage_taken":11,"max_hp_gain":0,"max_hp_loss":0,"event_name":"World of Goop","floor":7,"gold_loss":0},{"damage_healed":0,"gold_gain":0,"player_choice":"Lose Max HP","damage_taken":0,"relics_obtained":["Golden Idol"],"max_hp_gain":0,"max_hp_loss":8,"event_name":"Golden Idol","floor":11,"gold_loss":0}],"is_beta":false,"boss_relics":[{"not_picked":["Cursed Key","Velvet Choker"],"picked":"VioletLotus"}],"items_purged_floors":[5,19],"is_endless":false,"potions_floor_spawned":[1,2,6,13],"killed_by":"2 Thieves","ascension_level":20}}