{"host":"6gwm7y0tp7acoxay","time":1611129273,"event":{"mods":["BaseMod","Colored Map","Keyboard Shortcuts","Minty Spire (QoL Compilation)","Quick Restart","StSLib","SuperFastMode","everything is the same but u backflip on backflip"],"gold_per_floor":[114,191,191,191,191,191,222,253,300,300,324,365,409,65,65,155,155,179,179,179,200,221,261,297,336,336,369,369,393,393,417,417,513,513,534,534,459,359,23,54,85,123,146,190,190,229,229,254,254,254,254,254,254,30,63,63],"floor_reached":57,"language":"KOR","playtime":2407,"items_purged":["Flame Barrier","Burning Pact"],"score":3746,"play_id":"0a2cd29d-0c9a-4a1b-97c5-baffb23f506c","local_time":"20210120165433","daily_mods":["SealedDeck","Heirloom","Flight"],"is_ascension_mode":true,"campfire_choices":[{"data":"Armaments","floor":6,"key":"SMITH"},{"data":"Searing Blow","floor":10,"key":"SMITH"},{"floor":15,"key":"RECALL"},{"data":"Searing Blow+2","floor":30,"key":"SMITH"},{"data":"Searing Blow+3","floor":32,"key":"SMITH"},{"data":"Battle Trance","floor":47,"key":"PURGE"},{"data":"Double Tap","floor":49,"key":"PURGE"},{"data":"Exhume","floor":53,"key":"PURGE"}],"circlet_count":0,"master_deck":["AscendersBane","Searing Blow+4","Shrug It Off+1","Armaments+1","Evolve","Disarm+1","Uppercut","Disarm","Feel No Pain","Second Wind+1","Power Through","Battle Trance"],"relics":["Burning Blood","Charon\u0027s Ashes","Gremlin Horn","Golden Idol","Bird Faced Urn","Matryoshka","Omamori","War Paint","Mummified Hand","TungstenRod","Coffee Dripper","Pear","Champion Belt","Peace Pipe","Vajra","Anchor","Mercury Hourglass","Fusion Hammer","Incense Burner","Potion Belt","Nunchaku","Art of War","MealTicket","Pantograph","PreservedInsect","Bronze Scales","Blood Vial"],"acts_visited":["Exordium","TheCity","TheBeyond","TheEnding"],"potions_floor_usage":[8,8,16,23,50,55,56,56],"damage_taken":[{"damage":0,"enemies":"Cultist","floor":1,"turns":4},{"damage":2,"enemies":"Lagavulin","floor":7,"turns":10},{"damage":39,"enemies":"Gremlin Nob","floor":8,"turns":5},{"damage":0,"enemies":"Small Slimes","floor":11,"turns":3},{"damage":0,"enemies":"Lagavulin","floor":12,"turns":7},{"damage":0,"enemies":"3 Sentries","floor":13,"turns":5},{"damage":18,"enemies":"The Guardian","floor":16,"turns":13},{"damage":4,"enemies":"2 Thieves","floor":18,"turns":4},{"damage":1,"enemies":"Shell Parasite","floor":21,"turns":4},{"damage":0,"enemies":"Snecko","floor":22,"turns":5},{"damage":0,"enemies":"Slavers","floor":23,"turns":5},{"damage":0,"enemies":"Book of Stabbing","floor":24,"turns":6},{"damage":0,"enemies":"Gremlin Leader","floor":25,"turns":8},{"damage":19,"enemies":"Slavers","floor":27,"turns":4},{"damage":3,"enemies":"3 Cultists","floor":29,"turns":4},{"damage":4,"enemies":"Shelled Parasite and Fungi","floor":31,"turns":3},{"damage":0,"enemies":"Collector","floor":33,"turns":7},{"damage":0,"enemies":"Orb Walker","floor":35,"turns":2},{"damage":1,"enemies":"Nemesis","floor":40,"turns":5},{"damage":0,"enemies":"Giant Head","floor":41,"turns":8},{"damage":14,"enemies":"Reptomancer","floor":42,"turns":5},{"damage":0,"enemies":"Giant Head","floor":44,"turns":6},{"damage":20,"enemies":"Nemesis","floor":46,"turns":5},{"damage":0,"enemies":"3 Shapes","floor":48,"turns":3},{"damage":8,"enemies":"Awakened One","floor":50,"turns":10},{"damage":0,"enemies":"Donu and Deca","floor":51,"turns":8},{"damage":0,"enemies":"Shield and Spear","floor":55,"turns":6},{"damage":46,"enemies":"The Heart","floor":56,"turns":8}],"seed_played":"2700585847561879397","potions_obtained":[{"floor":1,"key":"EntropicBrew"},{"floor":7,"key":"Regen Potion"},{"floor":16,"key":"Fruit Juice"},{"floor":21,"key":"SneckoOil"},{"floor":23,"key":"Weak Potion"},{"floor":31,"key":"SpeedPotion"},{"floor":42,"key":"Weak Potion"},{"floor":46,"key":"FearPotion"}],"is_trial":true,"path_per_floor":["M","T","?","?","?","R","E","E","T","R","M","E","E","$","R","B",null,"M","?","?","M","M","E","E","E","T","E","?","M","R","M","R","B",null,"M","?","$","$","$","E","E","E","T","E","?","E","R","M","R","B","B",null,"R","$","E","B",null],"character_chosen":"IRONCLAD","items_purchased":["TungstenRod","Incense Burner","Bronze Scales","SkillPotion"],"campfire_rested":0,"item_purchase_floors":[14,39,54,54],"current_hp_per_floor":[74,74,79,51,56,56,60,41,41,41,51,63,75,75,75,74,82,85,85,85,85,85,95,95,95,95,82,82,89,89,93,93,95,95,95,90,90,90,90,90,90,82,82,90,90,76,76,86,86,90,90,90,90,90,90,50],"gold":63,"neow_bonus":"","is_daily":false,"chose_seed":false,"campfire_upgraded":4,"win_rate":0.0,"timestamp":1611129273,"path_taken":["M","?","?","?","?","R","E","E","T","R","?","E","E","?","R","BOSS","M","?","?","?","M","E","E","E","T","E","?","?","R","?","R","BOSS","M","?","$","$","$","E","E","E","T","E","?","E","R","?","R","BOSS","BOSS","R","$","E","BOSS"],"items_purchased_type":["Relic","Relic","Relic","Potion"],"build_version":"2020-12-22","purchased_purges":2,"victory":true,"max_hp_per_floor":[75,75,80,80,80,80,80,80,80,80,80,80,80,80,80,85,85,85,85,85,85,85,95,95,95,95,95,95,95,95,95,95,95,95,95,90,90,90,90,90,90,90,90,90,90,90,90,90,90,90,90,90,90,90,90,90],"card_choices":[{"not_picked":["Cleave","Clash"],"picked":"Disarm","floor":1},{"not_picked":["Wild Strike","Burning Pact","Armaments"],"picked":"SKIP","floor":7},{"not_picked":["Twin Strike","Hemokinesis"],"picked":"Battle Trance","floor":8},{"not_picked":["Dark Embrace","Shockwave"],"picked":"Feel No Pain","floor":11},{"not_picked":["True Grit","Uppercut","Headbutt"],"picked":"SKIP","floor":12},{"not_picked":["Iron Wave","Hemokinesis","Brutality"],"picked":"SKIP","floor":13},{"not_picked":["Immolate","Reaper"],"picked":"Exhume","floor":16},{"not_picked":["Evolve","Body Slam","Thunderclap"],"picked":"SKIP","floor":18},{"not_picked":["Havoc","Spot Weakness"],"picked":"Second Wind+1","floor":21},{"not_picked":["Twin Strike","Infernal Blade","Body Slam"],"picked":"SKIP","floor":22},{"not_picked":["Dropkick","Blood for Blood","Thunderclap"],"picked":"SKIP","floor":23},{"not_picked":["Body Slam","Shrug It Off+1","Limit Break"],"picked":"SKIP","floor":24},{"not_picked":["Flame Barrier+1","Armaments","Dropkick"],"picked":"SKIP","floor":25},{"not_picked":["Dual Wield","Shrug It Off","Sword Boomerang"],"picked":"SKIP","floor":27},{"not_picked":["Burning Pact","Disarm","Clothesline"],"picked":"SKIP","floor":29},{"not_picked":["Battle Trance","Spot Weakness"],"picked":"Power Through","floor":31},{"not_picked":["Corruption","Brutality"],"picked":"Double Tap","floor":33},{"not_picked":["Anger+1","Rage+1","Flame Barrier"],"picked":"SKIP","floor":35},{"not_picked":["Sentinel","Second Wind+1","Flex"],"picked":"SKIP","floor":40},{"not_picked":["Clothesline","Shrug It Off","Sentinel+1"],"picked":"SKIP","floor":41},{"not_picked":["Dark Embrace+1","Hemokinesis+1","Ghostly Armor"],"picked":"SKIP","floor":42},{"not_picked":["Wild Strike","Pummel","Anger+1"],"picked":"SKIP","floor":44},{"not_picked":["Battle Trance+1","Perfected Strike","Inflame"],"picked":"SKIP","floor":46},{"not_picked":["Heavy Blade","Anger"],"picked":"Battle Trance","floor":48},{"not_picked":["Combust+1","Disarm","Power Through"],"picked":"SKIP","floor":55}],"player_experience":4431271,"relics_obtained":[{"floor":2,"key":"Gremlin Horn"},{"floor":7,"key":"Bird Faced Urn"},{"floor":8,"key":"Matryoshka"},{"floor":9,"key":"Omamori"},{"floor":9,"key":"War Paint"},{"floor":13,"key":"Mummified Hand"},{"floor":23,"key":"Pear"},{"floor":24,"key":"Champion Belt"},{"floor":25,"key":"Peace Pipe"},{"floor":26,"key":"Vajra"},{"floor":27,"key":"Anchor"},{"floor":40,"key":"Potion Belt"},{"floor":41,"key":"Nunchaku"},{"floor":42,"key":"Art of War"},{"floor":43,"key":"MealTicket"},{"floor":44,"key":"Pantograph"},{"floor":46,"key":"PreservedInsect"},{"floor":55,"key":"Blood Vial"}],"event_choices":[{"damage_healed":0,"gold_gain":0,"player_choice":"Donut","damage_taken":0,"max_hp_gain":5,"max_hp_loss":0,"event_name":"Big Fish","floor":3,"gold_loss":0},{"damage_healed":0,"gold_gain":0,"player_choice":"Take Damage","damage_taken":28,"relics_obtained":["Golden Idol"],"max_hp_gain":0,"max_hp_loss":0,"event_name":"Golden Idol","floor":4,"gold_loss":0},{"cards_removed":["Sword Boomerang"],"damage_healed":5,"gold_gain":0,"player_choice":"Offered Common","damage_taken":0,"max_hp_gain":0,"max_hp_loss":0,"event_name":"Bonfire Elementals","floor":5,"gold_loss":0},{"cards_removed":["Sword Boomerang"],"damage_healed":5,"gold_gain":0,"player_choice":"Offered Special","damage_taken":0,"max_hp_gain":0,"max_hp_loss":0,"event_name":"Bonfire Elementals","floor":5,"gold_loss":0},{"cards_removed":["Inflame"],"damage_healed":0,"gold_gain":0,"player_choice":"Elegance","damage_taken":0,"max_hp_gain":0,"max_hp_loss":0,"event_name":"Back to Basics","floor":19,"gold_loss":0},{"damage_healed":0,"gold_gain":0,"player_choice":"Upgraded","damage_taken":0,"max_hp_gain":0,"max_hp_loss":0,"event_name":"Upgrade Shrine","floor":20,"gold_loss":0,"cards_upgraded":["Searing Blow"]},{"damage_healed":0,"gold_gain":0,"player_choice":"Gave Potion","damage_taken":0,"relics_obtained":["Mercury Hourglass"],"max_hp_gain":0,"max_hp_loss":0,"event_name":"WeMeetAgain","floor":28,"gold_loss":0},{"damage_healed":0,"gold_gain":0,"player_choice":"Max HP","damage_taken":0,"max_hp_gain":0,"max_hp_loss":5,"event_name":"Winding Halls","floor":36,"gold_loss":0},{"damage_healed":0,"gold_gain":0,"player_choice":"Ignored","damage_taken":0,"max_hp_gain":0,"max_hp_loss":0,"event_name":"Tomb of Lord Red Mask","floor":45,"gold_loss":0}],"is_beta":false,"boss_relics":[{"not_picked":["Philosopher\u0027s Stone","Calling Bell"],"picked":"Coffee Dripper"},{"not_picked":["Sozu","Astrolabe"],"picked":"Fusion Hammer"}],"items_purged_floors":[37,38],"is_endless":false,"potions_floor_spawned":[1,7,16,21,23,25,31,35,42,46],"ascension_level":20}}