{"host":"eejrqhjknvwl59ep","time":1611180580,"event":{"mods":["AchievementEnabler","BaseMod","Defuse TimeMaze Blight","Hubris","Infinite Spire","Minty Spire (QoL Compilation)","StSLib"],"gold_per_floor":[114,129,129,129,149,176,186,186,186,204,218,228,228,245,245,346,346,364,374,374,374,374,374,408,408,408,420,420,420],"floor_reached":28,"language":"ENG","playtime":1544,"items_purged":["Strike_P"],"score":267,"play_id":"57e8a310-7a65-4e16-a469-49f049932b68","local_time":"20210120230940","is_ascension_mode":false,"campfire_choices":[{"data":"Eruption","floor":8,"key":"SMITH"},{"floor":13,"key":"REST"},{"data":"Study","floor":15,"key":"SMITH"},{"data":"Evaluate","floor":23,"key":"SMITH"},{"data":"Omniscience","floor":25,"key":"SMITH"}],"circlet_count":0,"master_deck":["Strike_P","Defend_P","Defend_P","Defend_P","Defend_P","Eruption+1","Vigilance","EmptyFist","TalkToTheHand","CutThroughFate","Adaptation","PathToVictory","Study+1","CutThroughFate","Omniscience+1","Evaluate+1","BattleHymn","infinitespire:NeuralNetwork"],"relics":["PureWater","NeowsBlessing","InkBottle","Mercury Hourglass","hubris:GrandSneckoEye","hubris:BottledHeart","hubris:TerracottaHorce","hubris:Reverence","Matryoshka"],"acts_visited":["Exordium","TheCity"],"potions_floor_usage":[16,16],"damage_taken":[{"damage":0,"enemies":"Jaw Worm","floor":1,"turns":1},{"damage":0,"enemies":"Cultist","floor":2,"turns":1},{"damage":0,"enemies":"2 Louse","floor":5,"turns":1},{"damage":23,"enemies":"3 Sentries","floor":6,"turns":7},{"damage":5,"enemies":"Blue Slaver","floor":7,"turns":5},{"damage":9,"enemies":"3 Louse","floor":10,"turns":3},{"damage":6,"enemies":"Exordium Wildlife","floor":11,"turns":3},{"damage":7,"enemies":"Blue Slaver","floor":12,"turns":2},{"damage":0,"enemies":"3 Louse","floor":14,"turns":2},{"damage":6,"enemies":"Hexaghost","floor":16,"turns":8},{"damage":8,"enemies":"2 Thieves","floor":18,"turns":3},{"damage":10,"enemies":"Shell Parasite","floor":19,"turns":2},{"damage":0,"enemies":"Gremlin Leader","floor":24,"turns":5},{"damage":0,"enemies":"3 Cultists","floor":27,"turns":3},{"damage":1,"enemies":"Slavers","floor":28,"turns":4}],"seed_played":"-679440454109016425","potions_obtained":[{"floor":2,"key":"PowerPotion"},{"floor":7,"key":"GamblersBrew"},{"floor":11,"key":"Swift Potion"},{"floor":16,"key":"Dexterity Potion"},{"floor":19,"key":"SkillPotion"},{"floor":24,"key":"Dexterity Potion"}],"is_trial":false,"path_per_floor":["M","M","$","?","M","E","M","R","T","M","M","M","R","M","R","B",null,"M","M","?","AVR","?","R","E","R","T","M","E"],"character_chosen":"WATCHER","items_purchased":[],"campfire_rested":1,"item_purchase_floors":[],"current_hp_per_floor":[72,72,72,72,72,49,44,44,44,35,29,22,43,43,43,37,72,64,54,1,1,1,1,1,1,1,1,0,0],"gold":420,"neow_bonus":"THREE_ENEMY_KILL","is_daily":false,"chose_seed":false,"campfire_upgraded":4,"win_rate":0.0,"timestamp":1611180580,"path_taken":["M","M","$","?","M","E","M","R","T","M","?","M","R","M","R","BOSS","M","M","?","AVR","?","R","E","R","T","?","E"],"items_purchased_type":[],"build_version":"2020-12-22","purchased_purges":1,"victory":false,"max_hp_per_floor":[72,72,72,72,72,72,72,72,72,72,72,72,72,72,72,72,72,72,72,1,1,1,1,1,1,1,1,1,1],"card_choices":[{"not_picked":["ThirdEye","ClearTheMind"],"picked":"EmptyFist","floor":1},{"not_picked":["ClearTheMind","EmptyBody"],"picked":"TalkToTheHand","floor":2},{"not_picked":["JustLucky","ThirdEye"],"picked":"CutThroughFate","floor":5},{"not_picked":["ThirdEye","Judgement"],"picked":"Adaptation","floor":6},{"not_picked":["Sanctity","ThirdEye"],"picked":"PathToVictory","floor":7},{"not_picked":["EmptyMind","SashWhip","Halt"],"picked":"SKIP","floor":10},{"not_picked":["Fasting2","FollowUp"],"picked":"Study","floor":11},{"not_picked":["CrushJoints","Crescendo","Sanctity"],"picked":"SKIP","floor":12},{"not_picked":["Protect","ClearTheMind"],"picked":"CutThroughFate","floor":14},{"not_picked":["Judgement","DeusExMachina"],"picked":"Omniscience","floor":16},{"not_picked":["CutThroughFate+1","FlurryOfBlows"],"picked":"Evaluate","floor":18},{"not_picked":["Worship","EmptyFist"],"picked":"BattleHymn","floor":19},{"not_picked":["EmptyFist","Evaluate","EmptyMind"],"picked":"SKIP","floor":24},{"not_picked":["Vengeance","Halt+1","ForeignInfluence"],"picked":"SKIP","floor":27}],"player_experience":251360,"relics_obtained":[{"floor":6,"key":"InkBottle"},{"floor":9,"key":"Mercury Hourglass"},{"floor":24,"key":"hubris:Reverence"},{"floor":26,"key":"Matryoshka"}],"event_choices":[{"cards_removed":["Strike_P"],"damage_healed":0,"gold_gain":0,"player_choice":"Purged","damage_taken":0,"max_hp_gain":0,"max_hp_loss":0,"event_name":"Purifier","floor":4,"gold_loss":0},{"cards_removed":["Strike_P"],"damage_healed":0,"gold_gain":0,"player_choice":"Offered Basic","damage_taken":0,"max_hp_gain":0,"max_hp_loss":0,"event_name":"Bonfire Elementals","floor":22,"gold_loss":0}],"is_beta":false,"boss_relics":[{"not_picked":["Snecko Eye","Fusion Hammer"],"picked":"hubris:GrandSneckoEye"}],"items_purged_floors":[21],"is_endless":false,"potions_floor_spawned":[2,7,11,14,16,19,24],"killed_by":"Slavers","ascension_level":0}}