{"host":"njb27ds59h4j3ikk","time":1611164003,"event":{"mods":["AchievementEnabler","BaseMod","Better Altar","Better Match","Better Note","Better Sensory Stone","Better Skull","Better Third Choice","BetterRewards","Downfall","Hermit","Hubris","Minty Spire (QoL Compilation)","Permanent Neow","Quarter Circle Forward PUNCH!","Quick Restart","Rare Cards Sparkle","Shop Mod","StSLib","Trackpad","Transform Curses"],"gold_per_floor":[99,116,133,147,157,185,231,231,331,331,347,402,302,315,329,433,433,433,447,17,17,29,29,29,29],"floor_reached":23,"language":"ENG","playtime":1192,"items_purged":[],"score":203,"play_id":"c705abf0-5fb8-4c4a-ab08-b83b26e7766e","local_time":"20210120123323","is_ascension_mode":true,"campfire_choices":[{"data":"Slimebound:OozeBath","floor":1.0,"key":"SMITH"},{"floor":13.0,"key":"REST"},{"data":"Slimebound:LeadByExample","floor":18.0,"key":"SMITH"}],"circlet_count":0,"master_deck":["Slimebound:Strike_Slimebound","Slimebound:Strike_Slimebound","Slimebound:Tackle","Slimebound:Defend_Slimebound","Slimebound:Defend_Slimebound","Slimebound:Defend_Slimebound","Slimebound:Defend_Slimebound","Slimebound:Split","Slimebound:CorrosiveSpit","Slimebound:OozeBath+1","Slimebound:PressTheAttack","Slimebound:Recollect","Slimebound:HauntingLick","Slimebound:GoopSpray","Slimebound:AcidTongue+1","Slimebound:LeadByExample+1","Slimebound:RollThrough","Slimebound:SamplingLick","Slimebound:GoopTackle","Slimebound:MassFeed","Slimebound:LeadByExample+1","Slimebound:BestDefense","Slimebound:Schlurp","Slimebound:LeechingTouch"],"relics":["Slimebound:AbsorbEndCombat","Question Card","qcfpunch:Black_Training_Shirt","downfall:HeartBlessingGreen","Busted Crown","Slimebound:SelfDamagePreventRelic","MerchantsRug"],"acts_visited":["Exordium","TheCity"],"potions_floor_usage":[23],"damage_taken":[{"damage":14.0,"enemies":"Jaw Worm","floor":2.0,"turns":2.0},{"damage":5.0,"enemies":"Small Slimes","floor":3.0,"turns":3.0},{"damage":9.0,"enemies":"2 Louse","floor":4.0,"turns":2.0},{"damage":13.0,"enemies":"Large Slime","floor":5.0,"turns":4.0},{"damage":14.0,"enemies":"Lagavulin","floor":6.0,"turns":6.0},{"damage":8.0,"enemies":"Lots of Slimes","floor":11.0,"turns":3.0},{"damage":11.0,"enemies":"Gremlin Nob","floor":12.0,"turns":3.0},{"damage":0.0,"enemies":"3 Louse","floor":14.0,"turns":4.0},{"damage":9.0,"enemies":"2 Fungi Beasts","floor":15.0,"turns":3.0},{"damage":23.0,"enemies":"IC_STATUS_ARCHETYPE","floor":16.0,"turns":7.0},{"damage":0.0,"enemies":"Chosen","floor":19.0,"turns":4.0},{"damage":7.0,"enemies":"downfall:FleeingMerchant","floor":20.0,"turns":4.0},{"damage":40.0,"enemies":"Shelled Parasite and Fungi","floor":22.0,"turns":5.0},{"damage":46,"enemies":"Gremlin Leader","floor":23,"turns":4}],"seed_played":"126542414726603754","potions_obtained":[{"floor":3.0,"key":"hexamod:SoulburnPotion"},{"floor":5.0,"key":"Slimebound:ThreeZeroPotion"},{"floor":6.0,"key":"hexamod:SoulburnPotion"},{"floor":11.0,"key":"GamblersBrew"},{"floor":16.0,"key":"Strength Potion"}],"is_trial":false,"path_per_floor":["R","M","M","M","M","E","T","?","?","?","M","?","R","M","M","B",null,"R","M","$","?","M","E"],"character_chosen":"SLIMEBOUND","items_purchased":["Slimebound:SelfDamagePreventRelic","Fruit Juice","MerchantsRug","Slimebound:Schlurp"],"campfire_rested":1,"item_purchase_floors":[20,20,20,20],"current_hp_per_floor":[59,47,48,41,30,24,31,31,31,31,29,20,39,47,44,29,66,66,66,66,70,35,0,0,0],"gold":29,"neow_bonus":"THREE_RARE_CARDS","is_daily":false,"chose_seed":false,"campfire_upgraded":2,"win_rate":0.0,"timestamp":1611164003,"path_taken":["R","M","M","M","M","E","T","?","?","?","?","?","R","M","M","BOSS","R","M","$","?","M","E"],"items_purchased_type":["Relic","Potion","Relic","Card"],"build_version":"2020-12-22","purchased_purges":0,"victory":false,"max_hp_per_floor":[59,59,59,59,59,59,66,66,66,66,66,66,66,66,66,66,66,66,66,71,71,71,71,71,71],"card_choices":[{"not_picked":["Slimebound:Overexert","Slimebound:TagTeam"],"picked":"Slimebound:OozeBath","floor":0.0},{"not_picked":["Slimebound:SamplingLick","Slimebound:SlimeSpikes"],"picked":"Slimebound:PressTheAttack","floor":2.0},{"not_picked":["Slimebound:FlameTackle","Slimebound:GoopTackle"],"picked":"Slimebound:Recollect","floor":3.0},{"not_picked":["Slimebound:SplitLeeching","Slimebound:FinishingTackle"],"picked":"Slimebound:HauntingLick","floor":4.0},{"not_picked":["Slimebound:Equalize","Slimebound:Repurpose"],"picked":"Slimebound:GoopSpray","floor":5.0},{"not_picked":["Slimebound:Prepare","Slimebound:GrowthPunch"],"picked":"Slimebound:AcidTongue","floor":6.0},{"not_picked":["Slimebound:Chomp","Slimebound:HungryTackle","Slimebound:SplitAcid"],"picked":"Slimebound:LeadByExample","floor":11.0},{"not_picked":["Slimebound:HungryTackle","Slimebound:Gluttony","Slimebound:ProtectTheBoss"],"picked":"Slimebound:RollThrough","floor":12.0},{"not_picked":["Slimebound:ItLooksTasty","Slimebound:AcidTongue","Slimebound:SlimeBrawl"],"picked":"Slimebound:SamplingLick","floor":14.0},{"not_picked":["Slimebound:ViciousTackle","Slimebound:RollThrough","Slimebound:TongueLash"],"picked":"Slimebound:GoopTackle","floor":15.0},{"not_picked":["Slimebound:CheckThePlaybook","Slimebound:RallyTheTroops","Slimebound:TagTeam"],"picked":"Slimebound:MassFeed","floor":16.0},{"not_picked":["Slimebound:ViciousTackle"],"picked":"Slimebound:LeadByExample+1","floor":19.0},{"not_picked":["Slimebound:FinishingTackle"],"picked":"Slimebound:BestDefense","floor":20.0},{"not_picked":["Slimebound:FormOfPuddle"],"picked":"Slimebound:LeechingTouch","floor":22.0}],"player_experience":1264672,"relics_obtained":[{"floor":6.0,"key":"Question Card"},{"floor":7.0,"key":"Strawberry"},{"floor":12.0,"key":"qcfpunch:Black_Training_Shirt"}],"event_choices":[{"damage_healed":0.0,"max_hp_gain":0.0,"max_hp_loss":0.0,"gold_gain":0.0,"event_name":"Living Wall","player_choice":"Grow","floor":8.0,"gold_loss":0.0,"damage_taken":0.0,"cards_upgraded":["Slimebound:AcidTongue"]},{"damage_healed":4.0,"max_hp_gain":0.0,"max_hp_loss":0.0,"gold_gain":0.0,"event_name":"betterSkull:BetterSkull","player_choice":"LEAVE ","floor":21.0,"gold_loss":0.0,"damage_taken":0.0,"cards_upgraded":[],"relics_obtained":[]}],"is_beta":false,"boss_relics":[{"not_picked":["qcfpunch:Dark_Gi","Sozu"],"picked":"Busted Crown"}],"items_purged_floors":[],"is_endless":false,"potions_floor_spawned":[3,5,6,11,16],"killed_by":"Gremlin Leader","ascension_level":1}}