{"host":"oigynbtg272c19pw","time":1611176231,"event":{"mods":["BaseMod","Colored Map","Minty Spire (QoL Compilation)","Relic Stats","Slay the Relics Exporter","StSLib"],"gold_per_floor":[109,34,54,54,65,90,100,130,154,154,176,209,209,220,220,294,294,313,313,313,323,343,374,374,404,404,429,442,453,453,473,473,550,550,566,566,566,580,598,598,629,629,629,629,70,0,15,41,41,41,41],"floor_reached":50,"playtime":2828,"items_purged":["Pain"],"score":1335,"play_id":"cc07c5df-2798-4004-81e2-6a8116c07a9f","local_time":"20210120215711","is_ascension_mode":true,"campfire_choices":[{"data":"Apotheosis","floor":10.0,"key":"SMITH"},{"floor":13.0,"key":"REST"},{"floor":15.0,"key":"REST"},{"floor":24.0,"key":"REST"},{"floor":30.0,"key":"REST"},{"floor":32.0,"key":"REST"},{"data":"Ghostly","floor":40.0,"key":"SMITH"},{"floor":42.0,"key":"REST"},{"floor":44.0,"key":"RECALL"},{"floor":49.0,"key":"REST"}],"circlet_count":0,"master_deck":["AscendersBane","Strike_B","Strike_B","Defend_B","Defend_B","Defend_B","Defend_B","Zap","Dualcast","Apotheosis+1","Tempest","Reinforced Body","Sweeping Beam","Go for the Eyes","Aggregate","Storm","Chaos","Cold Snap","Skim","Electrodynamics","Conserve Battery","Ghostly+1","Ghostly","Ghostly","Steam+1","White Noise+1","Leap","Loop","Injury","Sunder","Double Energy","Undo+1","Turbo","Biased Cognition","Rebound","Writhe","Static Discharge+1","Static Discharge","Stack","Core Surge"],"relics":["Cracked Core","Potion Belt","Oddly Smooth Stone","Pen Nib","Odd Mushroom","Nunchaku","Cursed Key","Bronze Scales","Blood Vial","Blue Candle","Busted Crown","Vajra","Question Card","Chemical X","MealTicket","Red Mask","Mummified Hand"],"acts_visited":["Exordium","TheCity","TheBeyond"],"potions_floor_usage":[50,50,50],"damage_taken":[{"damage":5.0,"enemies":"2 Louse","floor":1.0,"turns":3.0},{"damage":4.0,"enemies":"Jaw Worm","floor":3.0,"turns":4.0},{"damage":0.0,"enemies":"Small Slimes","floor":5.0,"turns":4.0},{"damage":29.0,"enemies":"Gremlin Nob","floor":6.0,"turns":4.0},{"damage":0.0,"enemies":"3 Louse","floor":7.0,"turns":4.0},{"damage":0.0,"enemies":"Lagavulin","floor":8.0,"turns":7.0},{"damage":13.0,"enemies":"The Mushroom Lair","floor":11.0,"turns":4.0},{"damage":5.0,"enemies":"Gremlin Nob","floor":12.0,"turns":3.0},{"damage":3.0,"enemies":"Blue Slaver","floor":14.0,"turns":3.0},{"damage":26.0,"enemies":"Hexaghost","floor":16.0,"turns":9.0},{"damage":12.0,"enemies":"Spheric Guardian","floor":18.0,"turns":4.0},{"damage":8.0,"enemies":"Chosen","floor":21.0,"turns":5.0},{"damage":0.0,"enemies":"Centurion and Healer","floor":22.0,"turns":6.0},{"damage":3.0,"enemies":"Slavers","floor":23.0,"turns":2.0},{"damage":5.0,"enemies":"Book of Stabbing","floor":25.0,"turns":5.0},{"damage":18.0,"enemies":"Slavers","floor":27.0,"turns":6.0},{"damage":0.0,"enemies":"Snake Plant","floor":28.0,"turns":4.0},{"damage":11.0,"enemies":"Sentry and Sphere","floor":29.0,"turns":4.0},{"damage":0.0,"enemies":"Chosen and Byrds","floor":31.0,"turns":4.0},{"damage":10.0,"enemies":"Champ","floor":33.0,"turns":22.0},{"damage":9.0,"enemies":"3 Shapes","floor":35.0,"turns":3.0},{"damage":0.0,"enemies":"Orb Walker","floor":38.0,"turns":3.0},{"damage":2.0,"enemies":"Writhing Mass","floor":39.0,"turns":6.0},{"damage":14.0,"enemies":"Nemesis","floor":41.0,"turns":7.0},{"damage":10.0,"enemies":"Maw","floor":47.0,"turns":6.0},{"damage":0.0,"enemies":"Reptomancer","floor":48.0,"turns":7.0},{"damage":46,"enemies":"Time Eater","floor":50,"turns":7}],"seed_played":"-3295977463998980181","potions_obtained":[{"floor":1.0,"key":"PotionOfCapacity"},{"floor":3.0,"key":"SkillPotion"},{"floor":6.0,"key":"FocusPotion"},{"floor":7.0,"key":"GamblersBrew"},{"floor":21.0,"key":"PotionOfCapacity"},{"floor":22.0,"key":"SteroidPotion"},{"floor":23.0,"key":"Energy Potion"},{"floor":25.0,"key":"PowerPotion"},{"floor":35.0,"key":"BlessingOfTheForge"},{"floor":38.0,"key":"DistilledChaos"}],"is_trial":false,"path_per_floor":["M","?","M","?","M","E","M","E","T","R","?","E","R","M","R","B",null,"M","?","?","M","M","E","R","E","T","E","M","M","R","M","R","B",null,"M","?","?","M","M","R","E","R","T","R","$","?","M","E","R","B"],"character_chosen":"DEFECT","items_purchased":["Chemical X","MealTicket","Static Discharge","DistilledChaos"],"campfire_rested":7,"item_purchase_floors":[45,45,45,45],"current_hp_per_floor":[59,59,55,55,55,26,26,26,26,26,13,8,29,26,47,21,59,47,35,35,27,27,24,34,29,29,13,15,6,16,18,28,20,31,24,24,31,33,33,33,21,31,31,31,31,31,23,25,35,0,0],"gold":41,"neow_bonus":"RANDOM_COLORLESS_2","is_daily":false,"chose_seed":false,"campfire_upgraded":2,"win_rate":0.0,"timestamp":1611176231,"path_taken":["M","?","M","?","M","E","M","E","T","R","?","E","R","M","R","BOSS","M","?","?","M","M","E","R","E","T","E","M","?","R","M","R","BOSS","M","?","?","M","M","R","E","R","T","R","$","?","?","E","R","BOSS"],"items_purchased_type":["Relic","Relic","Card","Potion"],"build_version":"2020-12-13","purchased_purges":1,"victory":false,"max_hp_per_floor":[71,71,71,71,71,71,71,71,71,71,71,71,71,71,71,71,71,71,35,35,35,35,35,35,35,35,35,35,35,35,35,35,35,35,35,35,35,35,35,35,35,35,35,35,35,35,35,35,35,35,35],"relic_stats":{"counters":[27,144],"Blue Candle":[1],"Pen Nib":[11],"Cursed Key":2,"Question Card":2,"Blood Vial":22,"Nunchaku":[11],"Busted Crown":12,"Mummified Hand":[8],"Bronze Scales":[254],"MealTicket":0,"Chemical X":[5],"obtain_stats":[{"Potion Belt":6,"Blue Candle":27,"Oddly Smooth Stone":8,"Vajra":41,"Pen Nib":9,"Odd Mushroom":11,"Cursed Key":17,"Question Card":43,"Blood Vial":25,"Nunchaku":12,"Busted Crown":34,"Mummified Hand":48,"Bronze Scales":23,"MealTicket":45,"Red Mask":46,"Chemical X":45,"Cracked Core":0},{"Potion Belt":4,"Blue Candle":16,"Oddly Smooth Stone":6,"Vajra":24,"Pen Nib":6,"Odd Mushroom":7,"Cursed Key":10,"Question Card":24,"Blood Vial":15,"Nunchaku":8,"Busted Crown":20,"Mummified Hand":26,"Bronze Scales":14,"MealTicket":24,"Red Mask":24,"Chemical X":24,"Cracked Core":0},{"Potion Belt":15,"Blue Candle":72,"Oddly Smooth Stone":26,"Vajra":124,"Pen Nib":26,"Odd Mushroom":30,"Cursed Key":45,"Question Card":124,"Blood Vial":67,"Nunchaku":33,"Busted Crown":105,"Mummified Hand":137,"Bronze Scales":62,"MealTicket":124,"Red Mask":124,"Chemical X":124,"Cracked Core":0}]},"card_choices":[{"not_picked":["Magnetism","Panache"],"picked":"Apotheosis","floor":0.0},{"not_picked":["Barrage","Doom and Gloom"],"picked":"Tempest","floor":1.0},{"not_picked":["Stack","Rebound"],"picked":"Reinforced Body","floor":3.0},{"not_picked":["Turbo","Stack"],"picked":"Sweeping Beam","floor":5.0},{"not_picked":["Hello World","Sweeping Beam"],"picked":"Go for the Eyes","floor":6.0},{"not_picked":["Hologram","Leap"],"picked":"Aggregate","floor":7.0},{"not_picked":["Barrage","Redo"],"picked":"Storm","floor":8.0},{"not_picked":["Cold Snap","Rebound"],"picked":"Chaos","floor":11.0},{"not_picked":["Force Field","Blizzard"],"picked":"Cold Snap","floor":12.0},{"not_picked":["Redo","Darkness"],"picked":"Skim","floor":14.0},{"not_picked":["Seek","Creative AI"],"picked":"Electrodynamics","floor":16.0},{"not_picked":["Consume","Steam"],"picked":"Conserve Battery","floor":18.0},{"not_picked":["Tempest","Storm"],"picked":"Steam+1","floor":21.0},{"not_picked":["Skim","Cold Snap"],"picked":"White Noise+1","floor":22.0},{"not_picked":["Gash","Conserve Battery"],"picked":"Leap","floor":23.0},{"not_picked":["Ball Lightning","Reprogram"],"picked":"Loop","floor":25.0},{"not_picked":["BootSequence","Gash"],"picked":"Sunder","floor":27.0},{"not_picked":["Turbo","Stack"],"picked":"Double Energy","floor":28.0},{"not_picked":["Streamline","Beam Cell"],"picked":"Undo+1","floor":29.0},{"not_picked":["Machine Learning","Genetic Algorithm"],"picked":"Turbo","floor":31.0},{"not_picked":["Fission","Rainbow"],"picked":"Biased Cognition","floor":33.0},{"not_picked":[],"picked":"Rebound","floor":35.0},{"not_picked":["Ball Lightning"],"picked":"SKIP","floor":38.0},{"not_picked":["Steam"],"picked":"SKIP","floor":39.0},{"not_picked":[],"picked":"Static Discharge+1","floor":41.0},{"not_picked":["Beam Cell"],"picked":"Stack","floor":47.0},{"not_picked":["Hyperbeam"],"picked":"Core Surge","floor":48.0}],"player_experience":1452900,"relics_obtained":[{"floor":6.0,"key":"Potion Belt"},{"floor":8.0,"key":"Oddly Smooth Stone"},{"floor":9.0,"key":"Pen Nib"},{"floor":11.0,"key":"Odd Mushroom"},{"floor":12.0,"key":"Nunchaku"},{"floor":23.0,"key":"Bronze Scales"},{"floor":25.0,"key":"Blood Vial"},{"floor":27.0,"key":"Blue Candle"},{"floor":41.0,"key":"Vajra"},{"floor":43.0,"key":"Question Card"},{"floor":48.0,"key":"Mummified Hand"}],"event_choices":[{"cards_removed":["Regret"],"damage_healed":0.0,"max_hp_gain":0.0,"max_hp_loss":0.0,"gold_gain":0.0,"event_name":"The Cleric","player_choice":"Card Removal","floor":2.0,"gold_loss":75.0,"damage_taken":0.0},{"damage_healed":0.0,"max_hp_gain":0.0,"max_hp_loss":0.0,"gold_gain":0.0,"event_name":"Liars Game","player_choice":"Ignored","floor":4.0,"gold_loss":0.0,"damage_taken":0.0},{"damage_healed":0.0,"max_hp_gain":0.0,"max_hp_loss":0.0,"gold_gain":0.0,"event_name":"Mushrooms","player_choice":"Fought Mushrooms","floor":11.0,"gold_loss":0.0,"damage_taken":0.0},{"damage_healed":0.0,"max_hp_gain":0.0,"max_hp_loss":36.0,"gold_gain":0.0,"event_name":"Ghosts","player_choice":"Became a Ghost","floor":19.0,"gold_loss":0.0,"damage_taken":0.0,"cards_obtained":["Ghostly","Ghostly","Ghostly"]},{"cards_removed":["Strike_B"],"damage_healed":0.0,"max_hp_gain":0.0,"max_hp_loss":0.0,"gold_gain":0.0,"event_name":"Purifier","player_choice":"Purged","floor":20.0,"gold_loss":0.0,"damage_taken":0.0},{"cards_removed":["Strike_B"],"damage_healed":0.0,"max_hp_gain":0.0,"max_hp_loss":0.0,"gold_gain":0.0,"event_name":"Falling","player_choice":"Removed Attack","floor":36.0,"gold_loss":0.0,"damage_taken":0.0},{"damage_healed":7.0,"max_hp_gain":0.0,"max_hp_loss":0.0,"gold_gain":0.0,"event_name":"Winding Halls","player_choice":"Writhe","floor":37.0,"gold_loss":0.0,"damage_taken":0.0,"cards_obtained":["Writhe"]},{"damage_healed":0.0,"max_hp_gain":0.0,"max_hp_loss":0.0,"gold_gain":0.0,"event_name":"Tomb of Lord Red Mask","player_choice":"Paid","floor":46.0,"gold_loss":70.0,"damage_taken":0.0,"relics_obtained":["Red Mask"]}],"is_beta":false,"boss_relics":[{"not_picked":["Ectoplasm","Sozu"],"picked":"Cursed Key"},{"not_picked":["Fusion Hammer","Runic Pyramid"],"picked":"Busted Crown"}],"items_purged_floors":[45],"is_endless":false,"potions_floor_spawned":[1,3,6,7,21,22,23,25,35,38,39],"killed_by":"Time Eater","ascension_level":20}}