{"host":"x205naxbihvu3p76","time":1611121760,"event":{"mods":["AchievementEnabler","BaseMod","Minty Spire (QoL Compilation)","StSLib","SuperFastMode"],"gold_per_floor":[112,129,142,153,166,166,166,210,210,107,107,128,128,28,28,121,121,142,142,158,158,158],"floor_reached":21,"language":"KOR","playtime":420,"items_purged":["Strike_B","Strike_B"],"score":362,"play_id":"309f7719-b565-41c5-8b47-d3a06f5db8bc","local_time":"20210120144920","is_ascension_mode":true,"campfire_choices":[{"floor":6,"key":"REST"},{"floor":11,"key":"REST"},{"floor":15,"key":"REST"}],"circlet_count":0,"master_deck":["AscendersBane","Strike_B","Defend_B","Defend_B","Defend_B","Dualcast","Electrodynamics","Go for the Eyes","Capacitor","Leap","Consume","Conserve Battery","Defragment","Reboot","Genetic Algorithm+1","All For One+1","Chaos+1","Turbo"],"relics":["Cracked Core","Golden Idol","Dream Catcher","Mercury Hourglass","Astrolabe"],"acts_visited":["Exordium","TheCity"],"potions_floor_usage":[8,16,21],"damage_taken":[{"damage":13,"enemies":"Small Slimes","floor":1,"turns":2},{"damage":5,"enemies":"2 Louse","floor":2,"turns":3},{"damage":12,"enemies":"Jaw Worm","floor":3,"turns":3},{"damage":4,"enemies":"Looter","floor":4,"turns":3},{"damage":9,"enemies":"Red Slaver","floor":5,"turns":3},{"damage":28,"enemies":"3 Sentries","floor":8,"turns":5},{"damage":11,"enemies":"3 Louse","floor":12,"turns":2},{"damage":28,"enemies":"Slime Boss","floor":16,"turns":7},{"damage":18,"enemies":"Chosen","floor":18,"turns":6},{"damage":21,"enemies":"Shell Parasite","floor":20,"turns":7},{"damage":8,"enemies":"Cultist and Chosen","floor":21,"turns":3}],"seed_played":"733870793138601663","potions_obtained":[{"floor":4,"key":"Weak Potion"},{"floor":5,"key":"EssenceOfSteel"},{"floor":12,"key":"PotionOfCapacity"},{"floor":18,"key":"Dexterity Potion"}],"is_trial":false,"path_per_floor":["M","M","M","M","M","R","?","E","T","$","R","M","?","$","R","B",null,"M","?","M","M"],"character_chosen":"DEFECT","items_purchased":["Leap"],"campfire_rested":3,"item_purchase_floors":[10],"current_hp_per_floor":[51,46,34,30,21,40,40,12,12,12,29,18,18,18,35,7,45,27,27,6,0,0],"gold":158,"neow_bonus":"THREE_RARE_CARDS","is_daily":false,"chose_seed":false,"campfire_upgraded":0,"win_rate":0.0,"timestamp":1611121760,"path_taken":["M","M","M","M","M","R","?","E","T","$","R","M","?","$","R","BOSS","M","?","M","M"],"items_purchased_type":["Card"],"build_version":"2020-12-22","purchased_purges":2,"victory":false,"max_hp_per_floor":[64,64,64,64,64,64,58,58,58,58,58,58,58,58,58,58,58,58,58,58,58,58],"card_choices":[{"not_picked":["Thunder Strike","Core Surge"],"picked":"Electrodynamics","floor":0},{"not_picked":["Sweeping Beam","Coolheaded","Rip and Tear"],"picked":"SKIP","floor":1},{"not_picked":["Gash","Hologram"],"picked":"Go for the Eyes","floor":2},{"not_picked":["Streamline","Steam Power","Beam Cell"],"picked":"SKIP","floor":3},{"not_picked":["Coolheaded","Fission","Go for the Eyes"],"picked":"SKIP","floor":4},{"not_picked":["Streamline","Redo"],"picked":"Capacitor","floor":5},{"not_picked":["Recycle","Static Discharge","Rebound"],"picked":"SKIP","floor":8},{"not_picked":["Steam","Coolheaded"],"picked":"Consume","floor":11},{"not_picked":["Auto Shields","Rebound"],"picked":"Conserve Battery","floor":12},{"not_picked":["Loop","Coolheaded"],"picked":"Defragment","floor":15},{"not_picked":["Hyperbeam","All For One"],"picked":"Reboot","floor":16},{"not_picked":["Coolheaded","Rebound","Steam"],"picked":"SKIP","floor":18},{"not_picked":["Melter","Cold Snap"],"picked":"Turbo","floor":20}],"player_experience":988063,"relics_obtained":[{"floor":8,"key":"Dream Catcher"},{"floor":9,"key":"Mercury Hourglass"}],"event_choices":[{"damage_healed":0,"gold_gain":0,"player_choice":"Lose Max HP","damage_taken":0,"relics_obtained":["Golden Idol"],"max_hp_gain":0,"max_hp_loss":6,"event_name":"Golden Idol","floor":7,"gold_loss":0},{"damage_healed":0,"gold_gain":0,"player_choice":"Ignored","damage_taken":0,"max_hp_gain":0,"max_hp_loss":0,"event_name":"Shining Light","floor":13,"gold_loss":0},{"damage_healed":0,"gold_gain":0,"player_choice":"Ignored","damage_taken":0,"max_hp_gain":0,"max_hp_loss":0,"event_name":"The Mausoleum","floor":19,"gold_loss":0}],"is_beta":false,"boss_relics":[{"not_picked":["Velvet Choker","Runic Pyramid"],"picked":"Astrolabe"}],"items_purged_floors":[10,14],"is_endless":false,"potions_floor_spawned":[4,5,12,18],"killed_by":"Cultist and Chosen","ascension_level":20}}