{"host":"guv5thfpx4d8ikzb","time":1611151175,"event":{"mods":["2.2 Compatiblity","AchievementEnabler","BaseMod","Block Reminder","Colored Map","Colored Powertips","Minty Spire (QoL Compilation)","Permanent Neow","Quick Restart","Relic Stats","Replay The Spire","StSLib"],"gold_per_floor":[112,112,132,132,145,145,162,192,192,212,212,223,223,235,235,333,333,349,349,127,141,161,193,193,226,226,243,243,262,262,296,296,398,398,414,414,430,176,526,559,559,587,587,599,616,43,43,60,60,60,60,60,87,119,119],"floor_reached":56,"language":"ENG","playtime":3010,"items_purged":["Strike_B","Strike_B","Defend_B"],"score":1742,"play_id":"b2f099e2-9582-4748-84a4-03dca411dedc","local_time":"20210120085935","is_ascension_mode":true,"campfire_choices":[{"data":"Bash","floor":6,"key":"SMITH"},{"data":"Coolheaded","floor":11,"key":"SMITH"},{"data":"Steam Power","floor":13,"key":"SMITH"},{"data":"Glacier","floor":15,"key":"SMITH"},{"floor":24,"key":"RECALL"},{"data":"ReplayGash","floor":28,"key":"SMITH"},{"data":"Scrape","floor":30,"key":"SMITH"},{"floor":32,"key":"DIG"},{"floor":41,"key":"REST"},{"floor":49,"key":"REST"}],"circlet_count":0,"master_deck":["Defend_B+1","Defend_B+1","Zap+1","Storm+1","All For One+1","ReplayGash+1","Steam","Steam Power+1","Bash+1","Loop+1","Glacier+1","Coolheaded+1","Steam+1","Steam+1","Evolve+1","Panache+1","All For One+1","Replay:Bootleg Shield Generator+1","Echo Form+1","AbeCurse","Scrape+1","White Noise+1","BootSequence","Echo Form+1","Defragment+1","ReplayGash+1","ReplayTheSpireMod:Calculation Training+1","Electrodynamics+1","Loop+1","Good Instincts","Heatsinks+1","Defragment+1","ReplayTheSpireMod:System Scan+1","FTL+1","FTL+1","Capacitor+1","Loop+1","Creative AI+1","Magnetism+1","Core Surge+1","Defragment+1","Finesse+1","Core Surge+1"],"relics":["Astrolabe","Golden Egg","Frozen Egg 2","Iron Core","Replay:Mystery Machine","ReplayTheSpireMod:TigerMarble","Replay:Baseball","Replay:Frozen Program","Bottled Tornado","Abe\u0027s Treasure","Ring of Peace","ReplayTheSpireMod:Ring of Exchange","HandDrill","Smiling Mask","Pocketwatch","Bottled Lightning","Counterbalance","Runic Capacitor","Old Coin","Iron Hammer","DataDisk","Chameleon Ring","Membership Card","Ice Cream","Replay:Antivirus Software","Black Star","War Paint","Strawberry","Bag of Marbles","CaptainsWheel"],"acts_visited":["Exordium","TheCity","TheBeyond","TheEnding"],"potions_floor_usage":[8,55,55,55],"damage_taken":[{"damage":8,"enemies":"Jaw Worm","floor":1,"turns":5},{"damage":0,"enemies":"2 Louse","floor":3,"turns":2},{"damage":0,"enemies":"Small Slimes","floor":5,"turns":2},{"damage":8,"enemies":"Blue Slaver","floor":7,"turns":2},{"damage":8,"enemies":"Gremlin Nob","floor":8,"turns":3},{"damage":5,"enemies":"3 Louse","floor":10,"turns":3},{"damage":1,"enemies":"Exordium Thugs","floor":12,"turns":3},{"damage":0,"enemies":"Fading Forest","floor":16,"turns":11},{"damage":1,"enemies":"Chosen","floor":18,"turns":4},{"damage":0,"enemies":"3 Byrds","floor":21,"turns":2},{"damage":10,"enemies":"Centurion and Healer","floor":22,"turns":3},{"damage":10,"enemies":"Slavers","floor":23,"turns":3},{"damage":0,"enemies":"Book of Stabbing","floor":25,"turns":4},{"damage":0,"enemies":"Cultist and Chosen","floor":27,"turns":3},{"damage":0,"enemies":"Snecko","floor":29,"turns":2},{"damage":0,"enemies":"Gremlin Leader","floor":31,"turns":4},{"damage":0,"enemies":"Collector","floor":33,"turns":4},{"damage":0,"enemies":"Orb Walker","floor":35,"turns":3},{"damage":0,"enemies":"3 Darklings","floor":37,"turns":2},{"damage":19,"enemies":"Mind Bloom Boss Battle","floor":39,"turns":4},{"damage":0,"enemies":"Giant Head","floor":40,"turns":5},{"damage":4,"enemies":"Nemesis","floor":42,"turns":5},{"damage":10,"enemies":"Maw","floor":44,"turns":5},{"damage":0,"enemies":"Spire Growth","floor":45,"turns":2},{"damage":0,"enemies":"Jaw Worm Horde","floor":48,"turns":2},{"damage":7,"enemies":"Donu and Deca","floor":50,"turns":4},{"damage":46,"enemies":"Shield and Spear","floor":54,"turns":3},{"damage":7,"enemies":"The Heart","floor":55,"turns":5}],"seed_played":"-6566473330749848272","potions_obtained":[{"floor":5,"key":"Elixir"},{"floor":7,"key":"EssenceOfSteel"},{"floor":10,"key":"Elixir"},{"floor":16,"key":"FocusPotion"},{"floor":21,"key":"Dexterity Potion"},{"floor":48,"key":"FocusPotion"},{"floor":52,"key":"DuplicationPotion"}],"is_trial":false,"path_per_floor":["M","?","M","?","M","R","M","E","T","M","R","M","R","$","R","B",null,"M","?","$","M","M","E","R","E","T","M","R","M","R","E","R_BF","B",null,"M","?","M","$","?","E","R","E","T","M","M","$","?","M","R","B",null,"R","$","E","B",null],"character_chosen":"DEFECT","items_purchased":["Steam","Evolve+1","Replay:Baseball","Replay:Frozen Program","Panache+1","Bottled Tornado","All For One","Replay:Bootleg Shield Generator","White Noise","HandDrill","Defragment+1","ReplayTheSpireMod:System Scan","FTL","Membership Card","Ice Cream","Replay:Antivirus Software","Creative AI+1","Magnetism+1","Core Surge","Black Star","War Paint","Strawberry","Finesse"],"campfire_rested":2,"item_purchase_floors":[14,14,14,14,14,14,14,14,20,20,38,38,38,46,46,46,46,46,46,53,53,53,53],"current_hp_per_floor":[67,67,67,67,67,67,59,51,51,46,46,57,57,57,57,57,75,74,74,74,74,64,54,54,54,54,58,58,58,58,58,58,58,75,75,65,65,65,46,46,68,64,64,54,54,54,54,54,71,64,71,71,78,32,25],"gold":119,"neow_bonus":"BOSS_RELIC","is_daily":false,"chose_seed":false,"campfire_upgraded":6,"win_rate":0.0,"timestamp":1611151175,"path_taken":["M","?","M","?","M","R","M","E","T","M","R","M","R","$","R","BOSS","M","?","$","M","M","E","R","E","T","M","R","M","R","E","R_BF","BOSS","M","?","M","$","?","E","R","E","T","M","M","$","?","?","R","BOSS","R","$","E","BOSS"],"items_purchased_type":["Card","Card","Relic","Relic","Card","Relic","Card","Card","Card","Relic","Card","Card","Card","Relic","Relic","Relic","Card","Card","Card","Relic","Relic","Relic","Card"],"build_version":"2020-12-22","purchased_purges":3,"victory":true,"max_hp_per_floor":[75,75,75,75,75,75,75,75,75,75,75,75,75,75,75,75,75,75,75,75,75,75,75,75,75,75,75,75,75,75,75,75,75,75,75,75,75,75,75,75,75,75,75,75,75,75,71,71,71,71,71,71,78,78,78],"relic_stats":{"counters":[28,98],"Astrolabe":["Storm","All For One","ReplayGash"],"HandDrill":[22],"Black Star":1,"War Paint":["Defend_B","Defend_B"],"Smiling Mask":63,"obtain_stats":[{"Ice Cream":46,"Golden Egg":0,"ReplayTheSpireMod:Ring of Exchange":19,"Iron Core":4,"Runic Capacitor":34,"Replay:Mystery Machine":8,"Bottled Tornado":14,"Smiling Mask":23,"Old Coin":39,"Replay:Frozen Program":14,"Chameleon Ring":43,"Ring of Peace":19,"Strawberry":53,"Iron Hammer":40,"HandDrill":20,"Replay:Antivirus Software":46,"Cracked Core":0,"Astrolabe":0,"Counterbalance":32,"Frozen Egg 2":0,"War Paint":53,"Replay:Baseball":14,"DataDisk":42,"CaptainsWheel":54,"ReplayTheSpireMod:TigerMarble":9,"Black Star":53,"Bag of Marbles":54,"Bottled Lightning":31,"Membership Card":46,"Abe\u0027s Treasure":17,"Pocketwatch":25},{"Ice Cream":24,"Golden Egg":0,"ReplayTheSpireMod:Ring of Exchange":9,"Iron Core":2,"Runic Capacitor":17,"Replay:Mystery Machine":5,"Bottled Tornado":7,"Smiling Mask":12,"Old Coin":20,"Replay:Frozen Program":7,"Chameleon Ring":22,"Ring of Peace":9,"Strawberry":26,"Iron Hammer":21,"HandDrill":9,"Replay:Antivirus Software":24,"Cracked Core":0,"Astrolabe":0,"Counterbalance":16,"Frozen Egg 2":0,"War Paint":26,"Replay:Baseball":7,"DataDisk":22,"CaptainsWheel":27,"ReplayTheSpireMod:TigerMarble":5,"Black Star":26,"Bag of Marbles":27,"Bottled Lightning":16,"Membership Card":24,"Abe\u0027s Treasure":8,"Pocketwatch":13},{"Ice Cream":84,"Golden Egg":0,"ReplayTheSpireMod:Ring of Exchange":34,"Iron Core":7,"Runic Capacitor":59,"Replay:Mystery Machine":14,"Bottled Tornado":20,"Smiling Mask":42,"Old Coin":68,"Replay:Frozen Program":20,"Chameleon Ring":77,"Ring of Peace":34,"Strawberry":90,"Iron Hammer":72,"HandDrill":34,"Replay:Antivirus Software":84,"Cracked Core":0,"Astrolabe":0,"Counterbalance":55,"Frozen Egg 2":0,"War Paint":90,"Replay:Baseball":20,"DataDisk":77,"CaptainsWheel":93,"ReplayTheSpireMod:TigerMarble":14,"Black Star":90,"Bag of Marbles":93,"Bottled Lightning":55,"Membership Card":84,"Abe\u0027s Treasure":31,"Pocketwatch":46}],"Pocketwatch":[14]},"card_choices":[{"not_picked":["Compile Driver","Blizzard"],"picked":"Steam","floor":1},{"not_picked":["Barrage","ReplaySort"],"picked":"Steam Power","floor":3},{"not_picked":["Crystallizer+1","Thunder Strike"],"picked":"Loop+1","floor":5},{"not_picked":["Go for the Eyes","Headbutt","Clash"],"picked":"SKIP","floor":7},{"not_picked":["Conserve Battery","Hologram"],"picked":"Glacier","floor":8},{"not_picked":["Blizzard","Headbutt"],"picked":"Coolheaded","floor":10},{"not_picked":["Rebound","Heatsinks+1","Sunder"],"picked":"SKIP","floor":12},{"not_picked":["Thunder Strike","Rainbow"],"picked":"Echo Form+1","floor":16},{"not_picked":["Turbo","Glacier"],"picked":"Scrape","floor":18},{"not_picked":["Steam","Blizzard","BasicCrystalCard"],"picked":"SKIP","floor":21},{"not_picked":["Stack","Rebound"],"picked":"BootSequence","floor":22},{"not_picked":["Panic Button+1","Gash+1"],"picked":"Echo Form+1","floor":23},{"not_picked":["Rebound","Turbo"],"picked":"Defragment+1","floor":25},{"not_picked":["Time Bomb+1","Rebound"],"picked":"ReplayGash","floor":27},{"not_picked":["Consume","Hello World+1","Hyperbeam"],"picked":"SKIP","floor":29},{"not_picked":["FTL","Tempest"],"picked":"ReplayTheSpireMod:Calculation Training+1","floor":31},{"not_picked":["Core Surge","Meteor Strike"],"picked":"Electrodynamics+1","floor":33},{"not_picked":["ReplayTheSpireMod:Reroute Power","Turbo"],"picked":"Loop+1","floor":35},{"not_picked":["Specialist+1","Dark Shackles"],"picked":"Good Instincts","floor":36},{"not_picked":["Streamline+1","Auto Shields"],"picked":"Heatsinks+1","floor":37},{"not_picked":["Force Field+1","Stack+1"],"picked":"Capacitor+1","floor":40},{"not_picked":["Consume+1","Force Field","Go for the Eyes"],"picked":"SKIP","floor":42},{"not_picked":["Ball Lightning+1","Compile Driver","Blizzard"],"picked":"SKIP","floor":44},{"not_picked":["Turbo+1","Steam Power"],"picked":"Loop+1","floor":45},{"not_picked":["Beam Cell","Gash+1"],"picked":"Defragment+1","floor":48},{"not_picked":["Leap+1","Conserve Battery+1"],"picked":"Core Surge","floor":54}],"player_experience":789226,"relics_obtained":[{"floor":8,"key":"Replay:Mystery Machine"},{"floor":9,"key":"ReplayTheSpireMod:TigerMarble"},{"floor":19,"key":"Ring of Peace"},{"floor":19,"key":"ReplayTheSpireMod:Ring of Exchange"},{"floor":23,"key":"Smiling Mask"},{"floor":25,"key":"Pocketwatch"},{"floor":31,"key":"Bottled Lightning"},{"floor":32,"key":"Counterbalance"},{"floor":39,"key":"Old Coin"},{"floor":40,"key":"Iron Hammer"},{"floor":42,"key":"DataDisk"},{"floor":43,"key":"Chameleon Ring"},{"floor":54,"key":"Bag of Marbles"},{"floor":54,"key":"CaptainsWheel"}],"event_choices":[{"damage_healed":0,"gold_gain":0,"player_choice":"Memory 3","damage_taken":10,"max_hp_gain":0,"max_hp_loss":0,"event_name":"SensoryStone","floor":36,"gold_loss":0},{"damage_healed":0,"gold_gain":0,"player_choice":"Fight","damage_taken":0,"max_hp_gain":0,"max_hp_loss":0,"event_name":"MindBloom","floor":39,"gold_loss":0},{"damage_healed":0,"gold_gain":0,"player_choice":"Max HP","damage_taken":0,"max_hp_gain":0,"max_hp_loss":4,"event_name":"Winding Halls","floor":47,"gold_loss":0}],"is_beta":false,"boss_relics":[{"not_picked":["Velvet Choker","Replay:Drink Me"],"picked":"Abe\u0027s Treasure"},{"not_picked":["Painkiller Herb","Sozu"],"picked":"Runic Capacitor"}],"items_purged_floors":[14,38,53],"is_endless":false,"potions_floor_spawned":[5,7,10,16,21,25,27,29,33,39,40,42,48],"ascension_level":3}}