{"host":"vumwfieg2b2mnrfl","time":1611164352,"event":{"mods":["AchievementEnabler","BaseMod","Minty Spire (QoL Compilation)","Rare Cards Sparkle","Relic Stats"],"gold_per_floor":[117,132,48,59,59,59,91,91,91,104,104,104,104,137,137,137,137],"floor_reached":16,"language":"ENG","playtime":557,"items_purged":[],"score":211,"play_id":"27b3bf59-fe5f-4376-9701-b6d67e1c4ba6","local_time":"20210120113912","is_ascension_mode":true,"campfire_choices":[{"data":"Neutralize","floor":6.0,"key":"SMITH"},{"floor":13,"key":"REST"},{"floor":15,"key":"REST"}],"circlet_count":0,"master_deck":["AscendersBane","Strike_G","Strike_G","Strike_G","Strike_G","Defend_G","Defend_G","Defend_G","Defend_G","Defend_G","Survivor","Neutralize+1","PiercingWail","Cloak And Dagger","Well Laid Plans","Die Die Die","Choke","Adrenaline"],"relics":["SacredBark","Blue Candle","Paper Crane","Ninja Scroll","Letter Opener","Regal Pillow"],"acts_visited":["Exordium"],"potions_floor_usage":[7],"damage_taken":[{"damage":4.0,"enemies":"Small Slimes","floor":1.0,"turns":5.0},{"damage":3.0,"enemies":"Cultist","floor":2.0,"turns":5.0},{"damage":0.0,"enemies":"2 Louse","floor":4.0,"turns":3.0},{"damage":18,"enemies":"3 Sentries","floor":7,"turns":13},{"damage":5,"enemies":"Red Slaver","floor":10,"turns":5},{"damage":23,"enemies":"Lagavulin","floor":14,"turns":8},{"damage":60,"enemies":"Hexaghost","floor":16,"turns":14}],"seed_played":"7979481588111067391","potions_obtained":[{"floor":1.0,"key":"Fire Potion"}],"is_trial":false,"path_per_floor":["M","M","?","M","?","R","E","?","T","M","?","$","R","E","R","B"],"character_chosen":"THE_SILENT","items_purchased":[],"campfire_rested":2,"item_purchase_floors":[],"current_hp_per_floor":[55,52,52,52,52,52,34,34,34,29,29,29,48,25,59,0,0],"gold":137,"neow_bonus":"BOSS_RELIC","is_daily":false,"chose_seed":false,"campfire_upgraded":1,"win_rate":0.0,"timestamp":1611164352,"path_taken":["M","M","?","?","?","R","E","?","T","?","?","$","R","E","R","BOSS"],"items_purchased_type":[],"build_version":"2020-12-22","purchased_purges":0,"victory":false,"max_hp_per_floor":[66,66,66,66,66,66,66,66,66,66,66,66,66,66,66,66,66],"relic_stats":{"Regal Pillow":15,"counters":[7,53],"Blue Candle":[1],"Letter Opener":[15],"obtain_stats":[{"Regal Pillow":14,"Ninja Scroll":7,"SacredBark":0,"Blue Candle":3,"Letter Opener":9,"Paper Crane":5,"Ring of the Snake":0},{"Regal Pillow":6,"Ninja Scroll":4,"SacredBark":0,"Blue Candle":2,"Letter Opener":4,"Paper Crane":3,"Ring of the Snake":0},{"Regal Pillow":39,"Ninja Scroll":26,"SacredBark":0,"Blue Candle":10,"Letter Opener":26,"Paper Crane":13,"Ring of the Snake":0}]},"card_choices":[{"not_picked":["Masterful Stab","Flying Knee"],"picked":"PiercingWail","floor":1.0},{"not_picked":["Bane","Underhanded Strike"],"picked":"Cloak And Dagger","floor":2.0},{"not_picked":["Poisoned Stab","Blade Dance"],"picked":"Well Laid Plans","floor":4.0},{"not_picked":["Infinite Blades","Prepared","Underhanded Strike"],"picked":"SKIP","floor":7},{"not_picked":["Tactician","PiercingWail"],"picked":"Die Die Die","floor":10},{"not_picked":["Cloak And Dagger","Sucker Punch"],"picked":"Adrenaline","floor":14}],"player_experience":444063,"relics_obtained":[{"floor":7,"key":"Ninja Scroll"},{"floor":9,"key":"Letter Opener"},{"floor":14,"key":"Regal Pillow"}],"event_choices":[{"damage_healed":0.0,"max_hp_gain":0.0,"max_hp_loss":0.0,"gold_gain":0.0,"event_name":"WeMeetAgain","player_choice":"Paid Gold","floor":3.0,"gold_loss":84.0,"damage_taken":0.0,"relics_obtained":["Blue Candle"]},{"damage_healed":0.0,"max_hp_gain":0.0,"max_hp_loss":0.0,"gold_gain":0.0,"event_name":"Big Fish","player_choice":"Box","floor":5.0,"gold_loss":0.0,"damage_taken":0.0,"relics_obtained":["Paper Crane"],"cards_obtained":["Regret"]},{"cards_removed":["Regret"],"damage_healed":0,"gold_gain":0,"player_choice":"Purged","damage_taken":0,"max_hp_gain":0,"max_hp_loss":0,"event_name":"Purifier","floor":8,"gold_loss":0},{"damage_healed":0,"gold_gain":0,"cards_transformed":["Strike_G"],"player_choice":"Change","damage_taken":0,"max_hp_gain":0,"max_hp_loss":0,"event_name":"Living Wall","floor":11,"gold_loss":0,"cards_obtained":["Choke"]}],"is_beta":false,"boss_relics":[],"items_purged_floors":[],"is_endless":false,"potions_floor_spawned":[1],"killed_by":"Hexaghost","ascension_level":19}}