{"host":"nbmmy2ys5j9alw05","time":1611101388,"event":{"mods":["AchievementEnabler","BaseMod","Bestiary","Better Vampires","Colored Map","Colored Powertips","Googly Eyes","Minty Spire (QoL Compilation)","Quick Restart","StSLib","The Hierophant","The IronCluck","everything is the same but u backflip on backflip"],"gold_per_floor":[111,131,57,76,76,111,111,139,139,139,165,165,195,195,195,195,195],"floor_reached":16,"language":"ENG","playtime":679,"items_purged":[],"score":174,"play_id":"12f0af6f-738d-43a4-a948-168c5f2bd91a","local_time":"20210119160948","is_ascension_mode":true,"campfire_choices":[{"data":"Unload","floor":7,"key":"SMITH"},{"floor":10,"key":"REST"},{"data":"Accuracy","floor":12,"key":"SMITH"},{"floor":15,"key":"REST"}],"circlet_count":0,"master_deck":["AscendersBane","Strike_G","Strike_G","Strike_G","Strike_G","Defend_G","Defend_G","Defend_G","Defend_G","Defend_G","Survivor","Neutralize","Unload+1","Cloak And Dagger","Accuracy","Infinite Blades","Infinite Blades","Crippling Poison","Dagger Throw+1","Accuracy+1"],"relics":["Ring of the Snake","Ginger","Molten Egg 2","Question Card","Ornamental Fan"],"acts_visited":["Exordium"],"potions_floor_usage":[6,6,16],"damage_taken":[{"damage":0,"enemies":"2 Louse","floor":1,"turns":4},{"damage":10,"enemies":"Jaw Worm","floor":2,"turns":4},{"damage":1,"enemies":"Cultist","floor":4,"turns":4},{"damage":10,"enemies":"3 Sentries","floor":6,"turns":5},{"damage":22,"enemies":"Lagavulin","floor":8,"turns":6},{"damage":22,"enemies":"3 Sentries","floor":11,"turns":8},{"damage":40,"enemies":"The Guardian","floor":16,"turns":12}],"seed_played":"-269792968641578163","potions_obtained":[{"floor":2,"key":"DuplicationPotion"},{"floor":4,"key":"Strength Potion"},{"floor":8,"key":"Ancient Potion"},{"floor":11,"key":"DistilledChaos"}],"is_trial":false,"path_per_floor":["M","M","$","M","?","E","R","E","T","R","E","R","?","?","R","B"],"character_chosen":"THE_SILENT","items_purchased":["Infinite Blades"],"campfire_rested":2,"item_purchase_floors":[3],"current_hp_per_floor":[63,53,53,52,52,42,42,20,20,41,19,19,19,19,40,0,0],"gold":195,"neow_bonus":"ONE_RANDOM_RARE_CARD","is_daily":false,"chose_seed":false,"campfire_upgraded":2,"win_rate":0.0,"timestamp":1611101388,"path_taken":["M","M","$","M","?","E","R","E","T","R","E","R","?","?","R","BOSS"],"items_purchased_type":["Card"],"build_version":"2020-12-22","purchased_purges":0,"victory":false,"max_hp_per_floor":[70,70,70,70,70,70,70,70,70,70,70,70,70,70,70,70,70],"card_choices":[{"not_picked":["Deflect","Dagger Throw"],"picked":"Cloak And Dagger","floor":1},{"not_picked":["Prepared","Riddle With Holes"],"picked":"Accuracy","floor":2},{"not_picked":["Escape Plan","Quick Slash"],"picked":"Infinite Blades","floor":4},{"not_picked":["Eviscerate","Dodge and Roll"],"picked":"Crippling Poison","floor":6},{"not_picked":["Riddle With Holes+1","Dodge and Roll"],"picked":"Dagger Throw+1","floor":8},{"not_picked":["Underhanded Strike+1","Endless Agony+1","Wraith Form v2"],"picked":"Accuracy","floor":11}],"player_experience":478311,"relics_obtained":[{"floor":6,"key":"Ginger"},{"floor":8,"key":"Molten Egg 2"},{"floor":9,"key":"Question Card"},{"floor":11,"key":"Ornamental Fan"}],"event_choices":[{"damage_healed":0,"gold_gain":0,"player_choice":"Ignored","damage_taken":0,"max_hp_gain":0,"max_hp_loss":0,"event_name":"Golden Idol","floor":5,"gold_loss":0},{"damage_healed":0,"gold_gain":30,"player_choice":"Searched \u00271\u0027 times","damage_taken":0,"max_hp_gain":0,"max_hp_loss":0,"event_name":"Dead Adventurer","floor":13,"gold_loss":0},{"cards_removed":["Strike_G"],"damage_healed":0,"gold_gain":0,"player_choice":"Forget","damage_taken":0,"max_hp_gain":0,"max_hp_loss":0,"event_name":"Living Wall","floor":14,"gold_loss":0}],"is_beta":false,"boss_relics":[],"items_purged_floors":[],"is_endless":false,"potions_floor_spawned":[2,4,8,11],"killed_by":"The Guardian","ascension_level":10}}