{"host":"ux1e5jwgl66eze79","time":1611182779,"event":{"mods":["2.2 Compatiblity","Act Like it!","Aspiration","BaseMod","Colored Powertips","Conspire","Downfall","Duelist Mod","GifTheSpireLib","Hubris","Minty Spire (QoL Compilation)","StSLib","The Construct","The Disciple","Wandering Minibosses"],"gold_per_floor":[141,141,159,84,102,137,148,148,203,228,228,262,272,291,291,390,390,409,409,424,435,435,435,435],"floor_reached":23,"language":"ENG","playtime":935,"items_purged":["theDuelist:ArmoredZombie"],"score":331,"play_id":"93486071-793b-46d6-87fc-b6361a6cfaf6","local_time":"20210120234619","is_ascension_mode":true,"campfire_choices":[{"data":"theDuelist:VampireDomination","floor":8,"key":"SMITH"},{"data":"theDuelist:VampireSorcerer","floor":15,"key":"SMITH"}],"circlet_count":0,"master_deck":["theDuelist:ZombieCorpse","theDuelist:ZombieCorpse","theDuelist:ArchfiendZombieSkull","theDuelist:ArmoredZombie","theDuelist:ArmoredZombie","theDuelist:ClownZombie","theDuelist:ClownZombie","theDuelist:ShallowGrave","theDuelist:SkullConductor","theDuelist:TutanMask","theDuelist:MonsterReborn","theDuelist:SuperPolymerization+1","theDuelist:VampireDomination+1","theDuelist:VampireSorcerer+1","theDuelist:VampireHunter","theDuelist:MonsterReborn","theDuelist:VampireHunter","theDuelist:SoulRelease","theDuelist:VampireCurse","theDuelist:CustomResummonCard"],"relics":["theDuelist:MillenniumPuzzle","theDuelist:CardPoolRelic","theDuelist:CardPoolBasicRelic","theDuelist:BoosterPackPoolRelic","theDuelist:CardPoolAddRelic","theDuelist:CardPoolMinusRelic","theDuelist:CardPoolSaveRelic","theDuelist:CardPoolOptionsRelic","theDuelist:SummonAnchorRare","theDuelist:DuelistOrichalcum","theDuelist:SolderToken","hubris:CrystalStatue","hubris:TerracottaHorce","theDuelist:MillenniumPeriapt"],"acts_visited":["Exordium","TheCity"],"potions_floor_usage":[16,20],"damage_taken":[{"damage":2,"enemies":"Jaw Worm","floor":1,"turns":3},{"damage":0,"enemies":"Cultist","floor":3,"turns":3},{"damage":0,"enemies":"Small Slimes","floor":5,"turns":1},{"damage":20,"enemies":"Lagavulin","floor":6,"turns":3},{"damage":0,"enemies":"Gremlin Gang","floor":7,"turns":1},{"damage":0,"enemies":"3 Sentries","floor":10,"turns":1},{"damage":14,"enemies":"Gremlin Nob","floor":12,"turns":3},{"damage":0,"enemies":"2 Fungi Beasts","floor":13,"turns":1},{"damage":0,"enemies":"3 Louse","floor":14,"turns":1},{"damage":0,"enemies":"Slime Boss","floor":16,"turns":5},{"damage":0,"enemies":"Spheric Guardian","floor":18,"turns":2},{"damage":8,"enemies":"Shell Parasite","floor":20,"turns":2},{"damage":0,"enemies":"Sentry and Sphere","floor":21,"turns":2},{"damage":73,"enemies":"Book of Stabbing","floor":23,"turns":4}],"seed_played":"7527545422164468900","potions_obtained":[{"floor":3,"key":"SkillPotion"},{"floor":13,"key":"FearPotion"},{"floor":14,"key":"theDuelist:FireBottle"},{"floor":16,"key":"theDuelist:ReducerPotion"},{"floor":20,"key":"theDuelist:OrbBottle"}],"is_trial":false,"path_per_floor":["M","?","M","$","M","E","M","R","T","E","?","E","M","M","R","B",null,"M","?","M","M","?","E"],"character_chosen":"THE_DUELIST","items_purchased":[],"campfire_rested":0,"item_purchase_floors":[],"current_hp_per_floor":[78,80,80,80,80,60,60,60,60,60,60,46,46,46,46,46,72,72,72,64,64,64,0,0],"gold":435,"neow_bonus":"ONE_RANDOM_RARE_CARD","is_daily":false,"chose_seed":false,"campfire_upgraded":2,"win_rate":0.0,"timestamp":1611182779,"path_taken":["M","?","?","$","M","E","M","R","T","E","?","E","?","?","R","BOSS","M","?","?","M","?","E"],"items_purchased_type":[],"build_version":"2020-12-22","purchased_purges":1,"victory":false,"max_hp_per_floor":[80,80,80,80,80,80,80,80,80,80,80,80,80,80,80,80,80,80,80,80,80,80,80,80],"card_choices":[{"not_picked":["theDuelist:VendreadStriges","theDuelist:FusionGuard","theDuelist:DecayedCommander","theDuelist:BookLife"],"picked":"theDuelist:MonsterReborn","floor":1},{"not_picked":["theDuelist:ZombieMammoth","theDuelist:PhantomGhost","theDuelist:GhostrickSpecter","theDuelist:Dakki"],"picked":"theDuelist:SuperPolymerization","floor":3},{"not_picked":["theDuelist:WightLady","theDuelist:GhostrickSpecter","theDuelist:DarkDustSpirit","theDuelist:Chewbone","theDuelist:UniZombie"],"picked":"SKIP","floor":5},{"not_picked":["theDuelist:ShiranuiSamuraisaga","theDuelist:ShiranuiSmith","theDuelist:ShiranuiSquire","theDuelist:ShiranuiSquiresaga","theDuelist:ShiranuiSwordmaster"],"picked":"SKIP","floor":6},{"not_picked":["theDuelist:VendreadHoundhorde","theDuelist:FearFromDark","theDuelist:VampireAwakening","theDuelist:TributeDoomed"],"picked":"theDuelist:VampireDomination","floor":7},{"not_picked":["theDuelist:ZombieWarrior","theDuelist:VendreadCore","theDuelist:OvertexQoatlus","theDuelist:GhostrickAlucard","theDuelist:OniTankT34"],"picked":"SKIP","floor":10},{"not_picked":["theDuelist:FuryFire","theDuelist:RebornZombie","theDuelist:EarthGiant","theDuelist:DarkCreator","theDuelist:PyramidLight"],"picked":"SKIP","floor":12},{"not_picked":["theDuelist:GhostReaper","theDuelist:IlBlud","theDuelist:FossilSkullknight","theDuelist:PainPainter"],"picked":"theDuelist:VampireSorcerer","floor":13},{"not_picked":["theDuelist:YukiMusume","theDuelist:GhostrickJiangshi","theDuelist:VendreadChimera","theDuelist:Gernia"],"picked":"theDuelist:VampireHunter","floor":14},{"not_picked":["theDuelist:ZombieMaster","theDuelist:VendreadDaybreak","theDuelist:FusionGuard","theDuelist:BookEclipse"],"picked":"theDuelist:MonsterReborn","floor":16},{"not_picked":["theDuelist:FlameGhost","theDuelist:ShiranuiSwordmaster","theDuelist:PMCaptor","theDuelist:ForbiddenLance+1","theDuelist:GhostrickSocuteboss"],"picked":"SKIP","floor":18},{"not_picked":["theDuelist:VendreadHoundhorde","theDuelist:GhostSister","theDuelist:DecayedCommander","theDuelist:RobbinZombie+1"],"picked":"theDuelist:BookLife+1","floor":20},{"not_picked":["theDuelist:VendreadNightmare","theDuelist:Scapeghost","theDuelist:RobbinZombie","theDuelist:InstantFusion"],"picked":"theDuelist:SoulRelease","floor":21}],"player_experience":155734,"relics_obtained":[{"floor":6,"key":"theDuelist:SummonAnchorRare"},{"floor":9,"key":"theDuelist:DuelistOrichalcum"},{"floor":10,"key":"theDuelist:SolderToken"},{"floor":12,"key":"hubris:CrystalStatue"}],"event_choices":[{"damage_healed":2,"gold_gain":0,"player_choice":"Full Heal","damage_taken":0,"max_hp_gain":0,"max_hp_loss":0,"event_name":"Wheel of Change","floor":2,"gold_loss":0},{"damage_healed":0,"gold_gain":0,"player_choice":"Forge","damage_taken":0,"max_hp_gain":0,"max_hp_loss":0,"event_name":"Accursed Blacksmith","floor":11,"gold_loss":0,"cards_upgraded":["theDuelist:SuperPolymerization"]},{"damage_healed":0,"gold_gain":0,"player_choice":"Copied","damage_taken":0,"max_hp_gain":0,"max_hp_loss":0,"event_name":"Duplicator","floor":19,"gold_loss":0,"cards_obtained":["theDuelist:VampireHunter"]},{"damage_healed":0,"gold_gain":0,"player_choice":"Took item - Received: Millennium Periapt","duelist":true,"damage_taken":0,"max_hp_gain":0,"max_hp_loss":0,"event_name":"Millennium Items","floor":22,"gold_loss":0}],"is_beta":false,"boss_relics":[{"not_picked":["theDuelist:MillenniumKey","SlaversCollar"],"picked":"hubris:TerracottaHorce"}],"items_purged_floors":[4],"is_endless":false,"potions_floor_spawned":[3,13,14,16,20],"killed_by":"Book of Stabbing","ascension_level":3}}