{"host":"sav7uxregyirlf69","time":1611143377,"event":{"mods":["AchievementEnabler","BaseMod","Colored Map","DeckTracker","Keyboard Shortcuts","Minty Spire (QoL Compilation)","READ ME - Guardian Mod","StSLib","SuperFastMode"],"gold_per_floor":[115,75,92,111,126,126,152,152,233,263,21,21,21,40,40,40,40],"floor_reached":16,"language":"KOR","playtime":273,"items_purged":["Strike_R"],"score":220,"play_id":"e0ce5fdc-5f61-4def-b673-ad8684752cc7","local_time":"20210120204937","is_ascension_mode":true,"campfire_choices":[{"data":"Bash","floor":6.0,"key":"SMITH"},{"data":"Pommel Strike","floor":8.0,"key":"SMITH"},{"data":"Anger","floor":15,"key":"SMITH"}],"circlet_count":0,"master_deck":["AscendersBane","Strike_R","Strike_R","Strike_R","Strike_R","Defend_R","Defend_R","Defend_R","Defend_R","Bash+1","Anger+1","Shrug It Off","Pommel Strike+1"],"relics":["Burning Blood","Unceasing Top","Mummified Hand","Toy Ornithopter","PrismaticShard","Nunchaku"],"acts_visited":["Exordium"],"potions_floor_usage":[16],"damage_taken":[{"damage":4.0,"enemies":"Jaw Worm","floor":1.0,"turns":6.0},{"damage":1.0,"enemies":"Cultist","floor":3.0,"turns":3.0},{"damage":9.0,"enemies":"Small Slimes","floor":4.0,"turns":5.0},{"damage":15.0,"enemies":"Red Slaver","floor":5.0,"turns":5.0},{"damage":24.0,"enemies":"Lagavulin","floor":7.0,"turns":7.0},{"damage":37.0,"enemies":"3 Sentries","floor":10.0,"turns":10.0},{"damage":5,"enemies":"Exordium Wildlife","floor":14,"turns":6},{"damage":30,"enemies":"Slime Boss","floor":16,"turns":4}],"seed_played":"-1527969199987281919","potions_obtained":[{"floor":2.0,"key":"BlessingOfTheForge"},{"floor":2.0,"key":"Energy Potion"},{"floor":14,"key":"Swift Potion"}],"is_trial":false,"path_per_floor":["M","?","M","M","M","R","E","R","T","E","$","$","?","M","R","B"],"character_chosen":"IRONCLAD","items_purchased":["PrismaticShard"],"campfire_rested":0,"item_purchase_floors":[11],"current_hp_per_floor":[77,77,82,79,70,70,52,52,52,21,21,21,21,22,22,0,0],"gold":40,"neow_bonus":"TEN_PERCENT_HP_BONUS","is_daily":false,"chose_seed":false,"campfire_upgraded":3,"win_rate":0.0,"timestamp":1611143377,"path_taken":["M","?","M","M","?","R","E","R","T","E","$","?","?","?","R","BOSS"],"items_purchased_type":["Relic"],"build_version":"2020-12-22","purchased_purges":1,"victory":false,"max_hp_per_floor":[82,82,82,82,82,82,82,82,82,82,82,82,82,82,82,82,82],"card_choices":[{"not_picked":["Headbutt","True Grit"],"picked":"Anger","floor":1.0},{"not_picked":["Havoc","Perfected Strike"],"picked":"Battle Trance","floor":3.0},{"not_picked":["True Grit","Clothesline"],"picked":"Shrug It Off","floor":4.0},{"not_picked":["Warcry","Thunderclap","Heavy Blade"],"picked":"SKIP","floor":5.0},{"not_picked":["Limit Break","Uppercut"],"picked":"Pommel Strike","floor":7.0},{"not_picked":["Warcry","Dual Wield","Headbutt"],"picked":"SKIP","floor":10.0},{"not_picked":["Enlightenment","Cloak And Dagger","Outmaneuver"],"picked":"SKIP","floor":14}],"player_experience":1330638,"relics_obtained":[{"floor":7.0,"key":"Unceasing Top"},{"floor":9.0,"key":"Mummified Hand"},{"floor":10.0,"key":"Toy Ornithopter"}],"event_choices":[{"damage_healed":0.0,"max_hp_gain":0.0,"max_hp_loss":0.0,"gold_gain":0.0,"event_name":"The Woman in Blue","player_choice":"Bought 3 Potions","floor":2.0,"gold_loss":0.0,"damage_taken":0.0},{"cards_removed":["Battle Trance"],"damage_healed":0,"gold_gain":0,"player_choice":"Gave Card","damage_taken":0,"relics_obtained":["Nunchaku"],"max_hp_gain":0,"max_hp_loss":0,"event_name":"WeMeetAgain","floor":13,"gold_loss":0}],"is_beta":false,"boss_relics":[],"items_purged_floors":[11],"is_endless":false,"potions_floor_spawned":[5,14],"killed_by":"Slime Boss","ascension_level":20}}