{"host":"ylxam20yo7j5dy26","time":1611150391,"event":{"mods":["ATMod(°¢èªMod)","Act Like it!","Aspiration","BaseMod","BetterRewards","Conspire","Defuse TimeMaze Blight","Energized Spire","Gensokyo","GungeonMod","Hubris","Infinite Spire","Marisa£¨ìFÓê¡¡Ä§ÀíÉ³£©","Minty Spire (QoL Compilation)","MostiFishMod","Quarter Circle Forward PUNCH!","Quick Restart","Reimu£¨²©ÀöÁéÃÎ£©","Remilia£¨ÀÙÃ×ÀòÑÇ£©","Replay The Spire","Robot Space Explorer","RumiaBox-Â¶Ã×æ«µÄÉñÃØºÐ×Ó","Spicy Shops","StSLib","The Runesmith","vexMod","¡¾¹¦ÄÜMod¡¿»ìãçÖ®»·ÐÞ¸´²¹¶¡","¡¾ÒÅÎï¿¨ÅÆ¡¿REMEMod"],"gold_per_floor":[119,131,149,183,200,214,244,258,313,313,313,313,56,72,72,191,191,222,222,222,240,256,291,291,291],"floor_reached":24,"language":"ZHS","playtime":3407,"items_purged":["Shame","Injury"],"score":320,"play_id":"6a341cc9-6533-4faa-bea4-630fc17401af","local_time":"20210120214631","is_ascension_mode":false,"campfire_choices":[{"data":"DemoMod:ManualReload","floor":10,"key":"SMITH"},{"data":"Impatience","floor":15,"key":"SMITH"}],"circlet_count":0,"master_deck":["DemoMod:Strike_Huntress","DemoMod:Strike_Huntress","DemoMod:Defend_Huntress","DemoMod:Defend_Huntress","DemoMod:Defend_Huntress","DemoMod:Defend_Huntress","DemoMod:Roll","DemoMod:ManualReload+1","DemoMod:RustySidearm","DemoMod:CrossBow","Impatience+1","DemoMod:ProbeStrike+1","DemoMod:MachoBrace","DemoMod:DoubleSwitch","DemoMod:ThirdPartyController","DemoMod:HungryBullets","DemoMod:GunslingerForm","DemoMod:TeaPot","DemoMod:FinishedGun","DemoMod:StickyCrossBow","DemoMod:BlankBullets+1","DemoMod:FeignSurrender","DemoMod:LifeOrb","DemoMod:Unmoved","DemoMod:FightSabre","DemoMod:Unmoved"],"relics":["DemoMod:Dog","AT_ATBox","DaveBox","REME_ComplimentaryCards","MetatronsCube","Pear","BargainBundle","BirthdayGift-Tetrahedron","SynthV:TestCard","Potion Belt","qcfpunch:Red_Beret","Golden Idol","aspiration:BabyByrd","vexMod:Cooldron","energizedSpire:SpiderWeb","DemoMod:GlassGuonStoneRelic"],"acts_visited":["Exordium","TheCity"],"potions_floor_usage":[14,14,18,18,22,22,22,23],"damage_taken":[{"damage":2,"enemies":"2 Louse","floor":1,"turns":2},{"damage":0,"enemies":"Cultist","floor":2,"turns":1},{"damage":2,"enemies":"conspire:RoseBush","floor":3,"turns":1},{"damage":4,"enemies":"conspire:2 RoseBushes","floor":4,"turns":3},{"damage":6,"enemies":"conspire:2 RoseBushes","floor":5,"turns":2},{"damage":2,"enemies":"Blue Slaver","floor":6,"turns":2},{"damage":6,"enemies":"Lagavulin","floor":7,"turns":4},{"damage":2,"enemies":"Red Slaver","floor":8,"turns":2},{"damage":2,"enemies":"Gremlin Gang","floor":14,"turns":2},{"damage":6,"enemies":"Hexaghost","floor":16,"turns":4},{"damage":9,"enemies":"3 Byrds","floor":18,"turns":3},{"damage":25,"enemies":"2 Thieves","floor":21,"turns":4},{"damage":4,"enemies":"Cultist and Chosen","floor":22,"turns":3},{"damage":4,"enemies":"Book of Stabbing","floor":23,"turns":3},{"damage":0,"enemies":"Snake Plant","floor":24,"turns":1}],"seed_played":"-7687699075045634631","potions_obtained":[{"floor":2,"key":"infinitespire:BlackPotion"},{"floor":5,"key":"Dexterity Potion"},{"floor":6,"key":"Energy Potion"},{"floor":7,"key":"GrandPatriotsElixir:ReiMu"},{"floor":8,"key":"DemoMod:LeadSkinPotion"},{"floor":16,"key":"EntropicBrew"},{"floor":21,"key":"EntropicBrew"},{"floor":22,"key":"EntropicBrew"}],"is_trial":false,"path_per_floor":["M","M","M","?","M","M","E","M","T","R","?","?","$","M","R","B",null,"M","?","?","M","M","E","M"],"character_chosen":"HUNTRESS","items_purchased":["Pear","BargainBundle","BirthdayGift-Tetrahedron","DemoMod:ProbeStrike+1","vexMod:Cooldron"],"campfire_rested":0,"item_purchase_floors":[0,0,0,0,13],"current_hp_per_floor":[78,78,76,72,66,64,58,56,56,56,56,56,56,54,54,48,80,71,71,71,46,42,38,38,38],"gold":291,"neow_bonus":"","is_daily":false,"chose_seed":false,"campfire_upgraded":2,"win_rate":0.0,"timestamp":1611150391,"path_taken":["M","M","M","?","M","M","E","M","T","R","?","?","$","M","R","BOSS","M","?","?","M","?","E","M"],"items_purchased_type":["Relic","Relic","Relic","Card","Relic"],"build_version":"2020-12-22","purchased_purges":2,"victory":false,"max_hp_per_floor":[80,80,80,80,80,80,80,80,80,80,80,80,80,80,80,80,80,80,80,80,80,80,80,80,80],"card_choices":[{"not_picked":["DemoMod:PotionOfGunFriendShip","DemoMod:ChanceBullets"],"picked":"DemoMod:MachoBrace","floor":1},{"not_picked":["DemoMod:MachoBrace","DemoMod:BattleInHaste","DemoMod:HungryBullets","DemoMod:ConditionalReflex"],"picked":"DemoMod:DoubleSwitch","floor":2},{"not_picked":["DemoMod:LifeOrb","DemoMod:Purify","DemoMod:FastSwitch","DemoMod:AbyssalTentacle"],"picked":"DemoMod:ThirdPartyController","floor":3},{"not_picked":["DemoMod:GunstockTap","DemoMod:Ejector","DemoMod:TeaPot","DemoMod:AWP"],"picked":"DemoMod:HungryBullets","floor":4},{"not_picked":["DemoMod:PracticeMakesPerfect","DemoMod:FastSwitch","DemoMod:AC15","DemoMod:TeaPot"],"picked":"DemoMod:GunslingerForm","floor":5},{"not_picked":["DemoMod:HungryBullets","DemoMod:SkilledReload","DemoMod:SAA","DemoMod:DoubleSwitch"],"picked":"DemoMod:TeaPot","floor":6},{"not_picked":["DemoMod:Camera","DemoMod:FortunesFavor","DemoMod:AC15","DemoMod:DirectionalPad","DemoMod:CombinedRifle"],"picked":"SKIP","floor":6},{"not_picked":["DemoMod:BalloonGun","DemoMod:GunstockTap","DemoMod:AC15","DemoMod:SniperShot","DemoMod:HungryBullets"],"picked":"SKIP","floor":7},{"not_picked":["DemoMod:FastSwitch","DemoMod:PotionOfGunFriendShip","DemoMod:FeignSurrender","DemoMod:AC15"],"picked":"DemoMod:FinishedGun","floor":8},{"not_picked":["DemoMod:DoubleSwitch","DemoMod:PotionOfGunFriendShip","DemoMod:HardPowerCard","DemoMod:ChanceBullets"],"picked":"DemoMod:StickyCrossBow","floor":14},{"not_picked":["DemoMod:BSG","DemoMod:BalloonGun","DemoMod:FinishedGun","DemoMod:BlackHoleGun"],"picked":"DemoMod:BlankBullets","floor":16},{"not_picked":["DemoMod:GunstockTap","DemoMod:TeaPot","DemoMod:AC15","DemoMod:Ejector"],"picked":"DemoMod:FeignSurrender","floor":18},{"not_picked":["DemoMod:EasyReloadBullets+1","DemoMod:BoxingGlove","DemoMod:JK47","DemoMod:TeaPot"],"picked":"DemoMod:Unmoved","floor":21},{"not_picked":["DemoMod:Unmoved","DemoMod:FeignSurrender","DemoMod:SkilledReload","DemoMod:HuntsMan"],"picked":"DemoMod:FightSabre","floor":22},{"not_picked":["DemoMod:DoubleVision","DemoMod:DoubleSwitch+1","DemoMod:ConditionalReflex","DemoMod:AC15"],"picked":"DemoMod:Unmoved","floor":23}],"player_experience":132118,"relics_obtained":[{"floor":1,"key":"SynthV:TestCard"},{"floor":7,"key":"Potion Belt"},{"floor":9,"key":"qcfpunch:Red_Beret"}],"event_choices":[{"damage_healed":0,"gold_gain":0,"player_choice":"Take Wound","damage_taken":0,"relics_obtained":["Golden Idol"],"max_hp_gain":0,"max_hp_loss":0,"event_name":"Golden Idol","floor":11,"gold_loss":0,"cards_obtained":["Injury"]},{"damage_healed":0,"gold_gain":0,"cards_transformed":["DemoMod:Strike_Huntress"],"player_choice":"Transformed","damage_taken":0,"max_hp_gain":0,"max_hp_loss":0,"event_name":"Transmorgrifier","floor":20,"gold_loss":0,"cards_obtained":["DemoMod:LifeOrb"]}],"is_beta":false,"boss_relics":[{"not_picked":["Runesmith:UraniumAnvil","Astrolabe"],"picked":"energizedSpire:SpiderWeb"}],"items_purged_floors":[0,13],"is_endless":false,"potions_floor_spawned":[2,5,6,7,8,16,21,22],"killed_by":"Snake Plant","ascension_level":0}}