{"host":"rjbqai8ni6dsiu37","time":1611154051,"event":{"mods":["100% Spire Juice","BaseMod","CapriCore","Lobotomy","Minty Spire (QoL Compilation)","StSLib","The Poker Player","WarShipGirlsR/??á´Ò³R mod"],"gold_per_floor":[119,130,130,144,144,173,184,184,184,213,213,232,81,81,81,183,233,248,248,248,264,144,144,158,172,219,245,245,258,288,288,288,385,385,395,395,149,149,167,167,177,211,211,211,238,253,286,246,246,246],"floor_reached":51,"language":"KOR","playtime":1805,"items_purged":["rmod:strick","rmod:strick"],"score":1132,"play_id":"8b4a82e7-f787-4892-94a9-99b92519c746","local_time":"20210120234731","is_ascension_mode":true,"campfire_choices":[{"data":"rmod:aviationdawn","floor":8,"key":"SMITH"},{"data":"rmod:robin","floor":11,"key":"SMITH"},{"floor":15,"key":"REST"},{"data":"rmod:aluminumsupply","floor":23,"key":"SMITH"},{"data":"rmod:openingtorpedo","floor":28,"key":"SMITH"},{"floor":32,"key":"REST"},{"data":"rmod:aviationdawn","floor":40,"key":"SMITH"},{"data":"rmod:ridicule","floor":44,"key":"SMITH"},{"floor":49,"key":"REST"}],"circlet_count":0,"master_deck":["rmod:strick+1","rmod:strick","rmod:defend+1","rmod:defend","rmod:defend","rmod:defend+1","rmod:basicallowance","rmod:maingunfire","rmod:aviationdawn+1","rmod:robin+1","rmod:intelligenceanalysis","rmod:openingtorpedo+1","rmod:supportescort","rmod:royalracing","rmod:aluminumsupply+1","rmod:smokecover+1","rmod:aviationdawn+1","rmod:ridicule+1","rmod:circuitoustactics+1","rmod:openingtorpedo+1"],"relics":["rmod:firstchargereward","Potion Belt","Lantern","Pear","Oddly Smooth Stone","Tiny House","Dream Catcher","Matryoshka","Red Mask","MutagenicStrength","Runic Dome","Orrery","Letter Opener","Pen Nib","Frozen Egg 2","Omamori","MealTicket","Boot"],"acts_visited":["Exordium","TheCity","TheBeyond"],"potions_floor_usage":[6,10,10,16,27,27,27,33,33,50,50,50,50,50],"damage_taken":[{"damage":0,"enemies":"Small Slimes","floor":1,"turns":3},{"damage":0,"enemies":"Cultist","floor":2,"turns":2},{"damage":0,"enemies":"2 Louse","floor":4,"turns":3},{"damage":31,"enemies":"Gremlin Nob","floor":6,"turns":4},{"damage":6,"enemies":"Looter","floor":7,"turns":3},{"damage":10,"enemies":"3 Sentries","floor":10,"turns":5},{"damage":4,"enemies":"Red Slaver","floor":12,"turns":2},{"damage":2,"enemies":"Slime Boss","floor":16,"turns":7},{"damage":2,"enemies":"Chosen","floor":18,"turns":4},{"damage":5,"enemies":"3 Byrds","floor":21,"turns":5},{"damage":22,"enemies":"Cultist and Chosen","floor":24,"turns":6},{"damage":9,"enemies":"Shelled Parasite and Fungi","floor":25,"turns":5},{"damage":14,"enemies":"Slavers","floor":27,"turns":4},{"damage":7,"enemies":"Sentry and Sphere","floor":29,"turns":5},{"damage":0,"enemies":"Masked Bandits","floor":30,"turns":3},{"damage":8,"enemies":"Champ","floor":33,"turns":15},{"damage":0,"enemies":"Orb Walker","floor":35,"turns":4},{"damage":0,"enemies":"3 Darklings","floor":39,"turns":2},{"damage":0,"enemies":"4 Shapes","floor":41,"turns":2},{"damage":0,"enemies":"Reptomancer","floor":42,"turns":6},{"damage":14,"enemies":"Spire Growth","floor":46,"turns":3},{"damage":0,"enemies":"Giant Head","floor":47,"turns":3},{"damage":0,"enemies":"Donu and Deca","floor":50,"turns":4}],"seed_played":"4969126041994762747","potions_obtained":[{"floor":1,"key":"GamblersBrew"},{"floor":4,"key":"Explosive Potion"},{"floor":6,"key":"BlessingOfTheForge"},{"floor":7,"key":"PowerPotion"},{"floor":16,"key":"CultistPotion"},{"floor":17,"key":"Ancient Potion"},{"floor":21,"key":"BlessingOfTheForge"},{"floor":24,"key":"Block Potion"},{"floor":25,"key":"Dexterity Potion"},{"floor":29,"key":"SteroidPotion"},{"floor":33,"key":"Strength Potion"},{"floor":41,"key":"Regen Potion"},{"floor":42,"key":"Dexterity Potion"},{"floor":47,"key":"Fire Potion"},{"floor":48,"key":"Block Potion"},{"floor":48,"key":"Block Potion"}],"is_trial":false,"path_per_floor":["M","M","?","M","$","E","M","R","T","E","R","M","$","?","R","B",null,"M","?","?","M","$","R","M","M","T","E","R","M","?","?","R","B",null,"M","?","$","?","M","R","M","E","T","R","T","M","E","?","R","B",null],"character_chosen":"PRAEFECT","items_purchased":["Oddly Smooth Stone","rmod:aluminumsupply","Orrery"],"campfire_rested":3,"item_purchase_floors":[13,22,37],"current_hp_per_floor":[75,75,80,80,80,49,43,43,43,43,43,39,39,21,48,46,86,84,84,75,70,70,70,48,39,39,25,25,18,18,18,47,39,83,83,83,83,83,83,83,83,83,83,83,83,69,69,69,92,92],"gold":246,"neow_bonus":"TEN_PERCENT_HP_BONUS","is_daily":false,"chose_seed":false,"campfire_upgraded":6,"win_rate":0.0,"timestamp":1611154051,"path_taken":["M","M","?","M","$","E","M","R","T","E","R","M","?","?","R","BOSS","M","?","?","M","$","R","M","M","T","E","R","?","?","?","R","BOSS","M","?","$","?","M","R","M","E","T","R","?","?","E","?","R","BOSS"],"items_purchased_type":["Relic","Card","Relic"],"build_version":"2020-12-22","purchased_purges":2,"victory":true,"max_hp_per_floor":[82,82,82,82,82,82,82,82,82,92,92,92,92,92,92,92,97,97,97,97,97,97,97,97,97,97,97,97,97,97,97,97,97,97,97,97,97,92,92,92,92,92,92,92,92,92,92,92,92,92],"card_choices":[{"not_picked":["rmod:steelsupply","rmod:maintain"],"picked":"rmod:aviationdawn","floor":1},{"not_picked":["rmod:highspeedshooting","rmod:wolves"],"picked":"rmod:unsinkable","floor":2},{"not_picked":["rmod:victimresponsibility","rmod:combined"],"picked":"rmod:robin","floor":4},{"not_picked":["rmod:fletcher","rmod:salvage"],"picked":"rmod:intelligenceanalysis","floor":6},{"not_picked":["rmod:lonelyqueen","rmod:diamondstrike","rmod:garrisonisland"],"picked":"SKIP","floor":7},{"not_picked":["rmod:luckystar","rmod:intelligenceanalysis","rmod:timeschanged"],"picked":"SKIP","floor":10},{"not_picked":["rmod:intelligenceanalysis","rmod:luckystar","rmod:salvage"],"picked":"SKIP","floor":12},{"not_picked":["rmod:luckystar","rmod:highspeedshooting"],"picked":"rmod:openingtorpedo","floor":17},{"not_picked":["rmod:unsinkable","rmod:firesupport"],"picked":"rmod:supportescort","floor":18},{"not_picked":["rmod:unsinkable","rmod:fuelsupply+1","rmod:smokecover"],"picked":"SKIP","floor":21},{"not_picked":["rmod:tearstotiara","rmod:highspeedshooting+1","rmod:circuitoustactics+1"],"picked":"SKIP","floor":24},{"not_picked":["rmod:spoils","rmod:slowdown+1","rmod:diaomin"],"picked":"SKIP","floor":25},{"not_picked":["rmod:firesupport+1","rmod:steelsupply","rmod:fletcherpendant+1"],"picked":"SKIP","floor":27},{"not_picked":["rmod:concentratefire+1","rmod:generalist"],"picked":"rmod:smokecover+1","floor":29},{"not_picked":["rmod:expeditionaryescort","rmod:lastglory"],"picked":"rmod:abidefaith","floor":33},{"not_picked":["rmod:fletcherpendant","rmod:smokecover+1"],"picked":"rmod:aviationdawn","floor":35},{"not_picked":["rmod:aviationdawn+1","rmod:combined"],"picked":"rmod:ridicule","floor":37},{"not_picked":["rmod:goodfighter+1","rmod:aviationdawn","rmod:launchingtorpedo"],"picked":"SKIP","floor":39},{"not_picked":["rmod:supportescort+1","rmod:fuelsupply+1"],"picked":"rmod:circuitoustactics+1","floor":41},{"not_picked":["rmod:royalracing","rmod:highspeedshooting","rmod:victimresponsibility+1"],"picked":"SKIP","floor":42},{"not_picked":["rmod:tearstotiara","rmod:goodsister+1","rmod:overbreakdown+1"],"picked":"SKIP","floor":46},{"not_picked":["rmod:aluminumsupply+1","rmod:royalracing"],"picked":"rmod:openingtorpedo+1","floor":47}],"player_experience":189492,"relics_obtained":[{"floor":6,"key":"Potion Belt"},{"floor":9,"key":"Lantern"},{"floor":10,"key":"Pear"},{"floor":26,"key":"Dream Catcher"},{"floor":27,"key":"Matryoshka"},{"floor":30,"key":"Red Mask"},{"floor":42,"key":"Letter Opener"},{"floor":43,"key":"Pen Nib"},{"floor":43,"key":"Frozen Egg 2"},{"floor":45,"key":"Omamori"},{"floor":45,"key":"MealTicket"},{"floor":47,"key":"Boot"}],"event_choices":[{"cards_removed":["rmod:unsinkable"],"damage_healed":5,"gold_gain":0,"player_choice":"Offered Common","damage_taken":0,"max_hp_gain":0,"max_hp_loss":0,"event_name":"Bonfire Elementals","floor":3,"gold_loss":0},{"cards_removed":["rmod:unsinkable"],"damage_healed":5,"gold_gain":0,"player_choice":"Offered Special","damage_taken":0,"max_hp_gain":0,"max_hp_loss":0,"event_name":"Bonfire Elementals","floor":3,"gold_loss":0},{"damage_healed":0,"gold_gain":0,"player_choice":"Entered Light","damage_taken":18,"max_hp_gain":0,"max_hp_loss":0,"event_name":"Shining Light","floor":14,"gold_loss":0,"cards_upgraded":["rmod:defend","rmod:strick"]},{"damage_healed":0,"gold_gain":0,"player_choice":"Read","damage_taken":0,"max_hp_gain":0,"max_hp_loss":0,"event_name":"The Library","floor":19,"gold_loss":0,"cards_obtained":["rmod:royalracing"]},{"damage_healed":0,"gold_gain":0,"player_choice":"Damaged","damage_taken":9,"max_hp_gain":0,"max_hp_loss":0,"event_name":"Wheel of Change","floor":20,"gold_loss":0},{"damage_healed":0,"gold_gain":0,"player_choice":"Fought Bandits","damage_taken":0,"max_hp_gain":0,"max_hp_loss":0,"event_name":"Masked Bandits","floor":30,"gold_loss":0},{"damage_healed":0,"gold_gain":0,"player_choice":"Inject Mutagens","damage_taken":0,"relics_obtained":["MutagenicStrength"],"max_hp_gain":0,"max_hp_loss":0,"event_name":"Drug Dealer","floor":31,"gold_loss":0},{"cards_removed":["rmod:abidefaith"],"damage_healed":0,"gold_gain":0,"player_choice":"Removed Power","damage_taken":0,"max_hp_gain":0,"max_hp_loss":0,"event_name":"Falling","floor":36,"gold_loss":0},{"damage_healed":0,"gold_gain":0,"player_choice":"Max HP","damage_taken":0,"max_hp_gain":0,"max_hp_loss":5,"event_name":"Winding Halls","floor":38,"gold_loss":0},{"damage_healed":0,"gold_gain":0,"player_choice":"Bought 3 Potions","damage_taken":0,"max_hp_gain":0,"max_hp_loss":0,"event_name":"The Woman in Blue","floor":48,"gold_loss":0}],"is_beta":false,"boss_relics":[{"not_picked":["Cursed Key","Coffee Dripper"],"picked":"Tiny House"},{"not_picked":["Fusion Hammer","Runic Pyramid"],"picked":"Runic Dome"}],"items_purged_floors":[22,37],"is_endless":false,"potions_floor_spawned":[1,4,6,7,16,21,24,25,29,33,41,42,47],"ascension_level":7}}