{"host":"jfdrqiydeufe5vnu","time":1611125123,"event":{"mods":["ATMod(阿瑾Mod)","Arknights The Spire","BaseMod","BetterRewards","Downfall","Energized Spire","LagranYue(拉格朗・月)","Minty Spire (QoL Compilation)","Spicy Shops","StSLib","TestMod","UnlockEverythingMod","vexMod","【遗物卡牌】REMEMod","篝火指南"],"gold_per_floor":[118,118,36,48,58,58,90,90,144,144,170,199,211,224,224,301,301,312,42,42,58,74,109,29,43,43,69,143,158,213,234,15,98,98,118,118,36,45,70,27,63,76,76,96,122,122,138,150,150,150,150,150,150,29,67,67],"floor_reached":57,"language":"ZHS","playtime":1332,"items_purged":["Bash","Normality","Pain"],"score":3837,"play_id":"5a9d189d-e34e-4c8d-871d-bda71a693ee9","local_time":"20210120144523","is_ascension_mode":true,"campfire_choices":[{"data":"testmod-FightingIntention","floor":6,"key":"SMITH"},{"data":"Inflame","floor":8,"key":"SMITH"},{"floor":15,"key":"RECALL"},{"data":"1","floor":49,"key":"LIFT"},{"data":"2","floor":53,"key":"LIFT"}],"circlet_count":0,"master_deck":["AscendersBane","Strike_R","Strike_R","Strike_R","Strike_R","Strike_R","Defend_R","Defend_R","Defend_R","Defend_R","AT_FamilyPortrait","testmod-FightingIntention+1","Iron Wave","Clash","Inflame+1","Flex","AT_IchimonjiDouble","Bloodletting","Cleave","Limit Break","AT_EmpoweredMortalDraw","AT_ManFootWork","Intimidate","Flex","Pommel Strike","Clash+1","Flame Barrier","Offering","AT_DrawKnifeCut","Armaments","Cleave+1","Intimidate","Inflame+1","Heavy Blade","Warcry+1"],"relics":["Burning Blood","REME_ComplimentaryCards","testmod-TestBox","LagranYue:RandomDrawCardRelic","testmod-AssaultLearning","Membership Card","vexMod:Cooldron","vexMod:BarristanHead","AT_BladeRuinedKing","vexMod:ScavengeHelm","Torii","Vajra","testmod-Register","HandDrill","Blood Vial","Centennial Puzzle","Self Forming Clay","testmod-FatalChain","vexMod:InvisibilityCloak","PreservedInsect","Pear","TheAbacus","testmod-CyclicPeriapt","testmod-TurbochargingSystem","AT_ArcaneBoots","testmod-BlackFramedGlasses","AT_BellowingDragoncrestRing","WarpedTongs","Lantern","Oddly Smooth Stone","Tiny Chest","Bronze Scales","Odd Mushroom","AT_MortalBlade","Sling","Orichalcum","Ginger","OrangePellets","Peace Pipe","Bottled Lightning","CeramicFish","Shuriken","vexMod:GhostlyGear","Fusion Hammer","testmod-TestBox","Happy Flower","Art of War","AT_EbonyIvory","Girya","Unceasing Top","AT_SunfireAegis","Cauldron","vexMod:MemoryStick"],"acts_visited":["Exordium","TheCity","TheBeyond","TheEnding"],"potions_floor_usage":[4,7,11,11,11,12,16,21,23,23,27,27,29,30,30,31,33,33,35,42,44,47,48,55,56,56],"damage_taken":[{"damage":1,"enemies":"Cultist","floor":1,"turns":3},{"damage":0,"enemies":"Jaw Worm","floor":4,"turns":1},{"damage":2,"enemies":"Small Slimes","floor":5,"turns":1},{"damage":1,"enemies":"Gremlin Nob","floor":7,"turns":2},{"damage":3,"enemies":"3 Sentries","floor":11,"turns":2},{"damage":5,"enemies":"The Mushroom Lair","floor":12,"turns":2},{"damage":0,"enemies":"Exordium Wildlife","floor":13,"turns":2},{"damage":3,"enemies":"Large Slime","floor":14,"turns":2},{"damage":10,"enemies":"Hexaghost","floor":16,"turns":4},{"damage":1,"enemies":"Spheric Guardian","floor":18,"turns":1},{"damage":3,"enemies":"Shell Parasite","floor":21,"turns":2},{"damage":0,"enemies":"Sentry and Sphere","floor":22,"turns":2},{"damage":0,"enemies":"Gremlin Leader","floor":23,"turns":1},{"damage":0,"enemies":"Chosen and Byrds","floor":25,"turns":2},{"damage":0,"enemies":"Slavers","floor":27,"turns":2},{"damage":0,"enemies":"Snecko","floor":29,"turns":2},{"damage":6,"enemies":"Book of Stabbing","floor":30,"turns":2},{"damage":2,"enemies":"Snake Plant","floor":31,"turns":2},{"damage":3,"enemies":"Champ","floor":33,"turns":4},{"damage":3,"enemies":"Orb Walker","floor":35,"turns":1},{"damage":16,"enemies":"3 Shapes","floor":39,"turns":2},{"damage":0,"enemies":"Giant Head","floor":41,"turns":4},{"damage":0,"enemies":"3 Darklings","floor":42,"turns":1},{"damage":16,"enemies":"Sphere and 2 Shapes","floor":44,"turns":2},{"damage":0,"enemies":"Transient","floor":45,"turns":4},{"damage":6,"enemies":"Spire Growth","floor":47,"turns":2},{"damage":0,"enemies":"3 Darklings","floor":48,"turns":2},{"damage":10,"enemies":"Time Eater","floor":50,"turns":3},{"damage":0,"enemies":"Donu and Deca","floor":51,"turns":3},{"damage":1,"enemies":"Shield and Spear","floor":55,"turns":2},{"damage":39,"enemies":"The Heart","floor":56,"turns":5}],"seed_played":"2436579860281618104","potions_obtained":[{"floor":4,"key":"EntropicBrew"},{"floor":7,"key":"EntropicBrew"},{"floor":11,"key":"EntropicBrew"},{"floor":12,"key":"EntropicBrew"},{"floor":21,"key":"EntropicBrew"},{"floor":23,"key":"EntropicBrew"},{"floor":27,"key":"EntropicBrew"},{"floor":29,"key":"EntropicBrew"},{"floor":31,"key":"EntropicBrew"},{"floor":35,"key":"EntropicBrew"},{"floor":42,"key":"EntropicBrew"},{"floor":44,"key":"EntropicBrew"},{"floor":48,"key":"EntropicBrew"},{"floor":54,"key":"ColorlessPotion"},{"floor":54,"key":"Strength Potion"},{"floor":55,"key":"EntropicBrew"}],"is_trial":false,"path_per_floor":["M","?","$","M","M","R","E","R","T","?","E","?","M","M","R","B",null,"M","$","?","M","M","E","$","M","T","E","T","M","E","M","R","B",null,"M","?","$","?","M","R","E","M","T","M","M","T","M","M","R","B","B",null,"R","$","E","B",null],"character_chosen":"IRONCLAD","items_purchased":["Membership Card","vexMod:Cooldron","vexMod:BarristanHead","AT_BladeRuinedKing","vexMod:ScavengeHelm","Vajra","testmod-Register","HandDrill","Blood Vial","Centennial Puzzle","Self Forming Clay","vexMod:InvisibilityCloak","PreservedInsect","Pear","TheAbacus","testmod-TurbochargingSystem","AT_SpeedBoots","AT_BellowingDragoncrestRing","Lantern","Sling","Orichalcum","AT_ManFootWork","OrangePellets","Shuriken","vexMod:GhostlyGear","Happy Flower","Art of War","AT_SunfireAegis","Cauldron"],"campfire_rested":0,"item_purchase_floors":[0,0,0,0,0,0,0,0,0,0,0,0,0,0,0,0,0,0,3,19,19,19,24,32,32,37,40,54,54],"current_hp_per_floor":[40,40,40,49,56,56,65,65,65,65,72,77,85,85,85,83,85,85,85,85,85,85,85,85,85,85,85,85,85,85,85,85,85,85,85,85,85,85,75,75,85,85,85,76,85,85,85,85,85,82,85,85,85,85,85,56],"gold":67,"neow_bonus":"","is_daily":false,"chose_seed":false,"campfire_upgraded":2,"win_rate":0.0,"timestamp":1611125123,"path_taken":["M","?","$","M","?","R","E","R","T","?","E","?","M","M","R","BOSS","M","$","?","M","M","E","$","M","T","E","?","M","E","M","R","BOSS","M","?","$","?","M","R","E","M","T","M","?","?","?","M","R","BOSS","BOSS","R","$","E","BOSS"],"items_purchased_type":["Relic","Relic","Relic","Relic","Relic","Relic","Relic","Relic","Relic","Relic","Relic","Relic","Relic","Relic","Relic","Relic","Relic","Relic","Relic","Relic","Relic","Card","Relic","Relic","Relic","Relic","Relic","Relic","Relic"],"build_version":"2020-12-22","purchased_purges":3,"victory":true,"max_hp_per_floor":[85,85,85,85,85,85,85,85,85,85,85,85,85,85,85,85,85,85,85,85,85,85,85,85,85,85,85,85,85,85,85,85,85,85,85,85,85,85,85,85,85,85,85,85,85,85,85,85,85,85,85,85,85,85,85,85],"card_choices":[{"not_picked":["Twin Strike","Entrench"],"picked":"Carnage","floor":1},{"not_picked":["Feel No Pain","AT_CaressingTears"],"picked":"Iron Wave","floor":4},{"not_picked":["Uppercut","Whirlwind"],"picked":"Clash","floor":5},{"not_picked":["Perfected Strike","AT_BodySlamDance"],"picked":"Inflame","floor":7},{"not_picked":["Anger","Thunderclap"],"picked":"Flex","floor":11},{"not_picked":["AT_CaressingTears","Rupture"],"picked":"AT_IchimonjiDouble","floor":12},{"not_picked":["Fire Breathing","Armaments"],"picked":"Bloodletting","floor":13},{"not_picked":["AT_CaressingTears","Havoc"],"picked":"Cleave","floor":14},{"not_picked":["Reaper","Double Tap"],"picked":"Limit Break","floor":16},{"not_picked":["Burning Pact","Iron Wave","Armaments"],"picked":"SKIP","floor":18},{"not_picked":["Wild Strike","Sentinel"],"picked":"Intimidate","floor":21},{"not_picked":["Bloodletting","Thunderclap+1"],"picked":"Flex","floor":22},{"not_picked":["Battle Trance","Spot Weakness+1"],"picked":"Pommel Strike","floor":23},{"not_picked":["Sentinel","Clash","Corruption"],"picked":"SKIP","floor":25},{"not_picked":["Headbutt+1","REME_SingleHolding","REME_FearOfPain+1"],"picked":"SKIP","floor":27},{"not_picked":["REME_SingleHolding","Twin Strike"],"picked":"Clash+1","floor":29},{"not_picked":["Headbutt","AT_DiedThrough","REME_TheLastStrike"],"picked":"SKIP","floor":30},{"not_picked":["Twin Strike","Cleave"],"picked":"Flame Barrier","floor":31},{"not_picked":["AT_Dispersion","Exhume"],"picked":"Offering","floor":33},{"not_picked":["Iron Wave","Cleave"],"picked":"AT_DrawKnifeCut","floor":35},{"not_picked":["Anger","Perfected Strike"],"picked":"Cleave+1","floor":39},{"not_picked":["Dropkick","Shrug It Off"],"picked":"Intimidate","floor":41},{"not_picked":["AT_GerminateFire","Havoc","Wild Strike"],"picked":"SKIP","floor":42},{"not_picked":["Headbutt+1","Warcry+1"],"picked":"Inflame+1","floor":44},{"not_picked":["Hemokinesis","AT_ManFootWork"],"picked":"Heavy Blade","floor":45},{"not_picked":["Iron Wave","Sword Boomerang","Clash+1"],"picked":"SKIP","floor":47},{"not_picked":["REME_FearOfPain","Anger+1","Reckless Charge"],"picked":"SKIP","floor":48},{"not_picked":["Ghostly Armor","REME_SingleHolding+1"],"picked":"Warcry+1","floor":55}],"player_experience":82436,"relics_obtained":[{"floor":7,"key":"Oddly Smooth Stone"},{"floor":9,"key":"Tiny Chest"},{"floor":11,"key":"Bronze Scales"},{"floor":12,"key":"Odd Mushroom"},{"floor":23,"key":"Ginger"},{"floor":27,"key":"Peace Pipe"},{"floor":28,"key":"Bottled Lightning"},{"floor":30,"key":"CeramicFish"},{"floor":41,"key":"AT_EbonyIvory"},{"floor":43,"key":"Girya"},{"floor":46,"key":"Unceasing Top"},{"floor":55,"key":"vexMod:MemoryStick"}],"event_choices":[{"damage_healed":0,"gold_gain":0,"player_choice":"Rummage","damage_taken":0,"relics_obtained":["WarpedTongs"],"max_hp_gain":0,"max_hp_loss":0,"event_name":"Accursed Blacksmith","floor":2,"gold_loss":0,"cards_obtained":["Pain"]},{"damage_healed":0,"gold_gain":0,"player_choice":"Fought Mushrooms","damage_taken":0,"max_hp_gain":0,"max_hp_loss":0,"event_name":"Mushrooms","floor":12,"gold_loss":0},{"damage_healed":0,"gold_gain":0,"player_choice":"Swap Relic","damage_taken":0,"relics_obtained":["testmod-TestBox"],"max_hp_gain":0,"max_hp_loss":0,"event_name":"给自己的盒子","floor":36,"relics_lost":["AT_ATBox"],"gold_loss":0},{"damage_healed":0,"gold_gain":0,"cards_transformed":["Carnage"],"player_choice":"Transformed","damage_taken":0,"max_hp_gain":0,"max_hp_loss":0,"event_name":"Transmorgrifier","floor":38,"gold_loss":0,"cards_obtained":["Armaments"]}],"is_beta":false,"boss_relics":[{"not_picked":["vexMod:DeviousBotling","REME_DemonsWealth"],"picked":"AT_MortalBlade"},{"not_picked":["vexMod:BigBerry","Coffee Dripper"],"picked":"Fusion Hammer"}],"items_purged_floors":[0,3,19],"is_endless":false,"potions_floor_spawned":[4,7,11,12,21,23,27,29,31,35,42,44,48,55],"ascension_level":20}}