{"host":"mg3e76uznu9x14du","time":1611180400,"event":{"mods":["BaseMod","Colored Map","Downfall","Minty Spire (QoL Compilation)","Permanent Neow","Relic Stats","StSLib","Waifu the Spire","everything is the same but u backflip on backflip"],"gold_per_floor":[99,111,111,96,112,562,587,616,616,633,633,633,633],"floor_reached":11,"language":"ENG","playtime":390,"items_purged":[],"score":71,"play_id":"bde95dac-4778-438e-9edc-33ef2971e879","local_time":"20210120170640","is_ascension_mode":false,"campfire_choices":[{"data":"bronze:Replicate","floor":1,"key":"SMITH"}],"circlet_count":0,"master_deck":["bronze:Strike","bronze:Strike","bronze:Strike","bronze:Defend","bronze:Defend","bronze:Defend","bronze:Defend","bronze:Replicate+1","bronze:Goto","bronze:WhirlingStrike","bronze:BugBarrage","bronze:CloningBeam","downfall:Icky","downfall:Icky","downfall:Icky","bronze:Fortify","Parasite","bronze:ShipIt"],"relics":["bronze:BronzeCore","StrikeDummy"],"acts_visited":["Exordium"],"potions_floor_usage":[11],"damage_taken":[{"damage":0,"enemies":"2 Louse","floor":2,"turns":3},{"damage":0,"enemies":"downfall:FleeingMerchant","floor":4,"turns":4},{"damage":1,"enemies":"Cultist","floor":5,"turns":3},{"damage":52,"enemies":"Gremlin Nob","floor":8,"turns":6},{"damage":11,"enemies":"Jaw Worm","floor":10,"turns":2},{"damage":34,"enemies":"Lagavulin","floor":11,"turns":7}],"seed_played":"-1196773976282262254","potions_obtained":[{"floor":10,"key":"PowerPotion"}],"is_trial":false,"path_per_floor":["R","M","?","$","M","?","T","E","?","M","E"],"character_chosen":"THE_AUTOMATON","items_purchased":[],"campfire_rested":0,"item_purchase_floors":[],"current_hp_per_floor":[77,77,77,77,76,76,76,24,43,32,0,0,0],"gold":633,"neow_bonus":"TEN_PERCENT_HP_BONUS","is_daily":false,"chose_seed":false,"campfire_upgraded":1,"win_rate":0.0,"timestamp":1611180400,"path_taken":["R","M","?","?","?","?","T","E","?","M","E"],"items_purchased_type":[],"build_version":"2020-12-22","purchased_purges":0,"victory":false,"max_hp_per_floor":[77,77,77,77,77,77,77,77,77,77,77,77,77],"relic_stats":{"counters":[6,25],"obtain_stats":[{"bronze:BronzeCore":0,"StrikeDummy":8},{"bronze:BronzeCore":0,"StrikeDummy":4},{"bronze:BronzeCore":0,"StrikeDummy":16}]},"card_choices":[{"not_picked":["bronze:Deprecate","bronze:DelayedGuard"],"picked":"bronze:WhirlingStrike","floor":2},{"not_picked":["bronze:Frontload","bronze:ForceShield"],"picked":"bronze:BugBarrage","floor":4},{"not_picked":["bronze:ChildClass","bronze:Return"],"picked":"bronze:CloningBeam","floor":5},{"not_picked":["bronze:Safeguard","bronze:ClassDefault"],"picked":"bronze:Fortify","floor":8},{"not_picked":["bronze:FollowUp","bronze:FineTuning"],"picked":"bronze:ShipIt","floor":10}],"player_experience":458104,"relics_obtained":[{"floor":8,"key":"StrikeDummy"}],"event_choices":[{"cards_removed":["bronze:Strike"],"damage_healed":0,"gold_gain":0,"player_choice":"Offered Basic","damage_taken":0,"max_hp_gain":0,"max_hp_loss":0,"event_name":"Bonfire Elementals","floor":3,"gold_loss":0},{"damage_healed":19,"gold_gain":0,"player_choice":"Healed and dodged fight","damage_taken":0,"max_hp_gain":0,"max_hp_loss":0,"event_name":"Mushrooms","floor":9,"gold_loss":0,"cards_obtained":["Parasite"]}],"is_beta":false,"boss_relics":[],"items_purged_floors":[],"is_endless":false,"potions_floor_spawned":[10],"killed_by":"Lagavulin","ascension_level":0}}