{"host":"nbmmy2ys5j9alw05","time":1611149511,"event":{"mods":["AchievementEnabler","BaseMod","Bestiary","Better Vampires","Colored Map","Colored Powertips","Googly Eyes","Minty Spire (QoL Compilation)","Quick Restart","StSLib","The Hierophant","The IronCluck","everything is the same but u backflip on backflip"],"gold_per_floor":[113,166,266,218,237,265,275,286,286,308,308,336,336,351,351,341,341],"floor_reached":16,"language":"ENG","playtime":505,"items_purged":[],"score":157,"play_id":"aa32a928-424a-499b-a3fe-42188e937676","local_time":"20210120053151","is_ascension_mode":true,"campfire_choices":[{"floor":11,"key":"REST"},{"floor":13,"key":"REST"},{"data":"hierophant:DisplayOfPower","floor":15,"key":"SMITH"}],"circlet_count":0,"master_deck":["hierophant:Strike_Hierophant","hierophant:Strike_Hierophant","hierophant:Strike_Hierophant","hierophant:Strike_Hierophant","hierophant:Punish","hierophant:Defend_Hierophant","hierophant:Defend_Hierophant","hierophant:Defend_Hierophant","hierophant:Defend_Hierophant","hierophant:ChurchCoffers","hierophant:FlamingChariot","hierophant:FieryStrike","hierophant:Bribe","hierophant:HammerAndAnvil","hierophant:DisplayOfPower+1","hierophant:RepressedViolence"],"relics":["hierophant:PropheticMaskRelic","NeowsBlessing","Bird Faced Urn","Odd Mushroom","Ginger","Gambling Chip","Dead Branch"],"acts_visited":["Exordium"],"potions_floor_usage":[12],"damage_taken":[{"damage":0,"enemies":"Jaw Worm","floor":1,"turns":1},{"damage":0,"enemies":"Cultist","floor":5,"turns":1},{"damage":0,"enemies":"3 Sentries","floor":6,"turns":1},{"damage":0,"enemies":"Small Slimes","floor":7,"turns":3},{"damage":24,"enemies":"The Mushroom Lair","floor":8,"turns":5},{"damage":29,"enemies":"Gremlin Nob","floor":10,"turns":5},{"damage":27,"enemies":"3 Sentries","floor":12,"turns":6},{"damage":11,"enemies":"Looter","floor":14,"turns":2},{"damage":7,"enemies":"Hexaghost","floor":16,"turns":5}],"seed_played":"-6133085139869926000","potions_obtained":[{"floor":6,"key":"FearPotion"},{"floor":10,"key":"ColorlessPotion"},{"floor":12,"key":"SpeedPotion"},{"floor":14,"key":"AttackPotion"}],"is_trial":false,"path_per_floor":["M","?","?","$","M","E","M","?","T","E","R","E","R","M","R","B"],"character_chosen":"HIEROPHANT","items_purchased":["hierophant:FieryStrike"],"campfire_rested":2,"item_purchase_floors":[4],"current_hp_per_floor":[75,75,75,75,75,75,75,51,51,22,44,17,39,28,28,21,21],"gold":341,"neow_bonus":"THREE_ENEMY_KILL","is_daily":false,"chose_seed":false,"campfire_upgraded":1,"win_rate":0.0,"timestamp":1611149511,"path_taken":["M","?","?","$","?","E","M","?","T","E","R","E","R","M","R","BOSS"],"items_purchased_type":["Card"],"build_version":"2020-12-22","purchased_purges":0,"victory":false,"max_hp_per_floor":[75,75,75,75,75,75,75,75,75,75,75,75,75,75,75,75,75],"card_choices":[{"not_picked":["hierophant:Doubloon","hierophant:DisplayOfPower"],"picked":"hierophant:FlamingChariot","floor":1},{"not_picked":["hierophant:OrnateJavelin","hierophant:MorningPrayer"],"picked":"hierophant:Bribe","floor":5},{"not_picked":["hierophant:Refuge","hierophant:Upheaval"],"picked":"hierophant:HammerAndAnvil","floor":6},{"not_picked":["hierophant:Encroach","hierophant:Racketeering","hierophant:AuricShield"],"picked":"SKIP","floor":7},{"not_picked":["hierophant:Encroach","hierophant:Racketeering","hierophant:AuricShield"],"picked":"SKIP","floor":7},{"not_picked":["hierophant:HammerAndAnvil","hierophant:PristineSoul","hierophant:Cornucopia"],"picked":"SKIP","floor":10},{"not_picked":["hierophant:FlamingChariot","hierophant:SealAway"],"picked":"hierophant:DisplayOfPower","floor":12},{"not_picked":["hierophant:Mercenaries","hierophant:OrnateBuckler"],"picked":"hierophant:RepressedViolence","floor":14}],"player_experience":507013,"relics_obtained":[{"floor":6,"key":"Bird Faced Urn"},{"floor":8,"key":"Odd Mushroom"},{"floor":9,"key":"Ginger"},{"floor":10,"key":"Gambling Chip"},{"floor":12,"key":"Dead Branch"}],"event_choices":[{"damage_healed":0,"gold_gain":53,"player_choice":"Gained Gold","damage_taken":0,"max_hp_gain":0,"max_hp_loss":0,"event_name":"Golden Wing","floor":2,"gold_loss":0},{"damage_healed":0,"gold_gain":100,"player_choice":"Pray","damage_taken":0,"max_hp_gain":0,"max_hp_loss":0,"event_name":"Golden Shrine","floor":3,"gold_loss":0},{"damage_healed":0,"gold_gain":0,"player_choice":"Fought Mushrooms","damage_taken":0,"max_hp_gain":0,"max_hp_loss":0,"event_name":"Mushrooms","floor":8,"gold_loss":0}],"is_beta":false,"boss_relics":[],"items_purged_floors":[],"is_endless":false,"potions_floor_spawned":[6,10,12,14],"killed_by":"Hexaghost","ascension_level":2}}