{"host":"ml80p9p157c7xd90","time":1611134541,"event":{"mods":["Ascension Unlocker","Aspiration","BaseMod","Bestiary","Better Altar","Better Match","Better Note","Better Sensory Stone","Better Skull","Better Third Choice","Colored Map","Conspire","Dark Map","Downfall","Friendly Minions","Halation","Hubris","Minty Spire (QoL Compilation)","Relic Stats","StSLib","Wandering Minibosses"],"gold_per_floor":[99,99,99,117,117,145,145,145,145,145],"floor_reached":8,"language":"ENG","playtime":196,"items_purged":[],"score":104,"play_id":"d599d2bb-ee45-428c-af91-6644eaedb696","local_time":"20210120022221","is_ascension_mode":true,"campfire_choices":[{"data":"bronze:Goto","floor":1,"key":"SMITH"}],"circlet_count":0,"master_deck":["AscendersBane","bronze:Strike","bronze:Strike","bronze:Strike","bronze:Defend","bronze:Defend","bronze:Defend","bronze:Defend","bronze:Replicate","bronze:Goto+1","bronze:Virus","bronze:Flail"],"relics":["conspire:RoyalGoblet","hubris:Towel","downfall:ShatteredFragment","conspire:GiftBox","Shovel"],"acts_visited":["Exordium"],"potions_floor_usage":[],"damage_taken":[{"damage":2,"enemies":"Jaw Worm","floor":4,"turns":5},{"damage":32,"enemies":"Gremlin Nob","floor":6,"turns":4},{"damage":0,"enemies":"3 Sentries","floor":8,"turns":2}],"seed_played":"7114569336911148039","potions_obtained":[],"is_trial":false,"path_per_floor":["R","?","?","M","?","E","T","E"],"character_chosen":"THE_AUTOMATON","items_purchased":[],"campfire_rested":0,"item_purchase_floors":[],"current_hp_per_floor":[57,57,57,55,34,2,2,2,2,2],"gold":145,"neow_bonus":"BOSS_RELIC","is_daily":false,"chose_seed":false,"campfire_upgraded":1,"win_rate":0.0,"timestamp":1611134541,"path_taken":["R","?","?","M","?","E","T","E"],"items_purchased_type":[],"build_version":"2020-12-22","purchased_purges":0,"victory":false,"max_hp_per_floor":[63,63,63,63,63,63,63,63,63,63],"relic_stats":{"Shovel":0,"counters":[3,11],"obtain_stats":[{"conspire:GiftBox":6,"bronze:BronzeCore":0,"downfall:ShatteredFragment":5,"Shovel":7,"conspire:RoyalGoblet":0,"hubris:Towel":3},{"conspire:GiftBox":2,"bronze:BronzeCore":0,"downfall:ShatteredFragment":1,"Shovel":2,"conspire:RoyalGoblet":0,"hubris:Towel":0},{"conspire:GiftBox":9,"bronze:BronzeCore":0,"downfall:ShatteredFragment":5,"Shovel":9,"conspire:RoyalGoblet":0,"hubris:Towel":0}]},"card_choices":[{"not_picked":["bronze:Turbo","bronze:Separator","bronze:Shield"],"picked":"SKIP","floor":4},{"not_picked":["bronze:Mutator","bronze:HyperBeam"],"picked":"bronze:Virus","floor":6},{"not_picked":["bronze:Turbo","bronze:HardenedForm"],"picked":"bronze:Flail","floor":6}],"player_experience":442259,"relics_obtained":[{"floor":6,"key":"conspire:GiftBox"},{"floor":7,"key":"Shovel"}],"event_choices":[{"cards_removed":["bronze:Strike"],"damage_healed":0,"gold_gain":0,"player_choice":"Card Removal","damage_taken":0,"max_hp_gain":0,"max_hp_loss":0,"event_name":"The Cleric","floor":2,"gold_loss":0}],"is_beta":false,"boss_relics":[],"items_purged_floors":[],"is_endless":false,"potions_floor_spawned":[],"killed_by":"3 Sentries","ascension_level":20}}