{"host":"w3q5ijqu8eoknil3","time":1611119616,"event":{"mods":["AchievementEnabler","BaseMod","Block Reminder","Colored Powertips","Curses Come First","Minty Spire (QoL Compilation)","Quick Restart","Relic Stats","StSLib","ojb\u0027s Better Paths Mod","ojb\u0027s Info Mod","slay the spire mod where everything is the same but ironclad has a cowboy hat"],"gold_per_floor":[118,130,149,149,168,168,178,207,257,320,320,341,355,355,355],"floor_reached":14,"language":"ENG","playtime":453,"items_purged":[],"score":179,"play_id":"70afce29-e860-4326-ab82-64cac6b2455e","local_time":"20210120051336","is_ascension_mode":true,"campfire_choices":[{"data":"Skewer","floor":6,"key":"SMITH"}],"circlet_count":0,"master_deck":["AscendersBane","Strike_G","Strike_G","Strike_G","Strike_G","Strike_G","Defend_G","Defend_G","Defend_G","Defend_G","Defend_G","Survivor","Neutralize","Dagger Spray","Blade Dance","Skewer+1","Reflex","PiercingWail","Dash","Noxious Fumes","Deadly Poison"],"relics":["Ring of the Snake","NeowsBlessing","Ornamental Fan","Lantern","Golden Idol"],"acts_visited":["Exordium"],"potions_floor_usage":[5,14,14],"damage_taken":[{"damage":0,"enemies":"Jaw Worm","floor":1,"turns":1},{"damage":0,"enemies":"Small Slimes","floor":2,"turns":1},{"damage":0,"enemies":"2 Louse","floor":3,"turns":1},{"damage":2,"enemies":"Red Slaver","floor":5,"turns":3},{"damage":3,"enemies":"2 Fungi Beasts","floor":7,"turns":3},{"damage":33,"enemies":"3 Sentries","floor":8,"turns":9},{"damage":0,"enemies":"3 Louse","floor":12,"turns":4},{"damage":3,"enemies":"Looter","floor":13,"turns":3},{"damage":24,"enemies":"Lagavulin","floor":14,"turns":6}],"seed_played":"6680165081486496266","potions_obtained":[{"floor":2,"key":"Swift Potion"},{"floor":7,"key":"Swift Potion"},{"floor":8,"key":"Dexterity Potion"}],"is_trial":false,"path_per_floor":["M","M","M","?","M","R","M","E","T","?","?","M","M","E"],"character_chosen":"THE_SILENT","items_purchased":[],"campfire_rested":0,"item_purchase_floors":[],"current_hp_per_floor":[59,59,59,59,57,57,54,21,21,21,21,21,18,0,0],"gold":355,"neow_bonus":"THREE_ENEMY_KILL","is_daily":false,"chose_seed":false,"campfire_upgraded":1,"win_rate":0.0,"timestamp":1611119616,"path_taken":["M","M","M","?","M","R","M","E","T","?","?","M","M","E"],"items_purchased_type":[],"build_version":"2020-12-22","purchased_purges":0,"victory":false,"max_hp_per_floor":[66,66,66,66,66,66,66,66,66,66,60,60,60,60,60],"relic_stats":{"counters":[9,31],"Ornamental Fan":[24],"Golden Idol":7,"obtain_stats":[{"Lantern":9,"NeowsBlessing":0,"Ornamental Fan":8,"Golden Idol":11,"Ring of the Snake":0},{"Lantern":6,"NeowsBlessing":0,"Ornamental Fan":6,"Golden Idol":6,"Ring of the Snake":0},{"Lantern":18,"NeowsBlessing":0,"Ornamental Fan":18,"Golden Idol":18,"Ring of the Snake":0}],"Ring of the Snake":[18]},"card_choices":[{"not_picked":["Sucker Punch","Prepared"],"picked":"Dagger Spray","floor":1},{"not_picked":["Leg Sweep","Distraction"],"picked":"Blade Dance","floor":2},{"not_picked":["Sucker Punch","Cloak And Dagger"],"picked":"Skewer","floor":3},{"not_picked":["Skewer","Flying Knee"],"picked":"Reflex","floor":5},{"not_picked":["Distraction","Flying Knee"],"picked":"PiercingWail","floor":7},{"not_picked":["Grand Finale","Eviscerate"],"picked":"Dash","floor":8},{"not_picked":["Slice","Acrobatics"],"picked":"Noxious Fumes","floor":12},{"not_picked":["Flechettes","Underhanded Strike"],"picked":"Deadly Poison","floor":13}],"player_experience":995080,"relics_obtained":[{"floor":8,"key":"Ornamental Fan"},{"floor":9,"key":"Lantern"}],"event_choices":[{"damage_healed":0,"gold_gain":0,"player_choice":"Ignored","damage_taken":0,"max_hp_gain":0,"max_hp_loss":0,"event_name":"Liars Game","floor":4,"gold_loss":0},{"damage_healed":0,"gold_gain":63,"player_choice":"Gained Gold","damage_taken":0,"max_hp_gain":0,"max_hp_loss":0,"event_name":"Golden Wing","floor":10,"gold_loss":0},{"damage_healed":0,"gold_gain":0,"player_choice":"Lose Max HP","damage_taken":0,"relics_obtained":["Golden Idol"],"max_hp_gain":0,"max_hp_loss":6,"event_name":"Golden Idol","floor":11,"gold_loss":0}],"is_beta":false,"boss_relics":[],"items_purged_floors":[],"is_endless":false,"potions_floor_spawned":[2,7,8,12,13],"killed_by":"Lagavulin","ascension_level":18}}