{"host":"foq4mrde4mssg7vt","time":1611150844,"event":{"mods":["AchievementEnabler","BaseMod","Colored Map","Colored Powertips","Highlight Path","Minty Spire (QoL Compilation)","Relic Stats","everything is the same but u backflip on backflip"],"gold_per_floor":[109,50,60,71,89,89,14,14,14,43,120,150,150,150,150,223,223,233,247,0,19,19,19,19,19],"floor_reached":24,"language":"ENG","playtime":807,"items_purged":[],"score":398,"play_id":"74e44c7e-fc22-4ab8-b9c6-4d5c0761a265","local_time":"20210120215404","is_ascension_mode":true,"campfire_choices":[{"floor":6.0,"key":"REST"},{"floor":8.0,"key":"RECALL"},{"floor":15.0,"key":"REST"},{"floor":23.0,"key":"REST"}],"circlet_count":0,"master_deck":["AscendersBane","Strike_B+1","Strike_B","Strike_B","Defend_B+1","Defend_B","Defend_B","Defend_B","Zap","Dualcast","Glacier","Streamline","Compile Driver","Sweeping Beam","Self Repair","Darkness","Consume","Biased Cognition","Force Field","Barrage","Ball Lightning"],"relics":["Fusion Hammer","Pantograph","Omamori","Darkstone Periapt","Inserter"],"acts_visited":["Exordium","TheCity"],"potions_floor_usage":[24,24],"damage_taken":[{"damage":7.0,"enemies":"Jaw Worm","floor":1.0,"turns":3.0},{"damage":0.0,"enemies":"Small Slimes","floor":3.0,"turns":4.0},{"damage":0.0,"enemies":"2 Louse","floor":4.0,"turns":2.0},{"damage":12.0,"enemies":"Looter","floor":5.0,"turns":3.0},{"damage":12.0,"enemies":"3 Sentries","floor":10.0,"turns":11.0},{"damage":8.0,"enemies":"Lagavulin","floor":12.0,"turns":7.0},{"damage":40.0,"enemies":"The Guardian","floor":16.0,"turns":15.0},{"damage":32.0,"enemies":"Chosen","floor":18.0,"turns":8.0},{"damage":6.0,"enemies":"Spheric Guardian","floor":19.0,"turns":8.0},{"damage":24.0,"enemies":"Centurion and Healer","floor":21.0,"turns":11.0},{"damage":48,"enemies":"Gremlin Leader","floor":24,"turns":2}],"seed_played":"-4093750014165975158","potions_obtained":[{"floor":1.0,"key":"PowerPotion"},{"floor":3.0,"key":"Swift Potion"},{"floor":10.0,"key":"FocusPotion"}],"is_trial":false,"path_per_floor":["M","$","M","M","M","R","?","R","T","E","?","E","?","?","R","B",null,"M","M","?","M","?","R","E"],"character_chosen":"DEFECT","items_purchased":["Streamline"],"campfire_rested":3,"item_purchase_floors":[2],"current_hp_per_floor":[57,57,57,57,45,66,66,66,66,61,61,60,39,39,60,38,63,38,39,39,22,22,43,0,0],"gold":19,"neow_bonus":"BOSS_RELIC","is_daily":false,"chose_seed":false,"campfire_upgraded":0,"win_rate":0.0,"timestamp":1611150844,"path_taken":["M","$","M","M","M","R","?","R","T","E","?","E","?","?","R","BOSS","M","M","?","M","?","R","E"],"items_purchased_type":["Card"],"build_version":"2020-12-22","purchased_purges":0,"victory":false,"max_hp_per_floor":[71,71,71,71,71,71,71,71,71,71,71,71,71,71,71,71,71,71,71,71,71,71,71,71,71],"relic_stats":{"Darkstone Periapt":0,"Inserter":[14],"counters":[11,74],"Pantograph":11,"obtain_stats":[{"Darkstone Periapt":12,"Inserter":17,"Pantograph":9,"Fusion Hammer":0,"Omamori":10,"Cracked Core":0},{"Darkstone Periapt":6,"Inserter":7,"Pantograph":4,"Fusion Hammer":0,"Omamori":5,"Cracked Core":0},{"Darkstone Periapt":30,"Inserter":45,"Pantograph":12,"Fusion Hammer":0,"Omamori":23,"Cracked Core":0}]},"card_choices":[{"not_picked":["Loop","Leap"],"picked":"Glacier","floor":1.0},{"not_picked":["Melter","Turbo"],"picked":"Compile Driver","floor":3.0},{"not_picked":["Streamline","Self Repair"],"picked":"Sweeping Beam","floor":4.0},{"not_picked":["Turbo","Redo"],"picked":"Self Repair","floor":5.0},{"not_picked":["Conserve Battery","Doom and Gloom"],"picked":"Darkness","floor":10.0},{"not_picked":["Seek","Cold Snap"],"picked":"Consume","floor":12.0},{"not_picked":["Electrodynamics","Meteor Strike"],"picked":"Biased Cognition","floor":16.0},{"not_picked":["Ball Lightning+1","Lockon"],"picked":"Force Field","floor":18.0},{"not_picked":["Stack","Compile Driver"],"picked":"Barrage","floor":19.0},{"not_picked":["Gash","Stack"],"picked":"Ball Lightning","floor":21.0}],"player_experience":514299,"relics_obtained":[{"floor":9.0,"key":"Pantograph"},{"floor":10.0,"key":"Omamori"},{"floor":12.0,"key":"Darkstone Periapt"}],"event_choices":[{"cards_removed":["Strike_B"],"damage_healed":0.0,"max_hp_gain":0.0,"max_hp_loss":0.0,"gold_gain":0.0,"event_name":"The Cleric","player_choice":"Card Removal","floor":7.0,"gold_loss":75.0,"damage_taken":0.0},{"damage_healed":0.0,"max_hp_gain":0.0,"max_hp_loss":0.0,"gold_gain":77.0,"event_name":"Golden Wing","player_choice":"Gained Gold","floor":11.0,"gold_loss":0.0,"damage_taken":0.0},{"damage_healed":0.0,"max_hp_gain":0.0,"max_hp_loss":0.0,"gold_gain":0.0,"event_name":"Shining Light","player_choice":"Entered Light","floor":13.0,"gold_loss":0.0,"damage_taken":21.0,"cards_upgraded":["Defend_B","Strike_B"]},{"damage_healed":0.0,"max_hp_gain":0.0,"max_hp_loss":0.0,"gold_gain":0.0,"event_name":"Dead Adventurer","player_choice":"Searched \u00270\u0027 times","floor":14.0,"gold_loss":0.0,"damage_taken":0.0},{"damage_healed":0.0,"max_hp_gain":0.0,"max_hp_loss":0.0,"gold_gain":0.0,"event_name":"Masked Bandits","player_choice":"Paid Fearfully","floor":20.0,"gold_loss":247.0,"damage_taken":0.0},{"damage_healed":0.0,"max_hp_gain":0.0,"max_hp_loss":0.0,"gold_gain":0.0,"event_name":"Cursed Tome","player_choice":"Ignored","floor":22.0,"gold_loss":0.0,"damage_taken":0.0}],"is_beta":false,"boss_relics":[{"not_picked":["Pandora\u0027s Box","Cursed Key"],"picked":"Inserter"}],"items_purged_floors":[],"is_endless":false,"potions_floor_spawned":[1,3,5,10,18],"killed_by":"Gremlin Leader","ascension_level":19}}