{"host":"t4313i2190y6fz3q","time":1611185883,"event":{"mods":["2.2 Compatiblity","AchievementEnabler","Act Like it!","BaseMod","Colored Powertips","Downfall","Highlight Path","Minty Spire (QoL Compilation)","Permanent Neow","Quick Restart","Rare Cards Sparkle","StSLib"],"gold_per_floor":[117,129,147,164,181,181,212,212,262,291,291,319,353,377,377,461,461,490,143,242,242,242,282,197,197,197,231,258,300,300,325,325,325,325],"floor_reached":33,"language":"ENG","playtime":1178,"items_purged":["Strike_G"],"score":602,"play_id":"1f671e18-68e7-4246-8cee-715e0a86fe62","local_time":"20210120153803","is_ascension_mode":true,"campfire_choices":[{"data":"Neutralize","floor":6.0,"key":"SMITH"},{"data":"Terror","floor":8.0,"key":"SMITH"},{"data":"Predator","floor":15.0,"key":"SMITH"},{"data":"Tools of the Trade","floor":25.0,"key":"SMITH"},{"data":"Phantasmal Killer","floor":30.0,"key":"SMITH"},{"data":"Skewer","floor":32.0,"key":"SMITH"}],"circlet_count":0,"master_deck":["AscendersBane","Strike_G","Strike_G","Strike_G","Strike_G","Defend_G","Defend_G","Defend_G","Defend_G","Defend_G","Survivor","Neutralize+1","Dagger Throw","Terror+1","Cloak And Dagger","Quick Slash","Slice","Dagger Throw","Predator+1","Underhanded Strike","Die Die Die","Slice","Tools of the Trade+1","Well Laid Plans+1","Blade Dance","Skewer+1","Phantasmal Killer+1","Dash","Underhanded Strike"],"relics":["Ring of the Snake","Bronze Scales","Gremlin Horn","CeramicFish","StrikeDummy","HoveringKite","Bottled Tornado","Strawberry","Sundial","HornCleat","Blue Candle","Boot","Pantograph"],"acts_visited":["Exordium","TheCity"],"potions_floor_usage":[33,33],"damage_taken":[{"damage":0.0,"enemies":"Cultist","floor":1.0,"turns":4.0},{"damage":2.0,"enemies":"Small Slimes","floor":2.0,"turns":4.0},{"damage":1.0,"enemies":"2 Louse","floor":3.0,"turns":3.0},{"damage":4.0,"enemies":"2 Fungi Beasts","floor":4.0,"turns":3.0},{"damage":1.0,"enemies":"3 Louse","floor":5.0,"turns":4.0},{"damage":17.0,"enemies":"3 Sentries","floor":7.0,"turns":7.0},{"damage":3.0,"enemies":"Large Slime","floor":10.0,"turns":5.0},{"damage":0.0,"enemies":"Lots of Slimes","floor":12.0,"turns":2.0},{"damage":12.0,"enemies":"Gremlin Nob","floor":13.0,"turns":3.0},{"damage":8.0,"enemies":"Blue Slaver","floor":14.0,"turns":4.0},{"damage":0.0,"enemies":"Slime Boss","floor":16.0,"turns":7.0},{"damage":6.0,"enemies":"Spheric Guardian","floor":18.0,"turns":3.0},{"damage":35.0,"enemies":"Slavers","floor":23.0,"turns":5.0},{"damage":1.0,"enemies":"Book of Stabbing","floor":27.0,"turns":4.0},{"damage":14.0,"enemies":"Slavers","floor":29.0,"turns":3.0},{"damage":1.0,"enemies":"Chosen","floor":31.0,"turns":3.0},{"damage":48,"enemies":"Collector","floor":33,"turns":5}],"seed_played":"818183124812067270","potions_obtained":[{"floor":1.0,"key":"LiquidMemories"},{"floor":5.0,"key":"FearPotion"},{"floor":10.0,"key":"EssenceOfSteel"},{"floor":13.0,"key":"champ:CounterPotion"},{"floor":23.0,"key":"Poison Potion"},{"floor":27.0,"key":"Swift Potion"},{"floor":29.0,"key":"SteroidPotion"},{"floor":31.0,"key":"Block Potion"}],"is_trial":false,"path_per_floor":["M","M","M","M","M","R","E","R","T","M","?","M","E","M","R","B",null,"M","$","?","?","?","E","?","R","T","E","T","E","R","M","R","B"],"character_chosen":"THE_SILENT","items_purchased":["Bottled Tornado","Blade Dance"],"campfire_rested":0,"item_purchase_floors":[19,19],"current_hp_per_floor":[63,61,60,56,55,55,38,38,38,35,70,70,58,50,50,50,65,59,59,59,59,59,31,31,31,31,30,30,16,16,15,15,0,0],"gold":325,"neow_bonus":"RANDOM_COMMON_RELIC","is_daily":false,"chose_seed":false,"campfire_upgraded":6,"win_rate":0.0,"timestamp":1611185883,"path_taken":["M","?","M","M","M","R","E","R","T","M","?","M","E","M","R","BOSS","M","$","?","?","?","E","?","R","T","E","?","E","R","M","R","BOSS"],"items_purchased_type":["Relic","Card"],"build_version":"2020-12-22","purchased_purges":1,"victory":false,"max_hp_per_floor":[70,70,70,70,70,70,70,70,70,70,70,70,70,70,70,70,70,70,70,70,70,70,77,77,77,77,77,77,77,77,77,77,77,77],"card_choices":[{"not_picked":["Leg Sweep","Outmaneuver"],"picked":"Dagger Throw","floor":1.0},{"not_picked":["Poisoned Stab","Eviscerate"],"picked":"Terror","floor":2.0},{"not_picked":["Blur","Deadly Poison"],"picked":"Cloak And Dagger","floor":3.0},{"not_picked":["Distraction","Bane"],"picked":"Quick Slash","floor":4.0},{"not_picked":["Choke","Grand Finale"],"picked":"Slice","floor":5.0},{"not_picked":["Endless Agony","Dodge and Roll"],"picked":"Dagger Throw","floor":7.0},{"not_picked":["Bouncing Flask","Well Laid Plans"],"picked":"Predator","floor":10.0},{"not_picked":["Poisoned Stab","Deadly Poison"],"picked":"Underhanded Strike","floor":12.0},{"not_picked":["Poisoned Stab","Riddle With Holes"],"picked":"Die Die Die","floor":13.0},{"not_picked":["Choke","Prepared"],"picked":"Slice","floor":14.0},{"not_picked":["Storm of Steel","Night Terror"],"picked":"Tools of the Trade","floor":16.0},{"not_picked":["Bouncing Flask","Outmaneuver+1"],"picked":"Well Laid Plans+1","floor":18.0},{"not_picked":["Distraction","Blur"],"picked":"Skewer","floor":23.0},{"not_picked":["Dodge and Roll","Cloak And Dagger"],"picked":"Phantasmal Killer","floor":27.0},{"not_picked":["Terror","Bane"],"picked":"Dash","floor":29.0},{"not_picked":["Quick Slash","Caltrops"],"picked":"Underhanded Strike","floor":31.0}],"player_experience":231579,"relics_obtained":[{"floor":7.0,"key":"Gremlin Horn"},{"floor":9.0,"key":"CeramicFish"},{"floor":13.0,"key":"StrikeDummy"},{"floor":23.0,"key":"Strawberry"},{"floor":26.0,"key":"HornCleat"},{"floor":27.0,"key":"Blue Candle"},{"floor":28.0,"key":"Boot"},{"floor":29.0,"key":"Pantograph"}],"event_choices":[{"damage_healed":35.0,"max_hp_gain":0.0,"max_hp_loss":0.0,"gold_gain":0.0,"event_name":"Wheel of Change","player_choice":"Full Heal","floor":11.0,"gold_loss":0.0,"damage_taken":0.0},{"damage_healed":0.0,"max_hp_gain":0.0,"max_hp_loss":0.0,"gold_gain":99.0,"event_name":"Nest","player_choice":"Stole From Cult","floor":20.0,"gold_loss":0.0,"damage_taken":0.0},{"damage_healed":0.0,"max_hp_gain":0.0,"max_hp_loss":0.0,"gold_gain":0.0,"event_name":"Addict","player_choice":"Obtained Relic","floor":24.0,"gold_loss":85.0,"damage_taken":0.0,"relics_obtained":["Sundial"]}],"is_beta":false,"boss_relics":[{"not_picked":["SacredBark","Ring of the Serpent"],"picked":"HoveringKite"}],"items_purged_floors":[19],"is_endless":false,"potions_floor_spawned":[1,5,10,12,13,23,27,29,31],"killed_by":"Collector","ascension_level":13}}