{"host":"obplhmlw33xb91v8","time":1611109343,"event":{"mods":["BaseMod","Block Reminder","Curses Come First","Dio Mod","Evolution","Friendly Minions","HololiveMod","Koishi","Minty Spire (QoL Compilation)","Quick Restart","Relic Stats","Shop Mod","Spicy Shops","StSLib","The IronCluck","The Servant 0.9.4","Uncapped","Waifu the Spire","Yakumo Yukari mod","Yohane!","Youmu??????","Yuyuko","egg"],"gold_per_floor":[17,33,49,61,12,12,42,61,61,61,78,94,107,123,123,240,240,268,8,41,74,0,0,15,15],"floor_reached":24,"language":"ENG","playtime":1154,"items_purged":["Shame"],"score":307,"play_id":"aef01581-fc88-4e36-8a12-9b8576f70296","local_time":"20210119212223","is_ascension_mode":true,"campfire_choices":[{"data":"Hololive_CallYuzukiChoco","floor":6,"key":"SMITH"},{"data":"Hololive_CallAmaneKanata","floor":10,"key":"SMITH"},{"data":"Hololive_CallRosalyn","floor":15,"key":"SMITH"},{"floor":23,"key":"REST"}],"circlet_count":0,"master_deck":["Hololive_Strike","Hololive_Strike","Hololive_Defend","Hololive_Defend","Hololive_Sequa","Hololive_CallMinatoAqua","Hololive_CallRosalyn+1","Hololive_CallCivia","Hololive_CallArtia","Hololive_CallNakiriAyame","Hololive_IdolExercise","Hololive_CallAkaiHaato","Hololive_CallYuzukiChoco+1","Hololive_CallKiryuuCoco","Hololive_CallAmaneKanata+1","Hololive_FlyingPonyTail","Hololive_Psychosis","Hololive_CallTsunomakiWatame","Hololive_Psychosis","Hololive_MaximGun","Hololive_CallAyundaRisu","Hololive_CallHoushouMarine","Hololive_ScarfAndHalo","Hololive_Psychosis+1","Hololive_CallHimemoriLuna+1","Hololive_OvertimeWork","Hololive_CandyCastle"],"relics":["Hololive_TheStar","EVO:Axolotl","Bag of Marbles","Smiling Mask","Hololive_ChaosS","PreservedInsect","Frozen Eye"],"acts_visited":["Exordium","TheCity"],"potions_floor_usage":[20,20],"damage_taken":[{"damage":0,"enemies":"Jaw Worm","floor":1,"turns":4},{"damage":2,"enemies":"2 Louse","floor":2,"turns":3},{"damage":0,"enemies":"Small Slimes","floor":3,"turns":4},{"damage":0,"enemies":"Blue Slaver","floor":4,"turns":3},{"damage":0,"enemies":"3 Sentries","floor":7,"turns":5},{"damage":0,"enemies":"Exordium Thugs","floor":8,"turns":5},{"damage":0,"enemies":"Large Slime","floor":11,"turns":3},{"damage":0,"enemies":"Blue Slaver","floor":12,"turns":4},{"damage":0,"enemies":"Exordium Thugs","floor":13,"turns":4},{"damage":0,"enemies":"3 Louse","floor":14,"turns":3},{"damage":0,"enemies":"Slime Boss","floor":16,"turns":5},{"damage":0,"enemies":"3 Byrds","floor":18,"turns":4},{"damage":0,"enemies":"2 Thieves","floor":20,"turns":3},{"damage":9,"enemies":"Chosen and Byrds","floor":21,"turns":5},{"damage":44,"enemies":"3 Cultists","floor":24,"turns":4}],"seed_played":"-246693487948815609","potions_obtained":[{"floor":1,"key":"ColorlessPotion"},{"floor":3,"key":"DistilledChaos"},{"floor":11,"key":"Block Potion"},{"floor":20,"key":"EssenceOfSteel"}],"is_trial":false,"path_per_floor":["M","M","M","M","$","R","E","M","T","R","M","M","M","M","R","B",null,"M","$","M","M","$","R","M"],"character_chosen":"Hololive_HololiveCharacter","items_purchased":["Hololive_FlyingPonyTail","PreservedInsect","Frozen Eye","Hololive_CandyCastle"],"campfire_rested":1,"item_purchase_floors":[5,19,19,22],"current_hp_per_floor":[35,33,33,33,33,33,33,33,33,33,33,33,33,33,33,33,35,35,35,35,26,26,35,0,0],"gold":15,"neow_bonus":"THREE_RARE_CARDS","is_daily":false,"chose_seed":false,"campfire_upgraded":3,"win_rate":0.0,"timestamp":1611109343,"path_taken":["M","M","M","M","$","R","E","M","T","R","M","M","M","M","R","BOSS","M","$","M","M","$","R","M"],"items_purchased_type":["Card","Relic","Relic","Card"],"build_version":"2020-12-22","purchased_purges":1,"victory":false,"max_hp_per_floor":[35,35,35,35,35,35,35,35,35,35,35,35,35,35,35,35,35,35,35,35,35,35,35,35,35],"relic_stats":{"counters":[15,59],"PreservedInsect":0,"Smiling Mask":25,"obtain_stats":[{"Frozen Eye":19,"Hololive_TheStar":0,"PreservedInsect":19,"Bag of Marbles":7,"Hololive_ChaosS":17,"EVO:Axolotl":0,"Smiling Mask":9},{"Frozen Eye":12,"Hololive_TheStar":0,"PreservedInsect":12,"Bag of Marbles":5,"Hololive_ChaosS":11,"EVO:Axolotl":0,"Smiling Mask":6},{"Frozen Eye":47,"Hololive_TheStar":0,"PreservedInsect":47,"Bag of Marbles":19,"Hololive_ChaosS":43,"EVO:Axolotl":0,"Smiling Mask":24}]},"card_choices":[{"not_picked":["Hololive_FlareMind","Hololive_WolfAndLamb"],"picked":"Hololive_IdolExercise","floor":0},{"not_picked":["Hololive_Breathe","Hololive_CocoNews","Hololive_CallHimemoriLuna"],"picked":"Hololive_CallAkaiHaato","floor":1},{"not_picked":["Hololive_CallHimemoriLuna","Hololive_CallYukihanaLamy","Hololive_CallAkaiHaato"],"picked":"Hololive_CallYuzukiChoco","floor":2},{"not_picked":["Hololive_CallTokoyamiTowa","Hololive_CallNakiriAyame","Hololive_Breathe"],"picked":"Hololive_CallKiryuuCoco","floor":3},{"not_picked":["Hololive_HuntDinosaur","Hololive_OvertimeWork","Hololive_CocoNews"],"picked":"Hololive_CallAmaneKanata","floor":4},{"not_picked":["Hololive_ManjiGathering","Hololive_Rebound","Hololive_StrengthChampion"],"picked":"Hololive_Psychosis","floor":7},{"not_picked":["Hololive_Rebound","Hololive_Sequa","Hololive_StrengthChampion"],"picked":"Hololive_CallTsunomakiWatame","floor":8},{"not_picked":["Hololive_SoulCatcher","Hololive_HuntDinosaur","Hololive_StrengthChampion"],"picked":"Hololive_Psychosis","floor":11},{"not_picked":["Hololive_OvertimeWork","Hololive_BringToTrial","Hololive_ManjiGathering"],"picked":"Hololive_MaximGun","floor":12},{"not_picked":["Hololive_CocoNews","Hololive_CallTokoyamiTowa","Hololive_CallYuzukiChoco"],"picked":"Hololive_CallAyundaRisu","floor":13},{"not_picked":["Hololive_StrengthChampion","Hololive_Drill","Hololive_Psychosis"],"picked":"Hololive_CallHoushouMarine","floor":14},{"not_picked":["Hololive_ASMR","Hololive_MaximGun","Hololive_BeCareful"],"picked":"Hololive_ScarfAndHalo","floor":16},{"not_picked":["Hololive_Spy","Hololive_RevenueBasedLive","Hololive_CocoNews"],"picked":"Hololive_Psychosis+1","floor":18},{"not_picked":["Hololive_Trident","Hololive_DevilCharm","Hololive_HuntDinosaur+1"],"picked":"Hololive_CallHimemoriLuna+1","floor":20},{"not_picked":["Hololive_Sequa","Hololive_LuckPotion+1","Hololive_CocoNews+1"],"picked":"Hololive_OvertimeWork","floor":21}],"player_experience":231447,"relics_obtained":[{"floor":7,"key":"Bag of Marbles"},{"floor":9,"key":"Smiling Mask"}],"event_choices":[],"is_beta":false,"boss_relics":[{"not_picked":["Calling Bell","Coffee Dripper"],"picked":"Hololive_ChaosS"}],"items_purged_floors":[19],"is_endless":false,"potions_floor_spawned":[1,3,11,12,13,18,20],"killed_by":"3 Cultists","ascension_level":2}}