{"host":"uyrebrj0204enqpc","time":1611175039,"event":{"mods":["Act Like it!","Bard","BaseMod","Block Reminder","Challenge The Spire","Colored Map","Colored Powertips","DeckTracker","Downfall","GifTheSpireLib","HexUI Lib","Highlight Path","Hubris","Infinite Spire","Minty Spire (QoL Compilation)","Pale of the Ancients","Quick Restart","Random Character Button","Relic Sorter","Relic Stats","Shop Mod","StSLib","The Blue Laboratory","The Bug Knight","The Cursed","The Jungle","The Marked","Wandering Minibosses"],"gold_per_floor":[116,116,116,134,59,86,86,112,112,112,112,112,112],"floor_reached":12,"language":"ENG","playtime":458,"items_purged":["theMarked:Strike"],"score":109,"play_id":"183ea2c3-6802-42e0-9ad8-7270e5050f57","local_time":"20210120153719","is_ascension_mode":true,"campfire_choices":[{"data":"theMarked:ThrowWeapon","floor":7,"key":"SMITH"},{"data":"theMarked:TakeCover","floor":11,"key":"SMITH"}],"circlet_count":0,"master_deck":["theMarked:Strike","theMarked:Strike","theMarked:Strike","theMarked:Strike","theMarked:Defend","theMarked:Defend","theMarked:Defend","theMarked:Defend","theMarked:SoldierOfQuellstein+1","theMarked:ThrowWeapon+1","theMarked:TakeCover+1"],"relics":["Burning Blood","infinitespire:Cubic Diamond","Juzu Bracelet","Orichalcum","White Beast Statue","Eternal Feather"],"acts_visited":["Exordium"],"potions_floor_usage":[12],"damage_taken":[{"damage":5,"enemies":"Small Slimes","floor":1,"turns":3},{"damage":2,"enemies":"Jaw Worm","floor":4,"turns":4},{"damage":31,"enemies":"Gremlin Nob","floor":6,"turns":5},{"damage":35,"enemies":"Lagavulin","floor":8,"turns":6},{"damage":17,"enemies":"3 Sentries","floor":12,"turns":13}],"seed_played":"4352585687078552183","potions_obtained":[{"floor":1,"key":"blueLaboratory:TrueEctoplasm"}],"is_trial":false,"path_per_floor":["M","?","?","M","$","E","R","E","T","T","R","E"],"character_chosen":"THE_DEFAULT","items_purchased":[],"campfire_rested":0,"item_purchase_floors":[],"current_hp_per_floor":[58,58,58,62,62,37,37,8,8,8,14,0,0],"gold":112,"neow_bonus":"ONE_RANDOM_RARE_CARD","is_daily":false,"chose_seed":false,"campfire_upgraded":2,"win_rate":0.0,"timestamp":1611175039,"path_taken":["M","?","?","M","$","E","R","E","T","?","R","E"],"items_purchased_type":[],"build_version":"2020-12-22","purchased_purges":1,"victory":false,"max_hp_per_floor":[70,70,70,70,70,70,70,70,70,70,70,70,70],"relic_stats":{"counters":[5,31],"Eternal Feather":6,"Juzu Bracelet":0,"Orichalcum":[18],"obtain_stats":[{"theMarked:ArtifactOfAir":0,"Eternal Feather":10,"infinitespire:Cubic Diamond":3,"Juzu Bracelet":6,"Orichalcum":8,"Burning Blood":3,"White Beast Statue":9},{"theMarked:ArtifactOfAir":0,"Eternal Feather":4,"infinitespire:Cubic Diamond":1,"Juzu Bracelet":3,"Orichalcum":4,"Burning Blood":1,"White Beast Statue":4},{"theMarked:ArtifactOfAir":0,"Eternal Feather":18,"infinitespire:Cubic Diamond":3,"Juzu Bracelet":12,"Orichalcum":18,"Burning Blood":3,"White Beast Statue":18}],"Burning Blood":18},"card_choices":[{"not_picked":["theMarked:RogueSparks","theMarked:ElectricStrings"],"picked":"theMarked:TakeCover","floor":1},{"not_picked":["theMarked:Parkour","theMarked:RepellingDischarge","theMarked:Generate"],"picked":"SKIP","floor":4},{"not_picked":["theMarked:Standoff","theMarked:HeightenedSenses","theMarked:BanishingWave"],"picked":"SKIP","floor":6},{"not_picked":["theMarked:Parkour","theMarked:WastefulDefense","theMarked:Overcharge"],"picked":"SKIP","floor":8}],"player_experience":1085913,"relics_obtained":[{"floor":6,"key":"Juzu Bracelet"},{"floor":8,"key":"Orichalcum"},{"floor":9,"key":"White Beast Statue"},{"floor":10,"key":"Eternal Feather"}],"event_choices":[],"is_beta":false,"boss_relics":[],"items_purged_floors":[5],"is_endless":false,"potions_floor_spawned":[1],"killed_by":"3 Sentries","ascension_level":6}}