{"host":"h0xw20cia6ppa69g","time":1611128484,"event":{"mods":["AchievementEnabler","BaseMod","Colored Map","Filter the Spire","Googly Eyes","Minty Spire (QoL Compilation)","Relic Stats","StSLib","The Awakened One except there are too many feathers","everything is the same but u backflip on backflip"],"gold_per_floor":[117,135,155,172,172,207,226,258,310,334,354,378,378,413,413,521,602,629,657,211,235,244,244,244],"floor_reached":23,"language":"ENG","playtime":1359,"items_purged":["Blood for Blood"],"score":228,"play_id":"101a6540-907f-4ec0-94af-b28f6f03d378","local_time":"20210120014124","is_ascension_mode":true,"campfire_choices":[{"floor":13,"key":"REST"},{"floor":15,"key":"REST"}],"circlet_count":0,"master_deck":["Bash","Sadistic Nature","True Grit","Uppercut","Shockwave","Dual Wield","Feel No Pain","Dual Wield","Shrug It Off","Thunderclap","Headbutt","Impervious","Power Through","Fiend Fire","Infernal Blade","Second Wind","Uppercut","Ghostly Armor","Disarm","Dark Embrace","Shrug It Off","True Grit","Trip","Shockwave","Decay"],"relics":["Burning Blood","Bag of Preparation","Tiny Chest","CeramicFish","Gremlin Horn","Pandora\u0027s Box","Prayer Wheel"],"acts_visited":["Exordium","TheCity"],"potions_floor_usage":[11,11,14,16,23],"damage_taken":[{"damage":1.0,"enemies":"Cultist","floor":1.0,"turns":3.0},{"damage":5.0,"enemies":"Small Slimes","floor":2.0,"turns":5.0},{"damage":0.0,"enemies":"Jaw Worm","floor":3.0,"turns":3.0},{"damage":14.0,"enemies":"Lots of Slimes","floor":4.0,"turns":7.0},{"damage":36.0,"enemies":"3 Sentries","floor":6.0,"turns":8.0},{"damage":0,"enemies":"Large Slime","floor":7,"turns":3},{"damage":19,"enemies":"Lagavulin","floor":8,"turns":10},{"damage":11,"enemies":"Looter","floor":10,"turns":4},{"damage":21,"enemies":"Gremlin Gang","floor":11,"turns":3},{"damage":6,"enemies":"Exordium Wildlife","floor":12,"turns":6},{"damage":15,"enemies":"3 Sentries","floor":14,"turns":10},{"damage":39,"enemies":"Slime Boss","floor":16,"turns":8},{"damage":9,"enemies":"Shell Parasite","floor":18,"turns":6},{"damage":24,"enemies":"Chosen","floor":19,"turns":7},{"damage":44,"enemies":"3 Cultists","floor":21,"turns":9},{"damage":14,"enemies":"Slavers","floor":23,"turns":3}],"seed_played":"3907162020014630270","potions_obtained":[{"floor":2.0,"key":"BlessingOfTheForge"},{"floor":4.0,"key":"ColorlessPotion"},{"floor":8,"key":"Ancient Potion"},{"floor":10,"key":"SkillPotion"},{"floor":11,"key":"GamblersBrew"},{"floor":12,"key":"AttackPotion"},{"floor":19,"key":"Dexterity Potion"},{"floor":21,"key":"ColorlessPotion"}],"is_trial":false,"path_per_floor":["M","M","M","M","?","E","M","E","T","M","M","M","R","E","R","B",null,"M","M","$","M","?","E"],"character_chosen":"IRONCLAD","items_purchased":["Prayer Wheel","Trip"],"campfire_rested":2,"item_purchase_floors":[20,20],"current_hp_per_floor":[72,72,72,64,64,34,40,27,27,22,7,7,28,19,40,7,72,69,51,51,13,13,0,0],"gold":244,"neow_bonus":"RANDOM_COLORLESS_2","is_daily":false,"chose_seed":false,"campfire_upgraded":0,"win_rate":0.0,"timestamp":1611128484,"path_taken":["M","M","?","M","?","E","M","E","T","M","M","M","R","E","R","BOSS","M","M","$","M","?","E"],"items_purchased_type":["Relic","Card"],"build_version":"2020-12-22","purchased_purges":1,"victory":false,"max_hp_per_floor":[72,72,72,72,72,72,72,72,72,72,72,72,72,72,72,72,72,72,72,72,72,72,72,72],"relic_stats":{"Gremlin Horn":[4,4],"counters":[16,95],"CeramicFish":162,"Tiny Chest":0,"Pandora\u0027s Box":["Power Through","Fiend Fire","Infernal Blade","Second Wind","Uppercut","Blood for Blood","Ghostly Armor","Disarm","Dark Embrace"],"Prayer Wheel":1,"Bag of Preparation":[22],"obtain_stats":[{"Gremlin Horn":14,"CeramicFish":9,"Tiny Chest":8,"Pandora\u0027s Box":17,"Prayer Wheel":20,"Bag of Preparation":6,"Burning Blood":0},{"Gremlin Horn":11,"CeramicFish":7,"Tiny Chest":7,"Pandora\u0027s Box":12,"Prayer Wheel":14,"Bag of Preparation":5,"Burning Blood":0},{"Gremlin Horn":62,"CeramicFish":39,"Tiny Chest":39,"Pandora\u0027s Box":70,"Prayer Wheel":83,"Bag of Preparation":26,"Burning Blood":0}],"Burning Blood":78},"card_choices":[{"not_picked":["The Bomb","Panache"],"picked":"Sadistic Nature","floor":0.0},{"not_picked":["Seeing Red","Reckless Charge"],"picked":"True Grit","floor":1.0},{"not_picked":["Ghostly Armor","Body Slam"],"picked":"Uppercut","floor":2.0},{"not_picked":["Heavy Blade","Seeing Red","True Grit"],"picked":"SKIP","floor":3.0},{"not_picked":["Twin Strike","Wild Strike","Heavy Blade"],"picked":"SKIP","floor":4.0},{"not_picked":["Impervious","Intimidate"],"picked":"Dual Wield","floor":6},{"not_picked":["Body Slam","Shrug It Off"],"picked":"Feel No Pain","floor":7},{"not_picked":["Sword Boomerang","Iron Wave"],"picked":"Dual Wield","floor":8},{"not_picked":["Dual Wield","Iron Wave"],"picked":"Shrug It Off","floor":10},{"not_picked":["Flex","Wild Strike","Iron Wave"],"picked":"SKIP","floor":11},{"not_picked":["Wild Strike","Sever Soul"],"picked":"Thunderclap","floor":12},{"not_picked":["Searing Blow","Sword Boomerang"],"picked":"Headbutt","floor":14},{"not_picked":["Juggernaut","Reaper"],"picked":"Impervious","floor":16},{"not_picked":["Entrench","Sentinel+1"],"picked":"Shrug It Off","floor":18},{"not_picked":["Searing Blow","Flex+1"],"picked":"True Grit","floor":19},{"not_picked":["Power Through","Evolve"],"picked":"Shockwave","floor":21},{"not_picked":["Anger","Fire Breathing+1","Reckless Charge"],"picked":"SKIP","floor":21}],"player_experience":3738411,"relics_obtained":[{"floor":6,"key":"Bag of Preparation"},{"floor":8,"key":"Tiny Chest"},{"floor":9,"key":"CeramicFish"},{"floor":14,"key":"Gremlin Horn"}],"event_choices":[{"damage_healed":0.0,"max_hp_gain":0.0,"max_hp_loss":0.0,"gold_gain":0.0,"event_name":"Match and Keep!","player_choice":"1 cards matched","floor":5.0,"gold_loss":0.0,"damage_taken":0.0,"cards_obtained":["Shockwave"]},{"damage_healed":0,"gold_gain":0,"player_choice":"Cursed","damage_taken":0,"max_hp_gain":0,"max_hp_loss":0,"event_name":"Wheel of Change","floor":22,"gold_loss":0,"cards_obtained":["Decay"]}],"is_beta":false,"boss_relics":[{"not_picked":["Fusion Hammer","Coffee Dripper"],"picked":"Pandora\u0027s Box"}],"items_purged_floors":[20],"is_endless":false,"potions_floor_spawned":[2,4,8,10,11,12,19,21],"killed_by":"Slavers","ascension_level":1}}