{"host":"9h1qbmp5h1ch7u4r","time":1611173960,"event":{"mods":["Act Like it!","BaseMod","Hallownest","Minty Spire (QoL Compilation)","StSLib","The Bug Knight"],"gold_per_floor":[20,36,52,52,52,70,97,97,97,110,145,70,95,109,109,109,109],"floor_reached":16,"language":"ENG","playtime":1056,"items_purged":[],"score":140,"play_id":"cb1ce282-ab40-427d-b653-9f5eed144cc2","local_time":"20210120151920","is_ascension_mode":true,"campfire_choices":[{"data":"HollowMod:CycloneSlash","floor":8,"key":"SMITH"},{"floor":15,"key":"DIG"}],"circlet_count":0,"master_deck":["HollowMod:NailStrikeStart","HollowMod:NailStrikeStart","HollowMod:NailStrikeStart","HollowMod:QuickDashStart","HollowMod:QuickDashStart","HollowMod:QuickDashStart","HollowMod:FocusHealStart","HollowMod:PogoStrike","HollowMod:CycloneSlash+1","HollowMod:NewJinnsSoul","HollowMod:PerfectDash","HollowMod:ChannelNail","HollowMod:NewInfectedGuardian","HollowMod:LuriensSpire","HollowMod:SoulSplash"],"relics":["HollowMod:VesselMask","Hallownest:DreamNailRelic","Meat on the Bone","Bottled Flame","Vajra","Shovel","Calipers"],"acts_visited":["Exordium"],"potions_floor_usage":[16],"damage_taken":[{"damage":0,"enemies":"2_ Uuma","floor":1,"turns":5},{"damage":2,"enemies":"Hallownest:monsterHuskGuard","floor":2,"turns":3},{"damage":9,"enemies":"Hallownest:2_Tiktiks_and_1_Crawlid","floor":3,"turns":4},{"damage":12,"enemies":"Hallownest:1_Baldur_1_Crawlid_1_Warrior","floor":6,"turns":8},{"damage":11,"enemies":"Hallownest:eliteVengeflyKing","floor":7,"turns":7},{"damage":7,"enemies":"Hallownest:2_Tiktiks_1_Baldur_1_Crawlid","floor":10,"turns":3},{"damage":30,"enemies":"Hallownest:eliteCrystalGuardian","floor":11,"turns":7},{"damage":18,"enemies":"Hallownest:eliteMossKnight","floor":13,"turns":11},{"damage":9,"enemies":"Hallownest:Guard_and_Warrior","floor":14,"turns":6},{"damage":44,"enemies":"Hallownest:BossHornet","floor":16,"turns":8}],"seed_played":"1135808826308355820","potions_obtained":[{"floor":3,"key":"LiquidBronze"},{"floor":7,"key":"SneckoOil"},{"floor":13,"key":"SpeedPotion"}],"is_trial":false,"path_per_floor":["M","M","M","?","?","M","E","R","T","M","E","?","E","M","R","B"],"character_chosen":"THE_BUGKNIGHT","items_purchased":[],"campfire_rested":0,"item_purchase_floors":[],"current_hp_per_floor":[75,73,70,70,70,68,63,63,63,56,44,49,43,46,46,2,2],"gold":109,"neow_bonus":"REMOVE_TWO","is_daily":false,"chose_seed":false,"campfire_upgraded":1,"win_rate":0.0,"timestamp":1611173960,"path_taken":["M","M","M","?","?","?","E","R","T","M","E","?","E","M","R","BOSS"],"items_purchased_type":[],"build_version":"2020-12-22","purchased_purges":0,"victory":false,"max_hp_per_floor":[75,75,75,75,75,75,75,75,75,75,75,80,80,80,80,80,80],"card_choices":[{"not_picked":["HollowMod:GoodIntentions","HollowMod:MonarchWings"],"picked":"HollowMod:CycloneSlash","floor":1},{"not_picked":["HollowMod:GoodIntentions","HollowMod:InfectedCysts","HollowMod:NewLittleFool"],"picked":"SKIP","floor":2},{"not_picked":["HollowMod:HowlingWraiths","HollowMod:CycloneSlash"],"picked":"HollowMod:NewJinnsSoul","floor":3},{"not_picked":["HollowMod:CycloneSlash","HollowMod:DungDefenderAura"],"picked":"HollowMod:PerfectDash","floor":6},{"not_picked":["HollowMod:DesolateDive","HollowMod:DreamGate"],"picked":"HollowMod:ChannelNail","floor":7},{"not_picked":["HollowMod:DoubleDash","HollowMod:NewJinnsSoul","HollowMod:SoulStrike"],"picked":"SKIP","floor":10},{"not_picked":["HollowMod:ShapeofUnn","HollowMod:MothsMistake"],"picked":"HollowMod:NewInfectedGuardian","floor":11},{"not_picked":["HollowMod:DoubleDash","HollowMod:QuirrelsAssistance"],"picked":"HollowMod:LuriensSpire","floor":13},{"not_picked":["HollowMod:HowlingWraiths","HollowMod:SharpenedNail"],"picked":"HollowMod:SoulSplash","floor":14}],"player_experience":924028,"relics_obtained":[{"floor":7,"key":"Meat on the Bone"},{"floor":9,"key":"Bottled Flame"},{"floor":11,"key":"Vajra"},{"floor":13,"key":"Shovel"},{"floor":15,"key":"Calipers"}],"event_choices":[],"is_beta":false,"boss_relics":[],"items_purged_floors":[],"is_endless":false,"potions_floor_spawned":[3,7,13],"killed_by":"Hallownest:BossHornet","ascension_level":4}}