{"host":"bq4pt811tk9yrmjl","time":1611106588,"event":{"mods":["AchievementEnabler","BaseMod","Colored Map","Colored Powertips","Defuse TimeMaze Blight","Hermit","Minty Spire (QoL Compilation)","StSLib","SuperFastMode"],"gold_per_floor":[111,111,286,236,48,77,77,104,184,218,244,244,263,53,53,158,158,178,178,205,205,505,505,540,540,540,555,572,572,584,602,602,706,706,719,719,729,747,759,759,773,786,786,786,797,640,640,655,655,655,655,655,305,335,335,335],"floor_reached":55,"language":"ENG","playtime":1423,"items_purged":["Writhe","Strike_G"],"score":897,"play_id":"a4dfae46-b745-4384-a744-6ad385fbc8b7","local_time":"20210119233628","is_ascension_mode":true,"campfire_choices":[{"data":"Noxious Fumes","floor":7,"key":"SMITH"},{"data":"Neutralize","floor":12,"key":"SMITH"},{"data":"Caltrops","floor":15,"key":"SMITH"},{"floor":23,"key":"RECALL"},{"data":"Die Die Die","floor":25,"key":"SMITH"},{"floor":32,"key":"REST"},{"floor":40,"key":"REST"},{"data":"Survivor","floor":47,"key":"SMITH"},{"data":"Defend_G","floor":49,"key":"SMITH"},{"data":"Defend_G","floor":52,"key":"SMITH"}],"circlet_count":0,"master_deck":["Strike_G","Strike_G","Defend_G+1","Defend_G+1","Defend_G+1","Defend_G","Defend_G+1","Survivor+1","Neutralize+1","Noxious Fumes+1","Corpse Explosion+1","Leg Sweep+1","Doppelganger+1","Blade Dance+1","Caltrops+1","Die Die Die+1","PiercingWail+1","Blade Dance+1","Slice+1","Escape Plan+1","Deflect+1","Adrenaline+1","Dagger Spray+1","Deflect+1","Finisher+1","Bouncing Flask+1","Blur+1","Blind+1","Backflip+1","Caltrops"],"relics":["Ring of the Snake","NeowsBlessing","Toxic Egg 2","Bronze Scales","StrikeDummy","MealTicket","War Paint","Nunchaku","Membership Card","Empty Cage","Potion Belt","Red Mask","Old Coin","Meat on the Bone","Anchor","Sozu","Blue Candle","Kunai","Vajra","Ornamental Fan","TungstenRod"],"acts_visited":["Exordium","TheCity","TheBeyond","TheEnding"],"potions_floor_usage":[18,20,24,33,33],"damage_taken":[{"damage":0,"enemies":"Small Slimes","floor":1,"turns":1},{"damage":0,"enemies":"Lagavulin","floor":6,"turns":1},{"damage":0,"enemies":"Gremlin Nob","floor":8,"turns":1},{"damage":1,"enemies":"3 Sentries","floor":10,"turns":6},{"damage":0,"enemies":"Jaw Worm","floor":13,"turns":4},{"damage":0,"enemies":"The Guardian","floor":16,"turns":8},{"damage":17,"enemies":"2 Thieves","floor":18,"turns":2},{"damage":10,"enemies":"Masked Bandits","floor":20,"turns":3},{"damage":8,"enemies":"Book of Stabbing","floor":24,"turns":5},{"damage":4,"enemies":"Spheric Guardian","floor":27,"turns":5},{"damage":0,"enemies":"Centurion and Healer","floor":28,"turns":4},{"damage":0,"enemies":"Snake Plant","floor":30,"turns":2},{"damage":0,"enemies":"Snecko","floor":31,"turns":4},{"damage":0,"enemies":"Champ","floor":33,"turns":9},{"damage":0,"enemies":"3 Shapes","floor":35,"turns":4},{"damage":0,"enemies":"3 Darklings","floor":37,"turns":3},{"damage":2,"enemies":"4 Shapes","floor":38,"turns":3},{"damage":37,"enemies":"Spire Growth","floor":39,"turns":5},{"damage":5,"enemies":"Transient","floor":41,"turns":5},{"damage":0,"enemies":"4 Shapes","floor":42,"turns":5},{"damage":10,"enemies":"Writhing Mass","floor":45,"turns":4},{"damage":3,"enemies":"Sphere and 2 Shapes","floor":48,"turns":4},{"damage":23,"enemies":"Awakened One","floor":50,"turns":19},{"damage":8,"enemies":"Shield and Spear","floor":54,"turns":5},{"damage":64,"enemies":"The Heart","floor":55,"turns":8}],"seed_played":"-3228765967751004419","potions_obtained":[{"floor":10,"key":"SpeedPotion"},{"floor":16,"key":"SteroidPotion"},{"floor":20,"key":"Energy Potion"},{"floor":28,"key":"CultistPotion"},{"floor":30,"key":"Dexterity Potion"}],"is_trial":false,"path_per_floor":["M","?","?","?","$","E","R","E","T","E","T","R","M","$","R","B",null,"M","?","?","$","T","R","E","R","T","M","M","?","M","M","R","B",null,"M","?","M","M","M","R","M","M","T","?","M","$","R","M","R","B",null,"R","$","E","B"],"character_chosen":"THE_SILENT","items_purchased":["Noxious Fumes","Bronze Scales","Membership Card","Blade Dance+1","Caltrops","Kunai","Vajra","Ornamental Fan","Blind+1","Backflip+1","Caltrops"],"campfire_rested":2,"item_purchase_floors":[5,5,14,14,14,46,53,53,53,53,53],"current_hp_per_floor":[70,58,58,58,58,58,58,58,58,57,57,57,57,70,70,70,70,53,53,43,58,58,58,50,50,50,46,46,46,46,46,67,67,70,70,70,70,68,43,64,59,59,59,59,49,64,64,61,61,38,70,70,70,62,0,0],"gold":335,"neow_bonus":"THREE_ENEMY_KILL","is_daily":false,"chose_seed":false,"campfire_upgraded":7,"win_rate":0.0,"timestamp":1611106588,"path_taken":["M","?","?","?","$","E","R","E","T","E","?","R","?","$","R","BOSS","M","?","?","$","?","R","E","R","T","M","?","?","M","M","R","BOSS","M","?","?","M","?","R","M","M","T","?","M","$","R","M","R","BOSS","R","$","E","BOSS"],"items_purchased_type":["Card","Relic","Relic","Card","Card","Relic","Relic","Relic","Card","Card","Card"],"build_version":"2020-12-22","purchased_purges":2,"victory":false,"max_hp_per_floor":[70,70,70,70,70,70,70,70,70,70,70,70,70,70,70,70,70,70,70,70,70,70,70,70,70,70,70,70,70,70,70,70,70,70,70,70,70,70,70,70,70,70,70,70,70,70,70,70,70,70,70,70,70,70,70,70],"card_choices":[{"not_picked":["Sucker Punch","Backflip","Riddle With Holes"],"picked":"SKIP","floor":1},{"not_picked":["Prepared+1","Well Laid Plans"],"picked":"Corpse Explosion+1","floor":6},{"not_picked":["Quick Slash","Heel Hook"],"picked":"Leg Sweep+1","floor":8},{"not_picked":["Reflex+1","Bane","Sucker Punch"],"picked":"SKIP","floor":10},{"not_picked":["Dagger Throw","Skewer"],"picked":"Doppelganger+1","floor":13},{"not_picked":["Night Terror+1","Doppelganger+1"],"picked":"Die Die Die","floor":16},{"not_picked":["Choke","Underhanded Strike"],"picked":"PiercingWail+1","floor":18},{"not_picked":["Bane","Slice"],"picked":"Blade Dance+1","floor":24},{"not_picked":["Cloak And Dagger+1","Riddle With Holes"],"picked":"Slice+1","floor":27},{"not_picked":["Acrobatics+1","Outmaneuver+1"],"picked":"Escape Plan+1","floor":28},{"not_picked":["Outmaneuver+1","Dagger Throw"],"picked":"Infinite Blades","floor":30},{"not_picked":["Outmaneuver+1","Backflip+1"],"picked":"Deflect+1","floor":31},{"not_picked":["Unload","Storm of Steel+1"],"picked":"Adrenaline+1","floor":33},{"not_picked":["Footwork","Heel Hook"],"picked":"Dagger Spray+1","floor":35},{"not_picked":["Noxious Fumes+1","Dodge and Roll+1","Deadly Poison+1"],"picked":"SKIP","floor":37},{"not_picked":["Predator+1","Deadly Poison+1","Acrobatics+1"],"picked":"SKIP","floor":38},{"not_picked":["Blade Dance+1","Backstab"],"picked":"Deflect+1","floor":39},{"not_picked":["Deflect+1","Slice"],"picked":"Finisher+1","floor":41},{"not_picked":["Endless Agony+1","Well Laid Plans"],"picked":"Bouncing Flask+1","floor":42},{"not_picked":["Backflip+1","Dodge and Roll+1"],"picked":"Blur+1","floor":45},{"not_picked":["Poisoned Stab+1","Deadly Poison+1","Prepared+1"],"picked":"SKIP","floor":48},{"not_picked":["Dagger Spray","Quick Slash","Sucker Punch"],"picked":"SKIP","floor":54}],"player_experience":188637,"relics_obtained":[{"floor":6,"key":"StrikeDummy"},{"floor":8,"key":"MealTicket"},{"floor":10,"key":"War Paint"},{"floor":11,"key":"Nunchaku"},{"floor":20,"key":"Red Mask"},{"floor":22,"key":"Old Coin"},{"floor":24,"key":"Meat on the Bone"},{"floor":26,"key":"Anchor"},{"floor":43,"key":"Blue Candle"},{"floor":54,"key":"TungstenRod"}],"event_choices":[{"damage_healed":0,"gold_gain":0,"player_choice":"Success","damage_taken":12,"relics_obtained":["Toxic Egg 2"],"max_hp_gain":0,"max_hp_loss":0,"event_name":"Scrap Ooze","floor":2,"gold_loss":0},{"damage_healed":0,"gold_gain":175,"player_choice":"AGREE","damage_taken":0,"max_hp_gain":0,"max_hp_loss":0,"event_name":"Liars Game","floor":3,"gold_loss":0,"cards_obtained":["Doubt"]},{"cards_removed":["Doubt"],"damage_healed":0,"gold_gain":0,"player_choice":"Card Removal","damage_taken":0,"max_hp_gain":0,"max_hp_loss":0,"event_name":"The Cleric","floor":4,"gold_loss":50},{"damage_healed":0,"gold_gain":0,"player_choice":"Opened","damage_taken":0,"relics_obtained":["Potion Belt"],"max_hp_gain":0,"max_hp_loss":0,"event_name":"The Mausoleum","floor":19,"gold_loss":0,"cards_obtained":["Writhe"]},{"damage_healed":0,"gold_gain":0,"player_choice":"Fought Bandits","damage_taken":0,"max_hp_gain":0,"max_hp_loss":0,"event_name":"Masked Bandits","floor":20,"gold_loss":0},{"damage_healed":0,"gold_gain":0,"player_choice":"Ignored","damage_taken":0,"max_hp_gain":0,"max_hp_loss":0,"event_name":"Vampires","floor":29,"gold_loss":0},{"damage_healed":0,"gold_gain":0,"player_choice":"Got Potions","damage_taken":0,"max_hp_gain":0,"max_hp_loss":0,"event_name":"Lab","floor":36,"gold_loss":0},{"cards_removed":["Infinite Blades"],"damage_healed":0,"gold_gain":0,"player_choice":"Removed Power","damage_taken":0,"max_hp_gain":0,"max_hp_loss":0,"event_name":"Falling","floor":44,"gold_loss":0}],"is_beta":false,"boss_relics":[{"not_picked":["Snecko Eye","Runic Pyramid"],"picked":"Empty Cage"},{"not_picked":["Ring of the Serpent","Philosopher\u0027s Stone"],"picked":"Sozu"}],"items_purged_floors":[46,53],"is_endless":false,"potions_floor_spawned":[10,16,20,28,30,45,48],"killed_by":"The Heart","ascension_level":1}}