{"host":"b1dzdo8uo7e6jx8g","time":1611162983,"event":{"mods":["AchievementEnabler","Astrologer","BaseMod","BetterRewards","Colored Map","Highlight Path","Minty Spire (QoL Compilation)","StSLib"],"gold_per_floor":[114,189,189,202,214,214,214,228,282,91,107,126,199,220,220,344,344,365,53,53,53,67,67,90,130,130,130,130],"floor_reached":27,"language":"ENG","playtime":1227,"items_purged":[],"score":250,"play_id":"513c739c-510f-424a-bcbb-e7960c874d27","local_time":"20210120181623","is_ascension_mode":false,"campfire_choices":[{"data":"astrologer:Prismatic","floor":6,"key":"SMITH"},{"floor":15,"key":"REST"},{"floor":23,"key":"REST"}],"circlet_count":0,"master_deck":["astrologer:Strike","astrologer:Strike","astrologer:Strike+1","astrologer:Strike","astrologer:Defend","astrologer:Defend+1","astrologer:Defend","astrologer:Defend","astrologer:NorthStar","astrologer:TheFool+1","astrologer:SpaceDust","astrologer:Prismatic+1","astrologer:FrozenStar","astrologer:Divination","astrologer:StarOfMisfortune+1","astrologer:TheStar","astrologer:Prismatic","astrologer:TheStar+1","astrologer:CosmicExpanse","astrologer:Radiance","astrologer:Fate","astrologer:DarkMatter"],"relics":["astrologer:SkyMirror","NeowsBlessing","Golden Idol","Centennial Puzzle","War Paint","SacredBark","Incense Burner","MutagenicStrength","Whetstone","Letter Opener"],"acts_visited":["Exordium","TheCity"],"potions_floor_usage":[13,24,25,25,25],"damage_taken":[{"damage":0,"enemies":"Small Slimes","floor":1,"turns":1},{"damage":0,"enemies":"2 Louse","floor":4,"turns":1},{"damage":0,"enemies":"Cultist","floor":5,"turns":1},{"damage":0,"enemies":"Large Slime","floor":8,"turns":7},{"damage":11,"enemies":"3 Louse","floor":11,"turns":5},{"damage":4,"enemies":"Blue Slaver","floor":12,"turns":4},{"damage":9,"enemies":"Lagavulin Event","floor":13,"turns":5},{"damage":5,"enemies":"2 Fungi Beasts","floor":14,"turns":3},{"damage":35,"enemies":"The Guardian","floor":16,"turns":9},{"damage":33,"enemies":"Chosen","floor":18,"turns":7},{"damage":14,"enemies":"Shell Parasite","floor":22,"turns":5},{"damage":41,"enemies":"Chosen and Byrds","floor":24,"turns":5},{"damage":0,"enemies":"Slavers","floor":25,"turns":5},{"damage":10,"enemies":"Snecko","floor":27,"turns":2}],"seed_played":"-6266999430073777667","potions_obtained":[{"floor":4,"key":"EssenceOfSteel"},{"floor":5,"key":"DuplicationPotion"},{"floor":14,"key":"GamblersBrew"},{"floor":16,"key":"Explosive Potion"},{"floor":24,"key":"DistilledChaos"}],"is_trial":false,"path_per_floor":["M","?","?","M","M","R","?","M","T","$","M","M","?","M","R","B",null,"M","$","?","?","M","R","M","E","T","M"],"character_chosen":"ASTROLOGER","items_purchased":["astrologer:StarOfMisfortune","astrologer:TheStar","astrologer:Prismatic","Incense Burner"],"campfire_rested":2,"item_purchase_floors":[10,10,10,19],"current_hp_per_floor":[70,59,59,59,59,59,59,59,59,59,48,44,35,30,51,16,70,37,37,37,37,23,44,3,3,3,0,0],"gold":130,"neow_bonus":"THREE_ENEMY_KILL","is_daily":false,"chose_seed":false,"campfire_upgraded":1,"win_rate":0.0,"timestamp":1611162983,"path_taken":["M","?","?","?","M","R","?","M","T","$","M","M","?","M","R","BOSS","M","$","?","?","M","R","M","E","T","M"],"items_purchased_type":["Card","Card","Card","Relic"],"build_version":"2020-12-22","purchased_purges":0,"victory":false,"max_hp_per_floor":[70,70,70,70,70,70,70,70,70,70,70,70,70,70,70,70,70,70,70,70,70,70,70,70,70,70,70,70],"card_choices":[{"not_picked":["astrologer:ReadTheStars","astrologer:CometStrike"],"picked":"astrologer:SpaceDust","floor":1},{"not_picked":["astrologer:Conjunction","astrologer:SpaceDust"],"picked":"astrologer:Prismatic","floor":4},{"not_picked":["astrologer:MeteorShower","astrologer:Opposition"],"picked":"astrologer:FrozenStar","floor":5},{"not_picked":["astrologer:Opposition","astrologer:ReadTheStars"],"picked":"astrologer:Divination","floor":8},{"not_picked":["astrologer:TheHermit","astrologer:CometStrike"],"picked":"astrologer:TheStar","floor":11},{"not_picked":["astrologer:Prestidigitation","astrologer:Moonlight"],"picked":"astrologer:CosmicExpanse","floor":12},{"not_picked":["astrologer:Eclipse","astrologer:CometStrike"],"picked":"astrologer:Radiance","floor":14},{"not_picked":["astrologer:HeatDeath","astrologer:TheChariot"],"picked":"astrologer:Fate","floor":16},{"not_picked":["astrologer:Eclipse","astrologer:ReadTheStars","astrologer:Stardust"],"picked":"SKIP","floor":18},{"not_picked":["astrologer:Premeditation+1","astrologer:Opposition","astrologer:Still"],"picked":"SKIP","floor":22},{"not_picked":["astrologer:TheEmpress+1","astrologer:SpaceDust"],"picked":"astrologer:DarkMatter","floor":24},{"not_picked":["astrologer:Observe","astrologer:Radiance","astrologer:Retelling"],"picked":"SKIP","floor":25}],"player_experience":217131,"relics_obtained":[{"floor":9,"key":"Centennial Puzzle"},{"floor":25,"key":"Whetstone"},{"floor":26,"key":"Letter Opener"}],"event_choices":[{"damage_healed":0,"gold_gain":75,"player_choice":"Gather Gold","damage_taken":11,"max_hp_gain":0,"max_hp_loss":0,"event_name":"World of Goop","floor":2,"gold_loss":0},{"damage_healed":0,"gold_gain":0,"player_choice":"Upgraded","damage_taken":0,"max_hp_gain":0,"max_hp_loss":0,"event_name":"Upgrade Shrine","floor":3,"gold_loss":0,"cards_upgraded":["astrologer:TheFool"]},{"damage_healed":0,"gold_gain":0,"player_choice":"Take Wound","damage_taken":0,"relics_obtained":["Golden Idol"],"max_hp_gain":0,"max_hp_loss":0,"event_name":"Golden Idol","floor":7,"gold_loss":0,"cards_obtained":["Injury"]},{"damage_healed":0,"gold_gain":0,"player_choice":"Searched \u00272\u0027 times","damage_taken":0,"relics_obtained":["War Paint"],"max_hp_gain":0,"max_hp_loss":0,"event_name":"Dead Adventurer","floor":13,"gold_loss":0},{"damage_healed":0,"gold_gain":0,"player_choice":"Inject Mutagens","damage_taken":0,"relics_obtained":["MutagenicStrength"],"max_hp_gain":0,"max_hp_loss":0,"event_name":"Drug Dealer","floor":20,"gold_loss":0},{"cards_removed":["Injury"],"damage_healed":0,"gold_gain":0,"player_choice":"Removed Curses","damage_taken":0,"max_hp_gain":0,"max_hp_loss":0,"event_name":"Fountain of Cleansing","floor":21,"gold_loss":0}],"is_beta":false,"boss_relics":[{"not_picked":["Fusion Hammer","Runic Pyramid"],"picked":"SacredBark"}],"items_purged_floors":[],"is_endless":false,"potions_floor_spawned":[4,5,14,16,18,24],"killed_by":"Snecko","ascension_level":0}}