{"host":"359hz4210ybch7ku","time":1611119930,"event":{"mods":["BaseMod","Block Reminder","Colored Map","Colored Powertips","Highlight Path","Minty Spire (QoL Compilation)","Slay the Relics Exporter","StSLib"],"gold_per_floor":[114,129,54,54,69,69,99,99,99,129,129,129,144,159,159,259,259,274,24,24,39,39,69,84,84,134,146,158,185,212,239,251,363,375,402,429,441,483,510,552,579,621,658,245,245,20,20,35,35,35],"floor_reached":51,"language":"ENG","playtime":4001,"items_purged":["Wraith Form v2","Barricade","Berserk"],"score":817,"play_id":"f1c03d14-a7d0-463b-a417-a032e69ce62a","local_time":"20210119211850","daily_mods":["Shiny","Red Cards","DeadlyEvents"],"is_ascension_mode":false,"campfire_choices":[{"data":"Adrenaline","floor":6,"key":"SMITH"},{"data":"Bullet Time","floor":8,"key":"SMITH"},{"data":"Double Tap","floor":11,"key":"SMITH"},{"floor":15,"key":"REST"},{"data":"Immolate","floor":25,"key":"SMITH"},{"data":"Reaper","floor":28,"key":"SMITH"},{"data":"Exhume","floor":32,"key":"SMITH"},{"floor":45,"key":"REST"},{"floor":47,"key":"REST"},{"floor":49,"key":"REST"}],"circlet_count":0,"master_deck":["Double Tap+1","Demon Form","Bludgeon","Feed","Limit Break","Corruption","Fiend Fire+1","Impervious","Juggernaut+1","Brutality","Reaper+1","Exhume+1","Offering","Immolate+1","Venomology","Corpse Explosion","Malaise","Phantasmal Killer","Die Die Die","Adrenaline+1","Envenom","Doppelganger","Burst","Tools of the Trade","Night Terror","Unload","After Image","Bullet Time+1","Storm of Steel","Glass Knife","A Thousand Cuts","Infernal Blade","Spot Weakness","Calculated Gamble","Backflip","Necronomicurse","Battle Trance","Writhe","Adrenaline","Backflip+1","Infernal Blade+1","Neutralize","Havoc+1","Setup","Adrenaline+1","Backstab+1"],"relics":["Ring of the Snake","Regal Pillow","Bronze Scales","Akabeko","SlaversCollar","Chemical X","Necronomicon","MealTicket","MawBank","Centennial Puzzle","Fusion Hammer","InkBottle","Ancient Tea Set","Bottled Tornado","Anchor","PreservedInsect","DollysMirror","Vajra"],"acts_visited":["Exordium","TheCity","TheBeyond"],"potions_floor_usage":[7,7,7,16,18,18,23,30,31,36,38,39,40,40,40,42,42,42],"damage_taken":[{"damage":10,"enemies":"2 Louse","floor":1,"turns":2},{"damage":10,"enemies":"Small Slimes","floor":2,"turns":4},{"damage":0,"enemies":"Cultist","floor":5,"turns":2},{"damage":15,"enemies":"3 Sentries","floor":7,"turns":3},{"damage":11,"enemies":"Lagavulin","floor":10,"turns":3},{"damage":0,"enemies":"3 Louse","floor":13,"turns":1},{"damage":6,"enemies":"Red Slaver","floor":14,"turns":2},{"damage":26,"enemies":"Slime Boss","floor":16,"turns":5},{"damage":36,"enemies":"Spheric Guardian","floor":18,"turns":4},{"damage":26,"enemies":"2 Thieves","floor":21,"turns":2},{"damage":24,"enemies":"Slavers","floor":23,"turns":2},{"damage":5,"enemies":"Cultist and Chosen","floor":24,"turns":2},{"damage":2,"enemies":"Snecko","floor":29,"turns":3},{"damage":0,"enemies":"3 Cultists","floor":30,"turns":2},{"damage":6,"enemies":"Shelled Parasite and Fungi","floor":31,"turns":3},{"damage":24,"enemies":"Automaton","floor":33,"turns":3},{"damage":10,"enemies":"Orb Walker","floor":35,"turns":2},{"damage":7,"enemies":"3 Darklings","floor":36,"turns":2},{"damage":2,"enemies":"Giant Head","floor":38,"turns":6},{"damage":6,"enemies":"4 Shapes","floor":39,"turns":1},{"damage":39,"enemies":"Nemesis","floor":40,"turns":3},{"damage":10,"enemies":"Jaw Worm Horde","floor":41,"turns":3},{"damage":22,"enemies":"Giant Head","floor":42,"turns":4},{"damage":12,"enemies":"Sphere and 2 Shapes","floor":48,"turns":2},{"damage":53,"enemies":"Donu and Deca","floor":50,"turns":4}],"seed_played":"-1760728548950895142","potions_obtained":[{"floor":1,"key":"Fire Potion"},{"floor":2,"key":"PowerPotion"},{"floor":10,"key":"Poison Potion"},{"floor":21,"key":"ColorlessPotion"},{"floor":24,"key":"DistilledChaos"},{"floor":30,"key":"EssenceOfSteel"},{"floor":39,"key":"Ancient Potion"},{"floor":40,"key":"Regen Potion"}],"is_trial":false,"path_per_floor":["M","M","$","?","M","R","E","R","T","E","R","?","M","M","R","B",null,"M","$","?","M","$","E","M","R","T","?","R","M","M","M","R","B",null,"M","M","?","E","M","E","M","E","T","$","R","$","R","M","R","B",null],"character_chosen":"THE_SILENT","items_purchased":["Chemical X","PreservedInsect","DollysMirror","Vajra","Ancient Potion"],"campfire_rested":4,"item_purchase_floors":[19,44,44,46,46],"current_hp_per_floor":[60,50,50,36,39,39,38,38,38,35,35,28,28,34,70,44,73,42,42,26,32,32,49,44,44,44,44,44,42,42,36,36,73,73,63,56,56,72,66,27,20,73,73,73,73,73,73,61,73,46],"gold":35,"neow_bonus":"","is_daily":true,"chose_seed":false,"campfire_upgraded":6,"win_rate":0.0,"timestamp":1611119930,"path_taken":["M","M","$","?","M","R","E","R","T","E","R","?","?","M","R","BOSS","M","$","?","M","$","E","M","R","T","?","R","M","M","M","R","BOSS","M","M","?","?","M","E","M","E","T","$","R","$","R","M","R","BOSS"],"items_purchased_type":["Relic","Relic","Relic","Relic","Potion"],"build_version":"2020-12-22","purchased_purges":3,"victory":true,"max_hp_per_floor":[70,70,70,70,73,73,73,73,73,73,73,73,73,73,73,73,73,73,73,73,73,73,73,73,73,73,73,73,73,73,73,73,73,73,73,73,73,73,73,73,73,73,73,73,73,73,73,73,73,73],"card_choices":[{"not_picked":["Carnage","Dagger Throw"],"picked":"Infernal Blade","floor":1},{"not_picked":["Wild Strike","Armaments"],"picked":"Spot Weakness","floor":2},{"not_picked":["Warcry","Clothesline"],"picked":"Calculated Gamble","floor":5},{"not_picked":["Crippling Poison","Berserk","Thunderclap"],"picked":"SKIP","floor":7},{"not_picked":["Thunderclap","Caltrops","Perfected Strike"],"picked":"SKIP","floor":10},{"not_picked":["Catalyst","Shrug It Off","Cleave"],"picked":"SKIP","floor":13},{"not_picked":["Quick Slash","Barricade"],"picked":"Backflip","floor":14},{"not_picked":["All Out Attack","Dagger Throw","Dodge and Roll+1"],"picked":"SKIP","floor":18},{"not_picked":["Backflip","Armaments"],"picked":"Battle Trance","floor":21},{"not_picked":["True Grit","Grand Finale","Power Through"],"picked":"SKIP","floor":23},{"not_picked":["Clash","Combust","Wild Strike"],"picked":"SKIP","floor":24},{"not_picked":["Dodge and Roll+1","Dash","Whirlwind"],"picked":"SKIP","floor":29},{"not_picked":["Warcry","Iron Wave","Expertise"],"picked":"SKIP","floor":30},{"not_picked":["Anger+1","Armaments","Wild Strike"],"picked":"SKIP","floor":31},{"not_picked":["Glass Knife","Corpse Explosion"],"picked":"Adrenaline","floor":33},{"not_picked":["Catalyst+1","Acrobatics"],"picked":"Backflip+1","floor":35},{"not_picked":["Dash+1","Tactician"],"picked":"Infernal Blade+1","floor":36},{"not_picked":["Dagger Spray","Dagger Throw","Blur"],"picked":"SKIP","floor":38},{"not_picked":["Deflect+1","Poisoned Stab","Underhanded Strike+1"],"picked":"SKIP","floor":39},{"not_picked":["Pommel Strike+1","Masterful Stab+1"],"picked":"Havoc+1","floor":40},{"not_picked":["Thunderclap+1","Pommel Strike+1"],"picked":"Setup","floor":41},{"not_picked":["Twin Strike+1","Clash","Bane+1"],"picked":"SKIP","floor":42},{"not_picked":["Feel No Pain","Iron Wave+1"],"picked":"Backstab+1","floor":48}],"player_experience":238245,"relics_obtained":[{"floor":7,"key":"Regal Pillow"},{"floor":9,"key":"Bronze Scales"},{"floor":10,"key":"Akabeko"},{"floor":20,"key":"Necronomicon"},{"floor":23,"key":"MealTicket"},{"floor":26,"key":"MawBank"},{"floor":38,"key":"InkBottle"},{"floor":40,"key":"Ancient Tea Set"},{"floor":42,"key":"Bottled Tornado"},{"floor":43,"key":"Anchor"}],"event_choices":[{"damage_healed":0,"gold_gain":0,"player_choice":"Entered Light","damage_taken":14,"max_hp_gain":0,"max_hp_loss":0,"event_name":"Shining Light","floor":4,"gold_loss":0,"cards_upgraded":["Fiend Fire","Juggernaut"]},{"cards_removed":["Grand Finale"],"damage_healed":0,"gold_gain":0,"player_choice":"Card Removal","damage_taken":7,"max_hp_gain":0,"max_hp_loss":0,"event_name":"Golden Wing","floor":12,"gold_loss":0},{"damage_healed":0,"gold_gain":0,"player_choice":"Obtained Book","damage_taken":16,"max_hp_gain":0,"max_hp_loss":0,"event_name":"Cursed Tome","floor":20,"gold_loss":0},{"damage_healed":0,"gold_gain":0,"player_choice":"Opened","damage_taken":0,"relics_obtained":["Centennial Puzzle"],"max_hp_gain":0,"max_hp_loss":0,"event_name":"The Mausoleum","floor":27,"gold_loss":0,"cards_obtained":["Writhe"]},{"damage_healed":0,"gold_gain":0,"player_choice":"1 cards matched","damage_taken":0,"max_hp_gain":0,"max_hp_loss":0,"event_name":"Match and Keep!","floor":37,"gold_loss":0,"cards_obtained":["Neutralize"]}],"is_beta":false,"boss_relics":[{"not_picked":["Tiny House","Runic Pyramid"],"picked":"SlaversCollar"},{"not_picked":["Velvet Choker","Black Star"],"picked":"Fusion Hammer"}],"items_purged_floors":[3,19,44],"is_endless":false,"potions_floor_spawned":[1,2,10,14,21,24,30,31,36,39,40],"ascension_level":0}}