{"host":"vpaavrwbmey593fx","time":1611105801,"event":{"mods":["AchievementEnabler","BaseMod","Bestiary","Colored Map","Colored Powertips","DeckTracker","Minty Spire (QoL Compilation)","Relic Sorter"],"gold_per_floor":[110,127,145,155,155,155,213,213,213,227,227,227,255,266,266,369,369,387,402,174,185,202,227,152,152,152,152,152,179,212,58,58,58,58],"floor_reached":33,"language":"ENG","playtime":2253,"items_purged":["Strike_R"],"score":356,"play_id":"6ea74e4f-e55a-46df-968c-bfc477e478f2","local_time":"20210119172321","is_ascension_mode":true,"campfire_choices":[{"data":"Disarm","floor":6.0,"key":"SMITH"},{"data":"Immolate","floor":8.0,"key":"SMITH"},{"data":"Flame Barrier","floor":12.0,"key":"SMITH"},{"data":"Clothesline","floor":15.0,"key":"SMITH"},{"floor":25,"key":"REST"},{"data":"Barricade","floor":32,"key":"SMITH"}],"circlet_count":0,"master_deck":["Defend_R","Defend_R","Defend_R","Defend_R","Bash+1","Disarm+1","Thunderclap+1","Clothesline+1","Immolate+1","Flame Barrier+1","Barricade+1","Rampage","Shockwave+1","Second Wind","True Grit","Blood for Blood","Shockwave","Battle Trance","Sentinel"],"relics":["Burning Blood","Girya","Blood Vial","White Beast Statue","Vajra","SacredBark","ClockworkSouvenir","Bird Faced Urn","Toy Ornithopter","Art of War"],"acts_visited":["Exordium","TheCity"],"potions_floor_usage":[22,23,23,23,30,33],"damage_taken":[{"damage":6.0,"enemies":"2 Louse","floor":1.0,"turns":3.0},{"damage":8.0,"enemies":"Small Slimes","floor":2.0,"turns":4.0},{"damage":14.0,"enemies":"Jaw Worm","floor":3.0,"turns":4.0},{"damage":27.0,"enemies":"Lots of Slimes","floor":4.0,"turns":5.0},{"damage":30.0,"enemies":"3 Sentries","floor":7.0,"turns":5.0},{"damage":0.0,"enemies":"3 Louse","floor":10.0,"turns":1.0},{"damage":25.0,"enemies":"Lagavulin","floor":13.0,"turns":7.0},{"damage":0.0,"enemies":"2 Fungi Beasts","floor":14.0,"turns":2.0},{"damage":7.0,"enemies":"Slime Boss","floor":16.0,"turns":6.0},{"damage":19.0,"enemies":"Shell Parasite","floor":18.0,"turns":8.0},{"damage":17.0,"enemies":"2 Thieves","floor":19.0,"turns":3.0},{"damage":6,"enemies":"Snecko","floor":21,"turns":6},{"damage":4,"enemies":"Shelled Parasite and Fungi","floor":22,"turns":8},{"damage":53,"enemies":"Gremlin Leader","floor":23,"turns":6},{"damage":28,"enemies":"Book of Stabbing","floor":30,"turns":7},{"damage":38,"enemies":"Collector","floor":33,"turns":6}],"seed_played":"2209099314244361737","potions_obtained":[{"floor":1.0,"key":"Strength Potion"},{"floor":2.0,"key":"Weak Potion"},{"floor":3.0,"key":"FairyPotion"},{"floor":10.0,"key":"Fire Potion"},{"floor":13.0,"key":"Weak Potion"},{"floor":14.0,"key":"Dexterity Potion"},{"floor":16.0,"key":"Dexterity Potion"},{"floor":18.0,"key":"FearPotion"},{"floor":19.0,"key":"GamblersBrew"},{"floor":21,"key":"EssenceOfSteel"},{"floor":22,"key":"Energy Potion"},{"floor":23,"key":"FearPotion"},{"floor":30,"key":"Block Potion"}],"is_trial":false,"path_per_floor":["M","M","M","M","?","R","?","R","T","M","?","R","E","M","R","B",null,"M","M","$","M","M","E","?","R","T","?","?","T","E","$","R","B"],"character_chosen":"IRONCLAD","items_purchased":["ClockworkSouvenir","Art of War"],"campfire_rested":1,"item_purchase_floors":[20,31],"current_hp_per_floor":[80,78,70,49,33,33,9,9,9,17,17,17,30,38,38,39,70,59,50,50,52,56,11,11,35,35,35,35,35,22,22,22,0,0],"gold":58,"neow_bonus":"UPGRADE_CARD","is_daily":false,"chose_seed":false,"campfire_upgraded":5,"win_rate":0.0,"timestamp":1611105801,"path_taken":["M","M","M","M","?","R","?","R","T","M","?","R","E","M","R","BOSS","M","M","?","M","?","E","?","R","T","?","?","?","E","?","R","BOSS"],"items_purchased_type":["Relic","Relic"],"build_version":"2020-12-22","purchased_purges":1,"victory":false,"max_hp_per_floor":[80,80,80,80,80,80,80,80,80,80,80,80,80,80,80,80,80,80,80,80,80,80,80,80,80,80,80,80,80,80,80,80,80,80],"card_choices":[{"not_picked":["Pummel","Shrug It Off"],"picked":"Disarm","floor":1.0},{"not_picked":["Reckless Charge","Cleave"],"picked":"Thunderclap","floor":2.0},{"not_picked":["Blood for Blood","Havoc"],"picked":"Clothesline","floor":3.0},{"not_picked":["Shrug It Off","Wild Strike"],"picked":"Immolate","floor":4.0},{"not_picked":["Hemokinesis","Twin Strike"],"picked":"Flame Barrier","floor":10.0},{"not_picked":["Heavy Blade","Cleave","Thunderclap"],"picked":"SKIP","floor":13.0},{"not_picked":["Body Slam","Clothesline","Rampage"],"picked":"SKIP","floor":14.0},{"not_picked":["Fiend Fire","Double Tap"],"picked":"Barricade","floor":16.0},{"not_picked":["Disarm","Sword Boomerang+1"],"picked":"Rampage","floor":18.0},{"not_picked":["Warcry","Havoc","Flex+1"],"picked":"SKIP","floor":19.0},{"not_picked":["Armaments","Clash"],"picked":"Shockwave+1","floor":21},{"not_picked":["Pommel Strike","Perfected Strike"],"picked":"Second Wind","floor":22},{"not_picked":["Thunderclap","Second Wind"],"picked":"True Grit","floor":23},{"not_picked":["Rage+1","Whirlwind"],"picked":"Sentinel","floor":30}],"player_experience":217195,"relics_obtained":[{"floor":7.0,"key":"Blood Vial"},{"floor":9.0,"key":"White Beast Statue"},{"floor":13.0,"key":"Vajra"},{"floor":23,"key":"Bird Faced Urn"},{"floor":29,"key":"Toy Ornithopter"},{"floor":30,"key":"Girya"}],"event_choices":[{"damage_healed":0.0,"max_hp_gain":0.0,"max_hp_loss":0.0,"gold_gain":0.0,"event_name":"Shining Light","player_choice":"Entered Light","floor":5.0,"gold_loss":0.0,"damage_taken":16.0,"cards_upgraded":["Strike_R","Thunderclap"]},{"damage_healed":0.0,"max_hp_gain":0.0,"max_hp_loss":0.0,"gold_gain":30.0,"event_name":"Dead Adventurer","player_choice":"Searched \u00272\u0027 times","floor":7.0,"gold_loss":0.0,"damage_taken":0.0},{"cards_removed":["Strike_R"],"damage_healed":0.0,"max_hp_gain":0.0,"max_hp_loss":0.0,"gold_gain":0.0,"event_name":"Purifier","player_choice":"Purged","floor":11.0,"gold_loss":0.0,"damage_taken":0.0},{"cards_removed":["Strike_R"],"damage_healed":0,"gold_gain":0,"player_choice":"Gave Gold","damage_taken":0,"max_hp_gain":0,"max_hp_loss":0,"event_name":"Beggar","floor":24,"gold_loss":75},{"damage_healed":0,"gold_gain":0,"cards_transformed":["Strike_R","Strike_R"],"player_choice":"Became Test Subject","damage_taken":0,"max_hp_gain":0,"max_hp_loss":0,"event_name":"Drug Dealer","floor":27,"gold_loss":0,"cards_obtained":["Blood for Blood","Shockwave"]},{"damage_healed":0,"gold_gain":0,"player_choice":"Read","damage_taken":0,"max_hp_gain":0,"max_hp_loss":0,"event_name":"The Library","floor":28,"gold_loss":0,"cards_obtained":["Battle Trance"]}],"is_beta":false,"boss_relics":[{"not_picked":["SlaversCollar","Pandora\u0027s Box"],"picked":"SacredBark"}],"items_purged_floors":[20],"is_endless":false,"potions_floor_spawned":[1,2,3,10,13,14,16,18,19,21,22,23,30],"killed_by":"Collector","ascension_level":5}}