{"host":"2l3i55whvwk76mom","time":1611104909,"event":{"mods":["BaseMod","Googly Eyes","Hermit","Hubris","Minty Spire (QoL Compilation)","Replay The Spire","StSLib","The Cursed","The Disciple","The Hierophant","The Jungle","The Necromancer"],"gold_per_floor":[111,111,76,168,168,203,203,236,259,373,398,424,450,114,114,221,221,246,246,246,258,258],"floor_reached":21,"language":"ENG","playtime":1103,"items_purged":["ReplayTheSpireMod:Splinters"],"score":270,"play_id":"25227ee1-a7bf-40a9-809f-c7ed00f3c521","local_time":"20210119170829","is_ascension_mode":true,"campfire_choices":[{"data":"Judgement","floor":7,"key":"SMITH"},{"floor":15,"key":"REST"}],"circlet_count":0,"master_deck":["Strike_P","Strike_P","Strike_P","Strike_P","Defend_P+1","Defend_P","Defend_P","Defend_P","Eruption","Vigilance","EmptyFist","MentalFortress+1","Evaluate","Judgement+1","Replay:AtTheReady","CutThroughFate","DevaForm","WreathOfFlame","BattleHymn","WaveOfTheHand","Brilliance+1","EmptyFist"],"relics":["PureWater","NeowsBlessing","hubris:Icosahedron","PreservedInsect","Turnip","Anchor","Replay:Bandana","Golden Egg","Philosopher\u0027s Stone"],"acts_visited":["Exordium","TheCity"],"potions_floor_usage":[11,13,13],"damage_taken":[{"damage":0,"enemies":"Jaw Worm","floor":1,"turns":1},{"damage":0,"enemies":"Replay:BlueRogue","floor":6,"turns":1},{"damage":0,"enemies":"Lagavulin","floor":8,"turns":1},{"damage":0,"enemies":"Small Slimes","floor":10,"turns":2},{"damage":17,"enemies":"3 Sentries","floor":11,"turns":6},{"damage":1,"enemies":"2 Louse","floor":12,"turns":3},{"damage":10,"enemies":"Exordium Wildlife","floor":13,"turns":3},{"damage":4,"enemies":"Slime Boss","floor":16,"turns":7},{"damage":0,"enemies":"Shell Parasite","floor":18,"turns":4},{"damage":22,"enemies":"Chosen","floor":21,"turns":6}],"seed_played":"-2160267899580780050","potions_obtained":[{"floor":6,"key":"Dexterity Potion"},{"floor":8,"key":"Adrenaline Potion"},{"floor":10,"key":"FearPotion"},{"floor":11,"key":"Cursed Concoction"}],"is_trial":false,"path_per_floor":["M","?","$","?","?","E","R","E","T","M","E","M","M","$","R","B",null,"M","?","?","M"],"character_chosen":"WATCHER","items_purchased":["MentalFortress","Golden Egg"],"campfire_rested":1,"item_purchase_floors":[3,14],"current_hp_per_floor":[72,72,72,72,58,58,58,58,58,58,41,40,30,30,51,47,72,72,72,18,0,0],"gold":258,"neow_bonus":"THREE_ENEMY_KILL","is_daily":false,"chose_seed":false,"campfire_upgraded":1,"win_rate":0.0,"timestamp":1611104909,"path_taken":["M","?","$","?","?","E","R","E","T","M","E","M","?","?","R","BOSS","M","?","?","M"],"items_purchased_type":["Card","Relic"],"build_version":"2020-12-22","purchased_purges":1,"victory":false,"max_hp_per_floor":[72,72,72,72,72,72,72,72,72,72,72,72,72,72,72,72,72,72,72,72,72,72],"card_choices":[{"not_picked":["Halt","BattleHymn"],"picked":"EmptyFist","floor":1},{"not_picked":["Crescendo","ThirdEye"],"picked":"Evaluate","floor":4},{"not_picked":["Swivel","FlurryOfBlows"],"picked":"Judgement","floor":4},{"not_picked":["Meditate","Prostrate"],"picked":"Replay:AtTheReady","floor":4},{"not_picked":["ClearTheMind","Conclude"],"picked":"CutThroughFate","floor":6},{"not_picked":["EmptyBody","FollowUp"],"picked":"DevaForm","floor":8},{"not_picked":["FlurryOfBlows","Replay:BluntJabs"],"picked":"WreathOfFlame","floor":10},{"not_picked":["CutThroughFate","Wish"],"picked":"BattleHymn","floor":11},{"not_picked":["Swivel","PathToVictory"],"picked":"WaveOfTheHand","floor":12},{"not_picked":["Replay:BluntJabs","Consecrate","WindmillStrike"],"picked":"SKIP","floor":13},{"not_picked":["MasterReality","ConjureBlade"],"picked":"Brilliance","floor":16},{"not_picked":["Consecrate","ThirdEye+1"],"picked":"EmptyFist","floor":18}],"player_experience":299813,"relics_obtained":[{"floor":6,"key":"PreservedInsect"},{"floor":8,"key":"Turnip"},{"floor":9,"key":"Anchor"},{"floor":11,"key":"Replay:Bandana"}],"event_choices":[{"damage_healed":0,"gold_gain":0,"player_choice":"Entered Light","damage_taken":14,"max_hp_gain":0,"max_hp_loss":0,"event_name":"Shining Light","floor":5,"gold_loss":0,"cards_upgraded":["MentalFortress","Defend_P"]},{"damage_healed":0,"gold_gain":0,"player_choice":"Ignored","damage_taken":0,"max_hp_gain":0,"max_hp_loss":0,"event_name":"Vampires","floor":19,"gold_loss":0}],"is_beta":false,"boss_relics":[{"not_picked":["Replay:Wanted Poster","Runic Dome"],"picked":"Philosopher\u0027s Stone"}],"items_purged_floors":[14],"is_endless":false,"potions_floor_spawned":[6,8,10,11],"killed_by":"Chosen","ascension_level":2}}