{"host":"l5xpox9cbdko122s","time":1611161681,"event":{"mods":["AchievementEnabler","BaseMod","Better Skull","Colored Map","Colored Powertips","Displayed Cursed Tome","Hermit","Highlight Path","Minty Spire (QoL Compilation)","Quick Restart","Shop Mod","StSLib"],"gold_per_floor":[117,131,149,162,181,181,213,213,213,213,52,52,127,127,127,127,127],"floor_reached":16,"language":"ENG","playtime":566,"items_purged":[],"score":100,"play_id":"04f5c3e1-a4d5-4ba5-bcec-3344d8295dc6","local_time":"20210120115441","is_ascension_mode":false,"campfire_choices":[{"floor":6,"key":"RECALL"},{"data":"hermit:Showdown","floor":10,"key":"SMITH"},{"data":"hermit:HighNoon","floor":12,"key":"SMITH"},{"floor":15,"key":"REST"}],"circlet_count":0,"master_deck":["hermit:Strike_Hermit","hermit:Strike_Hermit","hermit:Strike_Hermit","hermit:Strike_Hermit","hermit:Defend_Hermit","hermit:Defend_Hermit","hermit:Defend_Hermit","hermit:Defend_Hermit","hermit:Snapshot","hermit:Covet","hermit:Showdown+1","Parasite","hermit:HighNoon+1","Injury"],"relics":["hermit:Momento","NeowsBlessing","PreservedInsect","Shuriken","Golden Idol"],"acts_visited":["Exordium"],"potions_floor_usage":[4,5,16],"damage_taken":[{"damage":0,"enemies":"Jaw Worm","floor":1,"turns":1},{"damage":0,"enemies":"2 Louse","floor":2,"turns":1},{"damage":0,"enemies":"Small Slimes","floor":3,"turns":1},{"damage":0,"enemies":"Looter","floor":4,"turns":1},{"damage":18,"enemies":"Large Slime","floor":5,"turns":5},{"damage":29,"enemies":"Gremlin Nob","floor":7,"turns":5},{"damage":59,"enemies":"Slime Boss","floor":16,"turns":9}],"seed_played":"-3378718439540936408","potions_obtained":[{"floor":2,"key":"Explosive Potion"},{"floor":3,"key":"Fire Potion"},{"floor":7,"key":"LiquidBronze"}],"is_trial":false,"path_per_floor":["M","M","M","M","M","R","E","?","T","R","$","R","?","?","R","B"],"character_chosen":"HERMIT","items_purchased":["hermit:HighNoon"],"campfire_rested":1,"item_purchase_floors":[11],"current_hp_per_floor":[75,75,75,75,57,57,28,46,46,46,46,46,35,35,57,0,0],"gold":127,"neow_bonus":"THREE_ENEMY_KILL","is_daily":false,"chose_seed":false,"campfire_upgraded":2,"win_rate":0.0,"timestamp":1611161681,"path_taken":["M","M","M","M","M","R","E","?","T","R","$","R","?","?","R","BOSS"],"items_purchased_type":["Card"],"build_version":"2020-12-22","purchased_purges":0,"victory":false,"max_hp_per_floor":[75,75,75,75,75,75,75,75,75,75,75,75,75,75,75,75,75],"card_choices":[{"not_picked":["hermit:Misfire","hermit:Coalescence","hermit:Deadeye"],"picked":"SKIP","floor":1},{"not_picked":["hermit:Scavenge","hermit:CalledShot","hermit:Headshot"],"picked":"SKIP","floor":2},{"not_picked":["hermit:FlashPowder","hermit:TrackingShot"],"picked":"hermit:Showdown","floor":3},{"not_picked":["hermit:SprayPray","hermit:Snipe","hermit:BodyArmor"],"picked":"SKIP","floor":4},{"not_picked":["hermit:Desperado","hermit:CalledShot","hermit:TrackingShot"],"picked":"SKIP","floor":5},{"not_picked":["hermit:PistolWhip","hermit:GoldenBullet","hermit:SprayPray"],"picked":"SKIP","floor":7}],"player_experience":156145,"relics_obtained":[{"floor":7,"key":"PreservedInsect"},{"floor":9,"key":"Shuriken"}],"event_choices":[{"damage_healed":18,"gold_gain":0,"player_choice":"Healed and dodged fight","damage_taken":0,"max_hp_gain":0,"max_hp_loss":0,"event_name":"Mushrooms","floor":8,"gold_loss":0,"cards_obtained":["Parasite"]},{"damage_healed":0,"gold_gain":75,"player_choice":"Gather Gold","damage_taken":11,"max_hp_gain":0,"max_hp_loss":0,"event_name":"World of Goop","floor":13,"gold_loss":0},{"damage_healed":0,"gold_gain":0,"player_choice":"Take Wound","damage_taken":0,"relics_obtained":["Golden Idol"],"max_hp_gain":0,"max_hp_loss":0,"event_name":"Golden Idol","floor":14,"gold_loss":0,"cards_obtained":["Injury"]}],"is_beta":false,"boss_relics":[],"items_purged_floors":[],"is_endless":false,"potions_floor_spawned":[2,3,7],"killed_by":"Slime Boss","ascension_level":0}}