{"host":"j7au2ovow4c9pz79","time":1611177458,"event":{"mods":["AchievementEnabler","BaseMod","Better Third Choice","BetterRewards","Colored Powertips","Defuse TimeMaze Blight","Energized Spire","Googly Eyes","Hubris","Infinite Spire","Minty Spire (QoL Compilation)","Quick Restart","Replay The Spire","Spicy Shops","StSLib","SuperFastMode","Transform Curses"],"gold_per_floor":[213,213,230,247,322,322,337,347,347,347,347,360,360,377,377,377,377],"floor_reached":16,"language":"ENG","playtime":794,"items_purged":[],"score":94,"play_id":"636997e9-b250-4324-b635-1e60da6cd554","local_time":"20210120221738","is_ascension_mode":false,"campfire_choices":[{"data":"Footwork","floor":6,"key":"SMITH"},{"data":"Outmaneuver","floor":13,"key":"SMITH"},{"data":"Bullet Time","floor":15,"key":"SMITH"}],"circlet_count":0,"master_deck":["Strike_G","Strike_G","Strike_G","Strike_G","Strike_G","Defend_G","Defend_G","Defend_G","Defend_G","Defend_G","Survivor+1","Neutralize","Footwork+1","Acrobatics","Dagger Spray","Outmaneuver+1","Quick Slash","Poisoned Stab","Bullet Time+1"],"relics":["Ring of the Snake","hubris:Icosahedron"],"acts_visited":["Exordium"],"potions_floor_usage":[12],"damage_taken":[{"damage":0,"enemies":"Cultist","floor":1,"turns":4},{"damage":0,"enemies":"Small Slimes","floor":3,"turns":6},{"damage":0,"enemies":"Jaw Worm","floor":4,"turns":5},{"damage":0,"enemies":"Large Slime","floor":7,"turns":10},{"damage":11,"enemies":"3 Louse","floor":8,"turns":4},{"damage":0,"enemies":"Exordium Wildlife","floor":12,"turns":5},{"damage":5,"enemies":"Lots of Slimes","floor":14,"turns":4},{"damage":50,"enemies":"The Guardian","floor":16,"turns":17}],"seed_played":"7976982622227073367","potions_obtained":[{"floor":3,"key":"Strength Potion"},{"floor":4,"key":"AttackPotion"},{"floor":8,"key":"Doom Potion"}],"is_trial":false,"path_per_floor":["M","?","M","M","?","R","M","M","T","?","?","M","R","M","R","B"],"character_chosen":"THE_SILENT","items_purchased":[],"campfire_rested":0,"item_purchase_floors":[],"current_hp_per_floor":[70,70,70,70,59,59,59,48,48,48,48,48,48,43,43,0,0],"gold":377,"neow_bonus":"HUNDRED_GOLD","is_daily":false,"chose_seed":false,"campfire_upgraded":3,"win_rate":0.0,"timestamp":1611177458,"path_taken":["M","?","M","M","?","R","M","M","T","?","?","M","R","M","R","BOSS"],"items_purchased_type":[],"build_version":"2020-12-22","purchased_purges":0,"victory":false,"max_hp_per_floor":[70,70,70,70,70,70,70,70,70,70,70,70,70,70,70,70,70],"card_choices":[{"not_picked":["Sucker Punch","PiercingWail"],"picked":"Footwork","floor":1},{"not_picked":["Reflex","Deflect"],"picked":"Acrobatics","floor":3},{"not_picked":["Crippling Poison","ReplayTheSpireMod:Scrap Shanks"],"picked":"Dagger Spray","floor":4},{"not_picked":["Flying Knee","Cloak And Dagger"],"picked":"Outmaneuver","floor":7},{"not_picked":["Backflip","Blade Dance"],"picked":"Quick Slash","floor":8},{"not_picked":["Dodge and Roll","Hidden Blade"],"picked":"Poisoned Stab","floor":12},{"not_picked":["Quick Slash","Underhanded Strike"],"picked":"Bullet Time","floor":14}],"player_experience":1889173,"relics_obtained":[],"event_choices":[{"damage_healed":0,"gold_gain":75,"player_choice":"Gold","damage_taken":11,"max_hp_gain":0,"max_hp_loss":0,"event_name":"betterThird:BetterGoop","floor":5,"gold_loss":0}],"is_beta":false,"boss_relics":[],"items_purged_floors":[],"is_endless":false,"potions_floor_spawned":[3,4,8],"killed_by":"The Guardian","ascension_level":0}}