{"host":"hfcva6mq15ctj0gu","time":1611155340,"event":{"mods":["Abigail Mod","AchievementEnabler","Act Like it!","Alarm Clock","BaseMod","Better Altar","Better Match","Better Skull","Better Third Choice","BetterRewards","CapriCore","Card Forge","Colored Map","Curses Come First","Disable Question Mark Monsters","Displayed Cursed Tome","Emptier Cage","FoggyMod","Friendly Minions","Gold Saver","Good Game Mod","Grow up Mod","Highlight Path","Kiyohime????","Kratos Character Expansion","Marisa????????","Minty Spire (QoL Compilation)","Permanent Neow","Poem Panic","Poor People Problems","Reimu??????","Remilia??????","Shade Mod","Shop Mod","StSLib","The Immortal","The Servant 0.9.4","The Vixen","Transform Curses","Virulent Crown","????"],"gold_per_floor":[2095,2140,2215,2215,2390,1456,1535,878,901,901,930,321,381,381,123,275,275,312,312,312,312,312,45,98,13,13,13,64,64,164,164,164,269,269,313,161,161,161,161,161,161,161,161,212,239,294,294,294,294,294,294,294,32,90,90],"floor_reached":56,"language":"ENG","playtime":2359,"items_purged":[],"score":2033,"play_id":"caf5219e-65ca-4dbc-9ab7-a65466aaaeef","local_time":"20210120160900","is_ascension_mode":false,"campfire_choices":[{"floor":10,"key":"RECALL"},{"floor":27,"key":"DIG"},{"floor":32,"key":"DIG"},{"floor":40,"key":"DIG"},{"floor":49,"key":"DIG"},{"floor":52,"key":"DIG"}],"circlet_count":0,"master_deck":["MasterSpark+1","UpSweep+1","WitchOfGreed+1","MagicAbsorber+1","IllusionStar+1","AsteroidBelt+1","DoubleSpark+1","SprinkleStarSeal+1","White Noise+1","Echo Form+1","PropBag+1","KratosMod:FullCounter+1","WitchOfGreed+1","Madness+1","PowerUp+1","MasterSpark+1","SprinkleStarSeal+1","FairyDestructionRay+1","IllusionStar+1","Parasite","Conserve Battery+1","MokouMod:Afterburner+1","CollectingQuirk+1","DiffusionOfMisfortune+1","Double Energy+1","ThirdEye+1","BinaryStars+1","CurseOfTheBell","Alleviate+1","DeepEcoloBomb+1","Madness+1","Madness+1","Backflip+1","MokouMod:ImperishableFlame+1","Madness+1","AbbyMod:LiftSkirt+1"],"relics":["MiniHakkero","Hammer of Thor","Seething Fire","Anvil of the Gods","REME:ComplimentaryCards","MerchantsRug","Frozen Eye","Lizard Tail","WingedGreaves","Omamori","Tiny Chest","PureWhite:ReiMu","Mercury Hourglass","Toolbox","Art of War","Prayer Wheel","Nunchaku","Happy Flower","PrismaticShard","Juzu Bracelet","ShroomBag","MagicBroom","Torii","Thread and Needle","TheAbacus","Strawberry","Coffee Dripper","MutagenicStrength","Calipers","KratosMod:amulet","Shovel","TungstenRod","Turnip","Du-Vu Doll","Question Card","CrazyTorch:ReiMu","InkBottle","Gambling Chip","Meat on the Bone","Eternal Feather","Calling Bell","Dream Catcher","StrikeDummy","Pocketwatch","TentaclePot:ReiMu","Unceasing Top","Bottled Lightning","PreservedInsect","Darkstone Periapt","SproutingBranch","Whetstone","Bird Faced Urn","Bottled Tornado","FossilizedHelix","Blue Candle","KratosMod:minohorn","Incense Burner"],"acts_visited":["Exordium","TheCity","TheBeyond","TheEnding"],"potions_floor_usage":[30,30],"damage_taken":[{"damage":0,"enemies":"Cultist","floor":1,"turns":3},{"damage":0,"enemies":"Small Slimes","floor":2,"turns":2},{"damage":18,"enemies":"3 Sentries","floor":7,"turns":6},{"damage":8,"enemies":"The Mushroom Lair","floor":11,"turns":3},{"damage":0,"enemies":"Gremlin Nob","floor":13,"turns":2},{"damage":0,"enemies":"Slime Boss","floor":16,"turns":4},{"damage":6,"enemies":"Shell Parasite","floor":18,"turns":2},{"damage":0,"enemies":"Book of Stabbing","floor":24,"turns":2},{"damage":0,"enemies":"Gremlin Leader","floor":28,"turns":3},{"damage":0,"enemies":"Colosseum Slavers","floor":30,"turns":1},{"damage":0,"enemies":"Colosseum Nobs","floor":30,"turns":1},{"damage":0,"enemies":"Automaton","floor":33,"turns":1},{"damage":0,"enemies":"3 Darklings","floor":35,"turns":2},{"damage":0,"enemies":"2 Orb Walkers","floor":44,"turns":1},{"damage":0,"enemies":"Nemesis","floor":45,"turns":1},{"damage":0,"enemies":"Giant Head","floor":46,"turns":3},{"damage":0,"enemies":"Time Eater","floor":50,"turns":2},{"damage":0,"enemies":"Shield and Spear","floor":54,"turns":1},{"damage":0,"enemies":"The Heart","floor":55,"turns":4}],"seed_played":"-4469653111558055169","potions_obtained":[{"floor":1,"key":"Regen Potion"},{"floor":1,"key":"Fire Potion"},{"floor":2,"key":"Ancient Potion"},{"floor":7,"key":"BlessingOfTheForge"},{"floor":7,"key":"PowerPotion"},{"floor":7,"key":"BottledSpark"},{"floor":13,"key":"ShroomBrew"},{"floor":13,"key":"Weak Potion"},{"floor":16,"key":"BlessingOfTheForge"},{"floor":18,"key":"SkillPotion"},{"floor":24,"key":"Energy Potion"},{"floor":24,"key":"SpeedPotion"},{"floor":35,"key":"DistilledChaos"},{"floor":35,"key":"Strength Potion"},{"floor":46,"key":"SkillPotion"}],"is_trial":false,"path_per_floor":["M","M","?","?","?","R","E","$","T","R","?","R","E","T","R","B",null,"M","?","?","?","T","R","E","?","T","R","E","T","?","T","R","B",null,"M","$","?","?","$","R","T","?","T","?","E","E","?","T","R","B",null,"R","$","E","B",null],"character_chosen":"MARISA","items_purchased":["MerchantsRug","Frozen Eye","Lizard Tail","Mango","WitchOfGreed","MagicAbsorber","IllusionStar","Omamori","AsteroidBelt","PropBag","KratosMod:FullCounter","Mercury Hourglass","Toolbox","Art of War","WitchOfGreed","Madness","PowerUp","Nunchaku","Happy Flower","FairyDestructionRay","SatelliteIllusion","IllusionStar","PrismaticShard","MagicBroom","Torii","TheAbacus","Strawberry","KratosMod:amulet","TentaclePot:ReiMu","KratosMod:minohorn"],"campfire_rested":0,"item_purchase_floors":[0,0,0,0,0,0,0,0,0,6,6,6,6,6,6,6,6,8,8,8,8,8,8,12,12,15,15,23,36,53],"current_hp_per_floor":[61,71,70,43,53,63,55,65,75,85,87,97,107,117,134,144,276,280,290,300,310,320,330,340,350,360,370,380,390,400,410,420,430,446,456,466,419,429,439,468,478,488,498,508,518,539,549,559,591,606,616,626,636,646,666],"gold":90,"neow_bonus":"","is_daily":false,"chose_seed":false,"campfire_upgraded":0,"win_rate":0.0,"timestamp":1611155340,"path_taken":["M","?","?","?","?","R","E","?","T","R","?","R","E","?","R","BOSS","M","?","?","?","?","R","E","?","T","R","E","?","?","?","R","BOSS","M","$","?","?","?","R","?","?","T","?","E","E","?","?","R","BOSS","R","$","E","BOSS"],"items_purchased_type":["Relic","Relic","Relic","Relic","Card","Card","Card","Relic","Card","Card","Card","Relic","Relic","Relic","Card","Card","Card","Relic","Relic","Card","Card","Card","Relic","Relic","Relic","Relic","Relic","Relic","Relic","Relic"],"build_version":"2020-12-22","purchased_purges":0,"victory":true,"max_hp_per_floor":[109,119,129,139,149,159,169,179,189,199,209,219,229,239,256,266,276,286,296,306,316,326,336,346,356,366,376,386,396,406,416,426,436,446,456,466,476,486,496,506,516,526,536,546,556,566,576,586,596,606,616,626,636,646,666],"card_choices":[{"not_picked":["AsteroidBelt","DC"],"picked":"DoubleSpark","floor":1},{"not_picked":["UnstableBomb","Orbital"],"picked":"SprinkleStarSeal","floor":2},{"not_picked":["NonDirectionalLaser","BlazeAway"],"picked":"SprinkleStarSeal","floor":7},{"not_picked":["AbbyMod:Memocide","Spin"],"picked":"Conserve Battery","floor":11},{"not_picked":["Dramatic Entrance","Stack"],"picked":"MokouMod:Afterburner","floor":13},{"not_picked":["MokouMod:BurningHiddenBullet","Doppelganger"],"picked":"CollectingQuirk","floor":16},{"not_picked":["TheVixenMod:CADC","Leap"],"picked":"DiffusionOfMisfortune","floor":18},{"not_picked":["Shade:PressTheAttack","AsteroidBelt"],"picked":"Double Energy","floor":18},{"not_picked":["FastForward","Sword Boomerang"],"picked":"ThirdEye","floor":24},{"not_picked":["MokouMod:IgnitionBlast+1","Outmaneuver","AbbyMod:MeltBrain"],"picked":"SKIP","floor":28},{"not_picked":["Shade:LoseControl","Biased Cognition","TheVixenMod:SolarBeam"],"picked":"BinaryStars","floor":33},{"not_picked":["UpKicking:ReiMu+1","ChargeUpSpray","Underhanded Strike+1"],"picked":"Alleviate","floor":35},{"not_picked":["AbbyMod:Ab_SwirlOfMadness+1","AbbyMod:PantyShot","RefractionSpark"],"picked":"DeepEcoloBomb+1","floor":35},{"not_picked":["OpenUniverse","BlazeAway+1","AbbyMod:SweetPancakes+1"],"picked":"Backflip","floor":44},{"not_picked":["Shrug It Off+1","KiyohimeMod:AndSoTheShipConquers","MokouMod:SearingShot+1"],"picked":"MokouMod:ImperishableFlame","floor":45},{"not_picked":["FineLineFantasy:ReiMu+1","Shrug It Off","AbbyMod:MindCleanse"],"picked":"Madness","floor":46},{"not_picked":["MokouMod:IndiscriminateIgnition+1","SpringWay:ReiMu+1","ReturningBlade"],"picked":"AbbyMod:LiftSkirt+1","floor":54}],"player_experience":124530,"relics_obtained":[{"floor":7,"key":"Prayer Wheel"},{"floor":9,"key":"Juzu Bracelet"},{"floor":11,"key":"ShroomBag"},{"floor":13,"key":"Thread and Needle"},{"floor":22,"key":"Calipers"},{"floor":24,"key":"Shovel"},{"floor":26,"key":"Turnip"},{"floor":27,"key":"Du-Vu Doll"},{"floor":28,"key":"Question Card"},{"floor":29,"key":"CrazyTorch:ReiMu"},{"floor":30,"key":"InkBottle"},{"floor":30,"key":"Gambling Chip"},{"floor":31,"key":"Meat on the Bone"},{"floor":32,"key":"Eternal Feather"},{"floor":34,"key":"Dream Catcher"},{"floor":34,"key":"StrikeDummy"},{"floor":34,"key":"Pocketwatch"},{"floor":40,"key":"Unceasing Top"},{"floor":41,"key":"Bottled Lightning"},{"floor":43,"key":"Darkstone Periapt"},{"floor":44,"key":"SproutingBranch"},{"floor":45,"key":"Whetstone"},{"floor":46,"key":"Bird Faced Urn"},{"floor":48,"key":"Bottled Tornado"},{"floor":49,"key":"FossilizedHelix"},{"floor":52,"key":"Blue Candle"},{"floor":54,"key":"Incense Burner"}],"event_choices":[{"damage_healed":0,"gold_gain":75,"player_choice":"Gold","damage_taken":11,"max_hp_gain":0,"max_hp_loss":0,"event_name":"betterThird:BetterGoop","floor":3,"gold_loss":0},{"damage_healed":0,"gold_gain":175,"player_choice":"AGREE","damage_taken":2215,"max_hp_gain":0,"max_hp_loss":0,"event_name":"betterThird:BetterSerpent","floor":5,"gold_loss":0},{"damage_healed":0,"gold_gain":0,"player_choice":"Fought Mushrooms","damage_taken":0,"max_hp_gain":0,"max_hp_loss":0,"event_name":"Mushrooms_MRS","floor":11,"gold_loss":0},{"damage_healed":0,"gold_gain":0,"player_choice":"Ignored","damage_taken":0,"max_hp_gain":0,"max_hp_loss":0,"event_name":"Beggar","floor":19,"gold_loss":0},{"damage_healed":0,"gold_gain":0,"player_choice":"Inject Mutagens","damage_taken":0,"relics_obtained":["MutagenicStrength"],"max_hp_gain":0,"max_hp_loss":0,"event_name":"Drug Dealer","floor":20,"gold_loss":0},{"damage_healed":0,"gold_gain":0,"player_choice":"Ignored","damage_taken":0,"max_hp_gain":0,"max_hp_loss":0,"event_name":"Ghosts","floor":21,"gold_loss":0},{"damage_healed":0,"gold_gain":0,"player_choice":"Obtained Relic","damage_taken":0,"relics_obtained":["TungstenRod"],"max_hp_gain":0,"max_hp_loss":0,"event_name":"Addict","floor":25,"gold_loss":85},{"damage_healed":0,"gold_gain":0,"player_choice":"Fight","damage_taken":0,"max_hp_gain":0,"max_hp_loss":0,"event_name":"Colosseum","floor":30,"gold_loss":0},{"damage_healed":0,"gold_gain":0,"player_choice":"Fought Nobs","damage_taken":0,"max_hp_gain":0,"max_hp_loss":0,"event_name":"Colosseum","floor":30,"gold_loss":0},{"damage_healed":0,"gold_gain":0,"player_choice":"Embrace Madness","damage_taken":58,"max_hp_gain":0,"max_hp_loss":0,"event_name":"Winding Halls","floor":37,"gold_loss":0,"cards_obtained":["Madness","Madness"]},{"cards_removed":["SatelliteIllusion"],"damage_healed":0,"gold_gain":0,"player_choice":"Removed Power","damage_taken":0,"max_hp_gain":0,"max_hp_loss":0,"event_name":"Falling","floor":38,"gold_loss":0},{"damage_healed":0,"gold_gain":0,"player_choice":"Gave Potion","damage_taken":0,"relics_obtained":["PreservedInsect"],"max_hp_gain":0,"max_hp_loss":0,"event_name":"WeMeetAgain","floor":42,"gold_loss":0},{"damage_healed":0,"gold_gain":0,"player_choice":"Fight","damage_taken":0,"max_hp_gain":0,"max_hp_loss":0,"event_name":"Mysterious Sphere","floor":44,"gold_loss":0},{"damage_healed":0,"gold_gain":0,"player_choice":"Ignored","damage_taken":0,"max_hp_gain":0,"max_hp_loss":0,"event_name":"Upgrade Shrine","floor":47,"gold_loss":0}],"is_beta":false,"boss_relics":[{"not_picked":["Ectoplasm","RedLine:ReiMu"],"picked":"Coffee Dripper"},{"not_picked":["Sozu","Runic Dome"],"picked":"Calling Bell"}],"items_purged_floors":[],"is_endless":false,"potions_floor_spawned":[1,7,13,18,24,35,46],"ascension_level":0}}