{"host":"KYO","time":1611186542,"event":{"mods":["ATMod(阿瑾Mod)","BaseMod","Minty Spire (QoL Compilation)","Permanent Neow","Shop Mod","StSLib","SuperFastMode","TestMod","[IsaacMod]以撒尖塔","【遗物卡牌】REMEMod"],"gold_per_floor":[121,137,144,157,176,210,226,265,265,292,308,333,333,359,359,436,436,471,500,507,22,46,86,86,113,113,113,133,140,140,177,177,274,274,302,302,331,359,421,465,465,484,484,519,519,545,207,241,241,276,325,325,325,123,163,198],"floor_reached":57,"language":"ZHS","playtime":2459,"items_purged":[],"score":3573,"play_id":"ef80cf2a-1ad4-41d1-b16c-e8d9c7a5a330","local_time":"20210121074902","is_ascension_mode":true,"campfire_choices":[{"data":"Eruption","floor":13.0,"key":"SMITH"},{"data":"AT_KingSlayer","floor":15.0,"key":"SMITH"},{"floor":24.0,"key":"RECALL"},{"data":"Ghostly","floor":27.0,"key":"SMITH"},{"data":"Vigilance","floor":32.0,"key":"SMITH"},{"floor":41,"key":"REST"},{"floor":49,"key":"REST"},{"floor":53,"key":"REST"}],"circlet_count":0,"master_deck":["AscendersBane","AT_BreakingExtremeWeapon+1","AT_KingSlayer+1","Ghostly+1","Ghostly+1","AT_MachinaRedman+1","JustLucky+1","ThirdEye+1","AT_PowerWithin+1","DeceiveReality+1"],"relics":["HushsDoor","AT_ATBox","REME_ComplimentaryCards","testmod-TestBox","SalivaCoin","testmod-HeartOfStrike","testmod-ConstraintPeriapt","AT_SilvercatRing","Molten Egg 2","CeramicFish","testmod-KeyOfTheVoid","GuppysHead","GuppysTail","Bronze Scales","MerchantsRug","AT_BellowingDragoncrestRing","Pen Nib","AT_RedTearstoneRing","testmod-Hope","testmod-LifeArmor","GoldenEye","Torii","Letter Opener","AT_ATBox","Orichalcum","PrismaticShard","Pocketwatch","testmod-IndustrialRevolution","AT_ImmortalShieldbow"],"acts_visited":["Exordium","TheCity","TheBeyond","TheEnding"],"potions_floor_usage":[40,56],"damage_taken":[{"damage":2.0,"enemies":"Jaw Worm","floor":1.0,"turns":2.0},{"damage":0.0,"enemies":"Cultist","floor":2.0,"turns":2.0},{"damage":0.0,"enemies":"2 Louse","floor":4.0,"turns":2.0},{"damage":0.0,"enemies":"Large Slime","floor":5.0,"turns":2.0},{"damage":4.0,"enemies":"Lagavulin","floor":6.0,"turns":6.0},{"damage":0.0,"enemies":"Lots of Slimes","floor":7.0,"turns":2.0},{"damage":0.0,"enemies":"Gremlin Nob","floor":8.0,"turns":3.0},{"damage":2.0,"enemies":"Exordium Thugs","floor":10.0,"turns":2.0},{"damage":0.0,"enemies":"Red Slaver","floor":11.0,"turns":1.0},{"damage":3.0,"enemies":"Blue Slaver","floor":12.0,"turns":3.0},{"damage":0.0,"enemies":"Lagavulin","floor":14.0,"turns":2.0},{"damage":0.0,"enemies":"Slime Boss","floor":16.0,"turns":3.0},{"damage":1.0,"enemies":"2 Thieves","floor":18.0,"turns":2.0},{"damage":1.0,"enemies":"3 Byrds","floor":19.0,"turns":2.0},{"damage":0.0,"enemies":"Snake Plant","floor":22.0,"turns":1.0},{"damage":0.0,"enemies":"REME_1_Revenger","floor":23.0,"turns":2.0},{"damage":0.0,"enemies":"Sentry and Sphere","floor":28.0,"turns":2.0},{"damage":0.0,"enemies":"Slavers","floor":31.0,"turns":3.0},{"damage":3,"enemies":"Automaton","floor":33,"turns":4},{"damage":0,"enemies":"3 Shapes","floor":35,"turns":2},{"damage":0,"enemies":"Orb Walker","floor":37,"turns":2},{"damage":0,"enemies":"Maw","floor":38,"turns":2},{"damage":0,"enemies":"2 Orb Walkers","floor":39,"turns":3},{"damage":0,"enemies":"Giant Head","floor":40,"turns":2},{"damage":0,"enemies":"Spire Growth","floor":42,"turns":2},{"damage":0,"enemies":"Nemesis","floor":44,"turns":1},{"damage":1,"enemies":"Jaw Worm Horde","floor":46,"turns":3},{"damage":0,"enemies":"Mind Bloom Boss Battle","floor":48,"turns":1},{"damage":5,"enemies":"Time Eater","floor":50,"turns":2},{"damage":7,"enemies":"Awakened One","floor":51,"turns":3},{"damage":0,"enemies":"Shield and Spear","floor":55,"turns":3},{"damage":7,"enemies":"The Heart","floor":56,"turns":5}],"seed_played":"7019822061093915626","potions_obtained":[{"floor":2.0,"key":"BlessingOfTheForge"},{"floor":4.0,"key":"testmod-EscapePotion"},{"floor":6.0,"key":"EssenceOfSteel"},{"floor":12.0,"key":"BlessingOfTheForge"},{"floor":14.0,"key":"Energy Potion"},{"floor":23.0,"key":"SpeedPotion"},{"floor":28.0,"key":"Block Potion"},{"floor":33,"key":"EntropicBrew"},{"floor":35,"key":"GamblersBrew"},{"floor":38,"key":"FearPotion"},{"floor":39,"key":"REME_GoldPotion"},{"floor":40,"key":"testmod-TimePotion"}],"is_trial":false,"path_per_floor":["M","M","?","M","M","E","M","E","T","M","M","M","R","E","R","B",null,"M","M","?","$","M","E","R","?","T","R","M","?","?","E","R","B",null,"M","?","M","M","?","E","R","M","T","E","?","M","$","?","R","B","B",null,"R","$","E","B",null],"character_chosen":"WATCHER","items_purchased":["GuppysHead","GuppysTail","MerchantsRug","AT_BellowingDragoncrestRing","Pen Nib","REME_MusicOfDeath","REME_Repentance","Orichalcum","PrismaticShard","testmod-IndustrialRevolution","ThirdEye"],"campfire_rested":3,"item_purchase_floors":[17,17,21,21,21,21,21,47,47,54,54],"current_hp_per_floor":[59,59,51,51,51,47,48,50,50,49,49,47,47,48,48,50,54,54,54,39,39,39,39,39,27,27,27,27,23,28,32,32,29,38,39,39,39,39,39,39,39,39,39,39,39,39,39,39,39,35,30,37,39,39,39,38],"gold":198,"neow_bonus":"BOSS_RELIC","is_daily":false,"chose_seed":false,"campfire_upgraded":4,"win_rate":0.0,"timestamp":1611186542,"path_taken":["M","M","?","?","M","E","M","E","T","M","M","M","R","E","R","BOSS","M","M","?","$","M","E","R","?","T","R","?","?","?","E","R","BOSS","M","?","M","M","?","E","R","M","T","E","?","?","$","?","R","BOSS","BOSS","R","$","E","BOSS"],"items_purchased_type":["Relic","Relic","Relic","Relic","Relic","Card","Card","Relic","Relic","Relic","Card"],"build_version":"2020-12-18","purchased_purges":0,"victory":true,"max_hp_per_floor":[68,68,75,75,75,75,75,75,75,75,75,75,75,75,75,75,55,55,55,55,55,55,55,55,27,27,27,27,32,32,32,32,32,39,39,39,39,39,39,39,39,39,39,39,39,39,39,39,39,39,39,39,39,39,39,39],"card_choices":[{"not_picked":["Tantrum","Protect"],"picked":"FollowUp","floor":1.0},{"not_picked":["ThirdEye","REME_CRH"],"picked":"Evaluate","floor":2.0},{"not_picked":["Prostrate","Swivel","Perseverance"],"picked":"SKIP","floor":4.0},{"not_picked":["Evaluate","JustLucky"],"picked":"Bomb","floor":5.0},{"not_picked":["Conclude","Indignation"],"picked":"FearNoEvil","floor":6.0},{"not_picked":["Bomb","Crescendo"],"picked":"LikeWater","floor":7.0},{"not_picked":["Meditate","Consecrate","Wireheading"],"picked":"SKIP","floor":8.0},{"not_picked":["SashWhip+1","Evaluate","Indignation"],"picked":"SKIP","floor":10.0},{"not_picked":["CutThroughFate+1","Protect","AT_RealFormLess"],"picked":"SKIP","floor":11.0},{"not_picked":["Nirvana","Pray","Alpha"],"picked":"SKIP","floor":12.0},{"not_picked":["Conclude+1","Nirvana","FlyingSleeves+1"],"picked":"SKIP","floor":14.0},{"not_picked":["AT_SoftenMuscles","REME_Repentance"],"picked":"BowlingBash+1","floor":18.0},{"not_picked":["CutThroughFate+1","REME_Repentance"],"picked":"Adaptation","floor":19.0},{"not_picked":["AT_SoftenMuscles","Conclude+1"],"picked":"PathToVictory","floor":22.0},{"not_picked":["EmptyBody","Vengeance"],"picked":"BowlingBash+1","floor":23.0},{"not_picked":["ForeignInfluence","REME_Repentance"],"picked":"JustLucky+1","floor":28.0},{"not_picked":["FlyingSleeves+1","BowlingBash+1"],"picked":"EmptyFist+1","floor":31.0},{"not_picked":["Scrawl","AT_ChampionKick+1"],"picked":"Blasphemy","floor":33},{"not_picked":["Protect+1","CrushJoints+1"],"picked":"Prostrate","floor":35},{"not_picked":["WreathOfFlame","Meditate"],"picked":"AT_MachinaRedman","floor":37},{"not_picked":["SashWhip+1","FlyingSleeves+1"],"picked":"JustLucky+1","floor":38},{"not_picked":["CrushJoints+1","WheelKick+1"],"picked":"Evaluate","floor":39},{"not_picked":["FlurryOfBlows+1","BowlingBash+1","REME_CRH"],"picked":"SKIP","floor":40},{"not_picked":["FlurryOfBlows+1","BowlingBash+1"],"picked":"REME_CRH","floor":40},{"not_picked":["AT_SoftenMuscles+1","WheelKick+1"],"picked":"CutThroughFate+1","floor":42},{"not_picked":["Crescendo","SashWhip+1"],"picked":"CarveReality+1","floor":44},{"not_picked":["Pray","CutThroughFate+1"],"picked":"ThirdEye","floor":46},{"not_picked":["Choke+1","Compile Driver+1"],"picked":"AT_PowerWithin","floor":48},{"not_picked":["Sever Soul+1","REME_Repentance"],"picked":"DeceiveReality","floor":55}],"player_experience":642215,"relics_obtained":[{"floor":6.0,"key":"testmod-ConstraintPeriapt"},{"floor":8.0,"key":"AT_SilvercatRing"},{"floor":9.0,"key":"Molten Egg 2"},{"floor":14.0,"key":"CeramicFish"},{"floor":23.0,"key":"AT_RedTearstoneRing"},{"floor":26.0,"key":"testmod-Hope"},{"floor":31.0,"key":"testmod-LifeArmor"},{"floor":39,"key":"GoldenEye"},{"floor":40,"key":"Torii"},{"floor":44,"key":"Letter Opener"},{"floor":48,"key":"Pocketwatch"},{"floor":55,"key":"AT_ImmortalShieldbow"}],"event_choices":[{"damage_healed":0.0,"max_hp_gain":0.0,"max_hp_loss":28.0,"gold_gain":0.0,"event_name":"Ghosts","player_choice":"Became a Ghost","floor":25.0,"gold_loss":0.0,"damage_taken":0.0,"cards_obtained":["Ghostly","Ghostly","Ghostly"]},{"damage_healed":0.0,"max_hp_gain":5.0,"max_hp_loss":0.0,"gold_gain":0.0,"event_name":"Forgotten Altar","player_choice":"Shed Blood","floor":29.0,"gold_loss":0.0,"damage_taken":9.0},{"cards_removed":["REME_Repentance"],"damage_healed":5.0,"max_hp_gain":0.0,"max_hp_loss":0.0,"gold_gain":0.0,"event_name":"Bonfire Elementals","player_choice":"Offered Common","floor":30.0,"gold_loss":0.0,"damage_taken":0.0},{"cards_removed":["REME_Repentance"],"damage_healed":5.0,"max_hp_gain":0.0,"max_hp_loss":0.0,"gold_gain":0.0,"event_name":"Bonfire Elementals","player_choice":"Offered Special","floor":30.0,"gold_loss":0.0,"damage_taken":0.0},{"damage_healed":0,"gold_gain":0,"player_choice":"Ignored","damage_taken":0,"max_hp_gain":0,"max_hp_loss":0,"event_name":"Upgrade Shrine","floor":36,"gold_loss":0},{"damage_healed":0,"gold_gain":0,"player_choice":"Fight","damage_taken":0,"max_hp_gain":0,"max_hp_loss":0,"event_name":"Mysterious Sphere","floor":39,"gold_loss":0},{"damage_healed":0,"gold_gain":0,"player_choice":"Swap Relic","damage_taken":0,"relics_obtained":["AT_ATBox"],"max_hp_gain":0,"max_hp_loss":0,"event_name":"给自己的盒子","floor":45,"relics_lost":["MagicMushroom"],"gold_loss":0},{"damage_healed":0,"gold_gain":0,"player_choice":"Fight","damage_taken":0,"max_hp_gain":0,"max_hp_loss":0,"event_name":"MindBloom","floor":48,"gold_loss":0}],"is_beta":true,"boss_relics":[{"not_picked":["testmod-HarvestTotem","testmod-SaigiyounoYou"],"picked":"testmod-KeyOfTheVoid"},{"not_picked":[]},{"not_picked":["Sozu","Philosopher\u0027s Stone"],"picked":"MagicMushroom"},{"not_picked":[]}],"items_purged_floors":[],"is_endless":false,"potions_floor_spawned":[2,4,6,12,14,19,23,28,33,35,38,39,40,46],"ascension_level":20}}