{"host":"bycas0s5rx7l5h3x","time":1611157182,"event":{"mods":["AchievementEnabler","Act Like it!","BaseMod","Minty Spire (QoL Compilation)","MostiFishMod","Pale of the Ancients","Quick Restart","StSLib"],"gold_per_floor":[116,81,91,109,128,157,173,186,237,237,253,270,281,231,231,327,327,338,338],"floor_reached":18,"language":"ZHS","playtime":684,"items_purged":[],"score":195,"play_id":"52d58cd6-aed1-4ce2-8bc2-de70a8dfd64d","local_time":"20210120233942","is_ascension_mode":false,"campfire_choices":[{"data":"Eruption","floor":15,"key":"SMITH"}],"circlet_count":0,"master_deck":["Strike_P","Strike_P","Strike_P","Strike_P","Defend_P","Defend_P","Defend_P","Defend_P","Eruption+1","FollowUp","MostiFishMod:Nomercy","MostiFishMod:OutWit","Indignation","Worship","Scrawl","MostiFishMod:StarWish","MostiFishMod:Neptune","MostiFishMod:TheEndOfMoonlight","MostiFishMod:SparklingWater","MostiFishMod:FantasySummer","MostiFishMod:NightSea"],"relics":["PureWater","DaveBox","PatriotShield","SynthV:TestCard","Vajra","MoonlightInvasionPlan"],"acts_visited":["Exordium","TheCity"],"potions_floor_usage":[],"damage_taken":[{"damage":0,"enemies":"2 Louse","floor":1,"turns":1},{"damage":0,"enemies":"Jaw Worm","floor":3,"turns":1},{"damage":0,"enemies":"Cultist","floor":4,"turns":2},{"damage":0,"enemies":"Looter","floor":5,"turns":2},{"damage":0,"enemies":"Gremlin Nob","floor":6,"turns":2},{"damage":0,"enemies":"2 Fungi Beasts","floor":7,"turns":1},{"damage":0,"enemies":"3 Louse","floor":8,"turns":2},{"damage":0,"enemies":"Looter","floor":11,"turns":2},{"damage":0,"enemies":"Exordium Thugs","floor":12,"turns":1},{"damage":0,"enemies":"Red Slaver","floor":13,"turns":1},{"damage":39,"enemies":"Hexaghost","floor":16,"turns":3},{"damage":0,"enemies":"3 Byrds","floor":18,"turns":2}],"seed_played":"195181700660323867","potions_obtained":[{"floor":3,"key":"Ancient Potion"},{"floor":4,"key":"Explosive Potion"},{"floor":5,"key":"StancePotion"}],"is_trial":false,"path_per_floor":["M","?","M","M","M","E","M","M","T","?","M","M","M","?","R","B",null,"M"],"character_chosen":"WATCHER","items_purchased":[],"campfire_rested":0,"item_purchase_floors":[],"current_hp_per_floor":[79,79,79,79,79,79,79,79,79,72,72,72,72,72,72,33,79,79,79],"gold":338,"neow_bonus":"TEN_PERCENT_HP_BONUS","is_daily":false,"chose_seed":false,"campfire_upgraded":1,"win_rate":0.0,"timestamp":1611157182,"path_taken":["M","?","M","M","M","E","M","M","T","?","M","M","M","?","R","BOSS","M"],"items_purchased_type":[],"build_version":"2020-12-22","purchased_purges":0,"victory":false,"max_hp_per_floor":[79,79,79,79,79,79,79,79,79,79,79,79,79,79,79,79,79,79,79],"card_choices":[{"not_picked":["ThirdEye","Swivel"],"picked":"FollowUp","floor":1},{"not_picked":["Evaluate","CrushJoints","Crescendo","Halt"],"picked":"MostiFishMod:Nomercy","floor":3},{"not_picked":["EmptyBody","FollowUp","SashWhip","Vengeance"],"picked":"Adaptation","floor":4},{"not_picked":["Pray","Collect","ThirdEye","BowlingBash"],"picked":"MostiFishMod:OutWit","floor":5},{"not_picked":["InnerPeace","EmptyFist","ClearTheMind","FlurryOfBlows","Halt"],"picked":"SKIP","floor":6},{"not_picked":["Fasting2","EmptyBody","FlyingSleeves","BowlingBash"],"picked":"Indignation","floor":7},{"not_picked":["Fasting2","Perseverance","MostiFishMod:Clarity","BowlingBash"],"picked":"Worship","floor":8},{"not_picked":["Adaptation","MostiFishMod:Nomercy","JustLucky","MostiFishMod:KamiSmash","PathToVictory"],"picked":"SKIP","floor":11},{"not_picked":["Consecrate","FlyingSleeves","FearNoEvil","CrushJoints","WreathOfFlame"],"picked":"SKIP","floor":12},{"not_picked":["SignatureMove","ThirdEye","Crescendo","WindmillStrike"],"picked":"Scrawl","floor":13},{"not_picked":["MasterReality","LessonLearned","MostiFishMod:StarOceanP","MostiFishMod:StarHerder"],"picked":"MostiFishMod:StarWish","floor":16}],"player_experience":55774,"relics_obtained":[{"floor":1,"key":"SynthV:TestCard"},{"floor":6,"key":"Vajra"}],"event_choices":[{"damage_healed":0,"gold_gain":0,"player_choice":"Left Gold","damage_taken":0,"max_hp_gain":0,"max_hp_loss":0,"event_name":"World of Goop","floor":2,"gold_loss":35},{"cards_removed":["Vigilance"],"damage_healed":0,"gold_gain":0,"player_choice":"Card Removal","damage_taken":7,"max_hp_gain":0,"max_hp_loss":0,"event_name":"Golden Wing","floor":10,"gold_loss":0},{"cards_removed":["Adaptation"],"damage_healed":0,"gold_gain":0,"player_choice":"Card Removal","damage_taken":0,"max_hp_gain":0,"max_hp_loss":0,"event_name":"The Cleric","floor":14,"gold_loss":50}],"is_beta":false,"boss_relics":[{"not_picked":["GreenFoldingFan","OneHitWonderSystem"],"picked":"MoonlightInvasionPlan"}],"items_purged_floors":[],"is_endless":false,"potions_floor_spawned":[3,4,5,16],"killed_by":"3 Byrds","ascension_level":0}}