{"host":"y7sd46uq4xlni546","time":1611173366,"event":{"mods":["AchievementEnabler","BaseMod","Colored Map","Colored Powertips","Curses Come First","Filter the Spire","Minty Spire (QoL Compilation)","Quick Restart","Random Character Button","Rare Cards Sparkle","StSLib"],"gold_per_floor":[115,65,82,257,182,182,201,227,253,270,300,311,321,321,321,426,426,426,426,341,341,341,341,341,341,341,341,341,341,341,341,341,341,341,341,341,341,341,341,341,341,341,341,190,190,190,190,190,190,190],"floor_reached":51,"language":"ENG","playtime":2447,"items_purged":["Doubt"],"score":879,"play_id":"390706de-569c-44d0-a8b0-6a0f90ba8f4d","local_time":"20210120210926","is_ascension_mode":false,"campfire_choices":[{"data":"Deflect","floor":6.0,"key":"SMITH"},{"data":"Cloak And Dagger","floor":15.0,"key":"SMITH"},{"data":"Blade Dance","floor":24.0,"key":"SMITH"},{"data":"Blade Dance","floor":30.0,"key":"SMITH"},{"data":"Neutralize","floor":32.0,"key":"SMITH"},{"data":"A Thousand Cuts","floor":46.0,"key":"SMITH"},{"data":"Doppelganger","floor":49.0,"key":"SMITH"}],"circlet_count":0,"master_deck":["Strike_G+1","Strike_G+1","Defend_G+1","Defend_G+1","Defend_G+1","Survivor","Neutralize+1","Doppelganger+1","After Image+1","Choke+1","Backflip","Deflect+1","Leg Sweep","Glass Knife","Blade Dance+1","Cloak And Dagger+1","Flying Knee","Doppelganger+1","Corpse Explosion","Blade Dance+1","Cloak And Dagger","Cloak And Dagger+1","Slice+1","Deflect+1","A Thousand Cuts+1","Dagger Spray+1","Distraction+1","Caltrops+1","Dash+1"],"relics":["Astrolabe","Bronze Scales","Strawberry","Odd Mushroom","Ectoplasm","White Beast Statue","Matryoshka","Lantern","Boot","Regal Pillow","StrikeDummy","Black Star","Peace Pipe","Ginger","Singing Bowl","Mercury Hourglass","Potion Belt","Letter Opener","Eternal Feather","TheAbacus","Pear","Toxic Egg 2"],"acts_visited":["Exordium","TheCity","TheBeyond"],"potions_floor_usage":[50,50,50,50,50],"damage_taken":[{"damage":0.0,"enemies":"Cultist","floor":1.0,"turns":3.0},{"damage":0.0,"enemies":"Small Slimes","floor":3.0,"turns":3.0},{"damage":6.0,"enemies":"2 Louse","floor":7.0,"turns":2.0},{"damage":9.0,"enemies":"Gremlin Nob","floor":8.0,"turns":5.0},{"damage":0.0,"enemies":"Exordium Wildlife","floor":10.0,"turns":3.0},{"damage":1.0,"enemies":"The Mushroom Lair","floor":11.0,"turns":3.0},{"damage":3.0,"enemies":"Large Slime","floor":12.0,"turns":5.0},{"damage":6.0,"enemies":"Red Slaver","floor":13.0,"turns":3.0},{"damage":7.0,"enemies":"Slime Boss","floor":16.0,"turns":9.0},{"damage":1.0,"enemies":"3 Byrds","floor":18.0,"turns":2.0},{"damage":8.0,"enemies":"Book of Stabbing","floor":23.0,"turns":4.0},{"damage":1.0,"enemies":"Slavers","floor":25.0,"turns":2.0},{"damage":0.0,"enemies":"Spheric Guardian","floor":27.0,"turns":3.0},{"damage":0.0,"enemies":"3 Cultists","floor":28.0,"turns":2.0},{"damage":0.0,"enemies":"Snake Plant","floor":29.0,"turns":3.0},{"damage":0.0,"enemies":"Chosen and Byrds","floor":31.0,"turns":1.0},{"damage":12.0,"enemies":"Automaton","floor":33.0,"turns":7.0},{"damage":0.0,"enemies":"Orb Walker","floor":35.0,"turns":1.0},{"damage":10.0,"enemies":"Mind Bloom Boss Battle","floor":36.0,"turns":7.0},{"damage":2.0,"enemies":"3 Shapes","floor":37.0,"turns":3.0},{"damage":2.0,"enemies":"Maw","floor":39.0,"turns":7.0},{"damage":2.0,"enemies":"Nemesis","floor":40.0,"turns":5.0},{"damage":0.0,"enemies":"3 Darklings","floor":41.0,"turns":3.0},{"damage":0.0,"enemies":"Reptomancer","floor":42.0,"turns":4.0},{"damage":12.0,"enemies":"Sphere and 2 Shapes","floor":45.0,"turns":3.0},{"damage":0.0,"enemies":"Jaw Worm Horde","floor":47.0,"turns":4.0},{"damage":0.0,"enemies":"Nemesis","floor":48.0,"turns":4.0},{"damage":76,"enemies":"Time Eater","floor":50,"turns":11}],"seed_played":"-9172588177650200699","potions_obtained":[{"floor":3.0,"key":"CunningPotion"},{"floor":11.0,"key":"Fire Potion"},{"floor":13.0,"key":"Block Potion"},{"floor":23.0,"key":"FearPotion"},{"floor":25.0,"key":"PowerPotion"},{"floor":27.0,"key":"LiquidMemories"},{"floor":28.0,"key":"SkillPotion"},{"floor":31.0,"key":"LiquidMemories"},{"floor":33.0,"key":"Poison Potion"},{"floor":35.0,"key":"ColorlessPotion"},{"floor":36.0,"key":"CunningPotion"},{"floor":37.0,"key":"Strength Potion"},{"floor":39.0,"key":"AttackPotion"},{"floor":40.0,"key":"EntropicBrew"},{"floor":41.0,"key":"SteroidPotion"},{"floor":42.0,"key":"Regen Potion"},{"floor":45.0,"key":"PowerPotion"},{"floor":47.0,"key":"GamblersBrew"},{"floor":48.0,"key":"GamblersBrew"}],"is_trial":false,"path_per_floor":["M","?","M","?","$","R","M","E","T","M","?","M","M","?","R","B",null,"M","T","?","?","?","E","R","E","T","M","M","M","R","M","R","B",null,"M","?","M","?","M","E","M","E","T","$","M","R","M","E","R","B",null],"character_chosen":"THE_SILENT","items_purchased":["TheAbacus"],"campfire_rested":0,"item_purchase_floors":[44],"current_hp_per_floor":[70,70,70,70,70,70,64,55,62,62,61,58,52,52,52,45,77,76,76,76,76,76,68,68,67,67,67,67,67,67,67,67,55,77,77,67,65,65,63,63,63,65,65,65,55,70,70,82,95,22],"gold":190,"neow_bonus":"BOSS_RELIC","is_daily":false,"chose_seed":false,"campfire_upgraded":7,"win_rate":0.0,"timestamp":1611173366,"path_taken":["M","?","M","?","$","R","M","E","T","M","?","?","M","?","R","BOSS","M","?","?","?","?","E","R","E","T","M","M","M","R","?","R","BOSS","M","?","M","?","M","E","M","E","T","$","?","R","M","E","R","BOSS"],"items_purchased_type":["Relic"],"build_version":"2020-12-22","purchased_purges":1,"victory":true,"max_hp_per_floor":[70,70,70,70,70,70,70,70,77,77,77,77,77,77,77,77,77,77,77,77,77,77,77,77,77,77,77,77,77,77,77,77,77,77,77,77,77,77,77,79,79,81,81,81,83,83,83,95,95,95],"card_choices":[{"not_picked":["Dagger Spray","Choke"],"picked":"Backflip","floor":1.0},{"not_picked":["Dagger Spray","Escape Plan"],"picked":"Deflect","floor":3.0},{"not_picked":["Quick Slash","Dagger Throw"],"picked":"Leg Sweep","floor":7.0},{"not_picked":["PiercingWail","Skewer"],"picked":"Glass Knife","floor":8.0},{"not_picked":["Escape Plan","Deadly Poison","Bane"],"picked":"SKIP","floor":10.0},{"not_picked":["Bouncing Flask","Quick Slash"],"picked":"Blade Dance","floor":11.0},{"not_picked":["Backflip","Masterful Stab"],"picked":"Cloak And Dagger","floor":12.0},{"not_picked":["Calculated Gamble","Deadly Poison"],"picked":"Flying Knee","floor":13.0},{"not_picked":["Grand Finale","Envenom"],"picked":"Corpse Explosion","floor":16.0},{"not_picked":["Outmaneuver","Caltrops+1"],"picked":"Blade Dance","floor":18.0},{"not_picked":["Dodge and Roll","Wraith Form v2"],"picked":"Cloak And Dagger","floor":23.0},{"not_picked":["Poisoned Stab","Crippling Poison","Deadly Poison"],"picked":"SKIP","floor":25.0},{"not_picked":["Predator","Choke","Sucker Punch"],"picked":"SKIP","floor":27.0},{"not_picked":["Catalyst","Tactician"],"picked":"Cloak And Dagger+1","floor":28.0},{"not_picked":["Underhanded Strike","Deflect"],"picked":"Slice+1","floor":29.0},{"not_picked":["Underhanded Strike","Bane"],"picked":"Deflect+1","floor":31.0},{"not_picked":["Night Terror","Wraith Form v2"],"picked":"A Thousand Cuts","floor":33.0},{"not_picked":["Setup","Slice","Catalyst"],"picked":"SKIP","floor":35.0},{"not_picked":["Choke+1","Crippling Poison"],"picked":"Dagger Spray+1","floor":36.0},{"not_picked":["PiercingWail+1","Well Laid Plans","Noxious Fumes"],"picked":"SKIP","floor":37.0},{"not_picked":["Underhanded Strike","Burst"],"picked":"Distraction+1","floor":39.0},{"not_picked":["Dodge and Roll","PiercingWail","Dagger Throw"],"picked":"Singing Bowl","floor":40.0},{"not_picked":["Slice+1","Well Laid Plans"],"picked":"Caltrops+1","floor":41.0},{"not_picked":["Bane","Deadly Poison+1","Leg Sweep+1"],"picked":"Singing Bowl","floor":42.0},{"not_picked":["Quick Slash+1","Crippling Poison","Dodge and Roll+1"],"picked":"Singing Bowl","floor":45.0},{"not_picked":["Poisoned Stab","Quick Slash"],"picked":"Dash+1","floor":47.0},{"not_picked":["Riddle With Holes+1","Dash","Backstab"],"picked":"Singing Bowl","floor":48.0}],"player_experience":674660,"relics_obtained":[{"floor":8.0,"key":"Bronze Scales"},{"floor":9.0,"key":"Strawberry"},{"floor":11.0,"key":"Odd Mushroom"},{"floor":19.0,"key":"White Beast Statue"},{"floor":23.0,"key":"Lantern"},{"floor":25.0,"key":"Boot"},{"floor":26.0,"key":"Regal Pillow"},{"floor":26.0,"key":"StrikeDummy"},{"floor":36.0,"key":"Peace Pipe"},{"floor":40.0,"key":"Ginger"},{"floor":40.0,"key":"Singing Bowl"},{"floor":42.0,"key":"Mercury Hourglass"},{"floor":42.0,"key":"Potion Belt"},{"floor":43.0,"key":"Letter Opener"},{"floor":43.0,"key":"Eternal Feather"},{"floor":48.0,"key":"Pear"},{"floor":48.0,"key":"Toxic Egg 2"}],"event_choices":[{"cards_removed":["Defend_G"],"damage_healed":0.0,"max_hp_gain":0.0,"max_hp_loss":0.0,"gold_gain":0.0,"event_name":"The Cleric","player_choice":"Card Removal","floor":2.0,"gold_loss":50.0,"damage_taken":0.0},{"damage_healed":0.0,"max_hp_gain":0.0,"max_hp_loss":0.0,"gold_gain":175.0,"event_name":"Liars Game","player_choice":"AGREE","floor":4.0,"gold_loss":0.0,"damage_taken":0.0,"cards_obtained":["Doubt"]},{"damage_healed":0.0,"max_hp_gain":0.0,"max_hp_loss":0.0,"gold_gain":0.0,"event_name":"Mushrooms","player_choice":"Fought Mushrooms","floor":11.0,"gold_loss":0.0,"damage_taken":0.0},{"damage_healed":0.0,"max_hp_gain":0.0,"max_hp_loss":0.0,"gold_gain":0.0,"cards_transformed":["Strike_G"],"event_name":"Transmorgrifier","player_choice":"Transformed","floor":14.0,"gold_loss":0.0,"damage_taken":0.0,"cards_obtained":["Doppelganger"]},{"damage_healed":0.0,"max_hp_gain":0.0,"max_hp_loss":0.0,"gold_gain":0.0,"event_name":"Addict","player_choice":"Obtained Relic","floor":20.0,"gold_loss":85.0,"damage_taken":0.0,"relics_obtained":["Matryoshka"]},{"damage_healed":0.0,"max_hp_gain":0.0,"max_hp_loss":0.0,"gold_gain":0.0,"event_name":"Back to Basics","player_choice":"Simplicity","floor":21.0,"gold_loss":0.0,"damage_taken":0.0,"cards_upgraded":["Strike_G","Strike_G","Defend_G","Defend_G","Defend_G"]},{"damage_healed":0.0,"max_hp_gain":0.0,"max_hp_loss":0.0,"gold_gain":0.0,"event_name":"Cursed Tome","player_choice":"Ignored","floor":22.0,"gold_loss":0.0,"damage_taken":0.0},{"damage_healed":0.0,"max_hp_gain":0.0,"max_hp_loss":0.0,"gold_gain":0.0,"event_name":"MindBloom","player_choice":"Fight","floor":36.0,"gold_loss":0.0,"damage_taken":0.0},{"damage_healed":0.0,"max_hp_gain":0.0,"max_hp_loss":0.0,"gold_gain":0.0,"event_name":"Golden Shrine","player_choice":"Ignored","floor":38.0,"gold_loss":0.0,"damage_taken":0.0}],"is_beta":false,"boss_relics":[{"not_picked":["Runic Pyramid","Coffee Dripper"],"picked":"Ectoplasm"},{"not_picked":["HoveringKite","Busted Crown"],"picked":"Black Star"}],"items_purged_floors":[5],"is_endless":false,"potions_floor_spawned":[3,11,13,23,25,27,28,29,31,33,35,36,37,39,40,41,42,45,47,48],"ascension_level":0}}