{"host":"jvd5k9mqzerszifx","time":1611164359,"event":{"mods":["AchievementEnabler","Act Like it!","BaseMod","Better Note","Better Third Choice","Colored Map","Colored Powertips","Conspire","DeckTracker","Gensokyo","GungeonMod","Hallownest","Hermit","Hubris","Infinite Spire","Jorbs\u0027s Wanderer Trilogy","Koishi","Marisa（F雨　魔理沙）","Minty Spire (QoL Compilation)","MostiFishMod","Relic Stats","Replay The Spire","Reworked Bosses","Spicy Shops","StSLib","The Administrix","The Bug Knight","The Cursed","The Factory","The Hierophant","The Jungle","The Servant 0.9.4","【功能Mod】聪明的最终Boss"],"gold_per_floor":[133,166,44,197,197,197,197,284,284,398,494,605,605,207,207,567,567,633,633,633,687,774,864,966,966,1113,1176,1176,1311,714,819,819,1173,1173,1233,1359,1545,954,954,954,954,1074,1212,1212,1362,1431,1431,1431,1458,1521,1521,1548,1074,1227,1344],"floor_reached":56,"language":"ZHS","playtime":2646,"items_purged":[],"score":2217,"play_id":"cc001196-8bc5-4303-bd88-0496868963a4","local_time":"20210121013919","is_ascension_mode":true,"campfire_choices":[{"data":"hermit:Strike_Hermit","floor":6,"key":"PURGE"},{"data":"hermit:Strike_Hermit","floor":6,"key":"PURGE"},{"data":"hermit:Strike_Hermit","floor":6,"key":"PURGE"},{"data":"hermit:Defend_Hermit","floor":6,"key":"PURGE"},{"data":"hermit:Defend_Hermit","floor":6,"key":"PURGE"},{"data":"hermit:Defend_Hermit","floor":6,"key":"PURGE"},{"data":"hermit:Strike_Hermit","floor":6,"key":"PURGE"},{"data":"hermit:Defend_Hermit","floor":6,"key":"SMITH"},{"data":"hermit:Snapshot","floor":6,"key":"SMITH"},{"data":"hermit:Covet","floor":6,"key":"SMITH"},{"data":"hermit:GoldenBullet","floor":6,"key":"SMITH"},{"data":"hermit:CursedWeapon","floor":6,"key":"SMITH"},{"data":"hermit:Scavenge","floor":6,"key":"SMITH"},{"data":"hermit:Glare","floor":6,"key":"SMITH"},{"floor":6,"key":"RECALL"},{"data":"hermit:Snipe","floor":13,"key":"SMITH"},{"data":"hermit:FlashPowder","floor":13,"key":"SMITH"},{"floor":13,"key":"REST"},{"data":"hermit:Snipe","floor":15,"key":"SMITH"},{"data":"hermit:BodyArmor","floor":15,"key":"SMITH"},{"floor":15,"key":"REST"},{"data":"hermit:Reprieve","floor":25,"key":"SMITH"},{"data":"hermit:Gambit","floor":25,"key":"SMITH"},{"floor":25,"key":"REST"},{"floor":32,"key":"REST"},{"data":"hubris:Fate","floor":40,"key":"SMITH"},{"data":"Pot Of Greed","floor":40,"key":"SMITH"},{"data":"Pot Of Greed","floor":40,"key":"SMITH"},{"data":"Good Instincts","floor":40,"key":"SMITH"},{"data":"hermit:Horror","floor":40,"key":"SMITH"},{"data":"hermit:Dive","floor":40,"key":"SMITH"},{"data":"hermit:Dissolve","floor":40,"key":"SMITH"},{"data":"hermit:WideOpen","floor":40,"key":"SMITH"},{"data":"1","floor":40,"key":"LIFT"},{"data":"2","floor":47,"key":"LIFT"},{"data":"hermit:EternalForm","floor":49,"key":"PURGE"},{"data":"3","floor":49,"key":"LIFT"},{"data":"4","floor":52,"key":"LIFT"}],"circlet_count":0,"master_deck":["hermit:Snapshot+1","hermit:Covet+1","hermit:GoldenBullet+1","hermit:CursedWeapon+1","hermit:Scavenge+1","hermit:Glare+1","hermit:Snipe+1","hermit:Headshot+1","hermit:Gambit+1","hermit:EyeOfTheStorm+1","hubris:Fate+1","Pot Of Greed+1","Pot Of Greed+1","Good Instincts+1","hermit:Horror+1","hermit:Dive+1","hermit:Dissolve+1","hermit:WideOpen+1","hermit:Headshot+1","hermit:PistolWhip","hermit:Virtue","Pot Of Greed"],"relics":["hermit:Momento","Peace Pipe","Ginger","Turnip","Unceasing Top","Omamori","Ice Cream","The Courier","Medical Kit","WingedGreaves","HandDrill","Frozen Eye","Blue Candle","CombinedTypeHook","DaveBox","infinitespire:Joker Card","SynthV:C4","DemoMod:GlassGuonStoneRelic","hubris:HerbalPaste","DemoMod:MemoryAlloy","Centennial Puzzle","Gensokyo:LunaticRedEyes","Snack Pack","Blue Doll","MealTicket","Replay:PocketPolymizer","Bag of Preparation","Replay:Lucky Slots","infinitespire:Bottled Soul","Replay:Bandana","RhineSuit","MutagenicStrength","hermit:RedScarf","Regal Pillow","hubris:CuriousFeather","DemoMod:WhiteGuonStone","Membership Card","Singing Bowl","Oddly Smooth Stone","ImprovedEquipment","DemoMod:MonsterBlood","Potion Belt","Grinning Jar","Red Mask","Girya","hubris:MedicalManual","infinitespire:Lucky Rock","ClockworkSouvenir","Ancient Tea Set","CeramicFish","hubris:TenFootPole","hermit:Spyglass","hermit:Horseshoe","Quantum Egg","hubris:Icosahedron","BargainBundle","DemoMod:RingOfEthereal","Replay:Wax Seal","hubris:Towel","Sling","infinitespire:Broken Mirror","hermit:CharredGlove","BionicSphere","hubris:CrystalStatue","Lee\u0027s Waffle","Onion Ring"],"acts_visited":["Gensokyo:Gensokyo","TheCity","TheBeyond","TheEnding"],"potions_floor_usage":[8,50,55,55,55],"damage_taken":[{"damage":0,"enemies":"Gensokyo:2_Kodama","floor":1,"turns":2},{"damage":1,"enemies":"Gensokyo:Gryphon","floor":2,"turns":3},{"damage":2,"enemies":"Gensokyo:Aya","floor":8,"turns":3},{"damage":2,"enemies":"Gensokyo:Mamizou","floor":10,"turns":4},{"damage":3,"enemies":"Gensokyo:Cirno","floor":11,"turns":5},{"damage":2,"enemies":"Gensokyo:Aya","floor":12,"turns":2},{"damage":15,"enemies":"Gensokyo:Yukari","floor":16,"turns":4},{"damage":2,"enemies":"conspire:FuzzyDice","floor":18,"turns":2},{"damage":0,"enemies":"Shell Parasite","floor":21,"turns":1},{"damage":3,"enemies":"Centurion and Healer","floor":22,"turns":1},{"damage":4,"enemies":"conspire:Head Lice","floor":23,"turns":1},{"damage":0,"enemies":"Slavers","floor":24,"turns":2},{"damage":4,"enemies":"Snake Plant","floor":27,"turns":1},{"damage":2,"enemies":"conspire:SneckoGhost","floor":29,"turns":2},{"damage":0,"enemies":"Masked Bandits","floor":31,"turns":2},{"damage":6,"enemies":"Automaton","floor":33,"turns":4},{"damage":0,"enemies":"3 Shapes","floor":35,"turns":2},{"damage":0,"enemies":"conspire:MimicChest","floor":36,"turns":2},{"damage":0,"enemies":"2 Orb Walkers","floor":37,"turns":2},{"damage":4,"enemies":"Reptomancer","floor":42,"turns":1},{"damage":4,"enemies":"Giant Head","floor":45,"turns":1},{"damage":2,"enemies":"3 Darklings","floor":46,"turns":1},{"damage":2,"enemies":"Replay:Hell Engine","floor":50,"turns":2},{"damage":4,"enemies":"Shield and Spear","floor":54,"turns":1},{"damage":6,"enemies":"The Heart","floor":55,"turns":4}],"seed_played":"5787093318390535261","potions_obtained":[{"floor":1,"key":"SkillPotion"},{"floor":2,"key":"Energy Potion"},{"floor":11,"key":"GamblersBrew"},{"floor":12,"key":"Elixir"},{"floor":35,"key":"Block Potion"}],"is_trial":false,"path_per_floor":["M","M","$","?","T","R","?","E","T","E","E","E","R","$","R","B",null,"M","?","?","M","M","E","E","R","T","M","AVR","E","$","?","R","B",null,"M","?","?","$","?","R","AVR","E","T","?","E","M","R","?","R","B",null,"R","$","E","B",null],"character_chosen":"HERMIT","items_purchased":["hubris:HerbalPaste","Replay:Lucky Slots","infinitespire:Bottled Soul","Replay:Bandana","Membership Card","Singing Bowl","Oddly Smooth Stone","ImprovedEquipment","DemoMod:MonsterBlood","Potion Belt","Grinning Jar","Good Instincts","infinitespire:Lucky Rock","ClockworkSouvenir","Ancient Tea Set","CeramicFish","hermit:Headshot+1","hubris:TenFootPole","hermit:Spyglass","hermit:Horseshoe","Quantum Egg","Sling","infinitespire:Broken Mirror","hermit:CharredGlove","BionicSphere","hubris:CrystalStatue","Lee\u0027s Waffle"],"campfire_rested":4,"item_purchase_floors":[3,14,14,14,30,30,30,30,30,30,30,30,38,38,38,38,38,38,38,38,38,53,53,53,53,53,53],"current_hp_per_floor":[68,67,67,67,67,67,67,68,68,68,67,68,68,68,68,60,66,67,67,67,68,67,64,67,68,68,64,64,67,75,75,75,74,75,77,77,79,79,79,79,79,79,79,79,81,85,85,85,85,83,85,85,92,92,94],"gold":1344,"neow_bonus":"ONE_RARE_RELIC","is_daily":false,"chose_seed":false,"campfire_upgraded":21,"win_rate":0.0,"timestamp":1611164359,"path_taken":["M","?","$","?","?","R","?","E","T","E","E","E","R","$","R","BOSS","M","?","?","?","?","E","E","R","T","?","AVR","E","$","?","R","BOSS","M","?","?","$","?","R","AVR","E","T","?","E","?","R","?","R","BOSS","R","$","E","BOSS"],"items_purchased_type":["Relic","Relic","Relic","Relic","Relic","Relic","Relic","Relic","Relic","Relic","Relic","Card","Relic","Relic","Relic","Relic","Card","Relic","Relic","Relic","Relic","Relic","Relic","Relic","Relic","Relic","Relic"],"build_version":"2020-12-22","purchased_purges":0,"victory":true,"max_hp_per_floor":[68,68,68,68,68,68,68,68,68,68,68,68,68,68,68,68,68,68,68,68,68,68,68,68,68,68,68,68,68,75,75,75,75,75,77,77,79,79,79,79,79,81,81,81,83,85,85,85,85,85,85,85,92,94,94],"relic_stats":{"Regal Pillow":0,"Lee\u0027s Waffle":7,"Singing Bowl":12,"counters":[25,49],"Blue Candle":[4],"CeramicFish":135,"Bag of Preparation":[38],"Ginger":[6],"Medical Kit":[10],"Peace Pipe":11,"Centennial Puzzle":[50],"MealTicket":1,"Turnip":[6],"HandDrill":[22],"obtain_stats":[{"Ice Cream":0,"CombinedTypeHook":0,"hubris:CrystalStatue":53,"CeramicFish":38,"DemoMod:GlassGuonStoneRelic":1,"Ginger":0,"Sling":53,"Centennial Puzzle":5,"hubris:HerbalPaste":3,"DemoMod:MonsterBlood":30,"MealTicket":10,"HandDrill":0,"hermit:RedScarf":23,"Replay:Wax Seal":45,"hermit:Spyglass":38,"Girya":36,"Blue Candle":0,"Oddly Smooth Stone":30,"infinitespire:Broken Mirror":53,"MutagenicStrength":19,"BionicSphere":53,"Onion Ring":54,"hubris:TenFootPole":38,"Grinning Jar":30,"hermit:Momento":0,"Unceasing Top":0,"Regal Pillow":26,"Replay:PocketPolymizer":11,"DaveBox":0,"Singing Bowl":30,"Blue Doll":9,"RhineSuit":17,"Bag of Preparation":12,"DemoMod:WhiteGuonStone":29,"Ancient Tea Set":38,"SynthV:C4":0,"Gensokyo:LunaticRedEyes":7,"ClockworkSouvenir":38,"Frozen Eye":0,"Replay:Bandana":14,"hubris:Icosahedron":39,"infinitespire:Bottled Soul":14,"WingedGreaves":0,"Replay:Lucky Slots":14,"hubris:CuriousFeather":28,"Red Mask":31,"Potion Belt":30,"BargainBundle":41,"Lee\u0027s Waffle":53,"DemoMod:MemoryAlloy":4,"ImprovedEquipment":30,"Quantum Egg":38,"The Courier":0,"infinitespire:Joker Card":0,"hubris:MedicalManual":37,"Omamori":0,"infinitespire:Lucky Rock":38,"hubris:Towel":48,"Medical Kit":0,"Peace Pipe":0,"hermit:CharredGlove":53,"Turnip":0,"Snack Pack":8,"Membership Card":30,"DemoMod:RingOfEthereal":42,"hermit:Horseshoe":38},{"Ice Cream":0,"CombinedTypeHook":0,"hubris:CrystalStatue":23,"CeramicFish":19,"DemoMod:GlassGuonStoneRelic":1,"Ginger":0,"Sling":23,"Centennial Puzzle":2,"hubris:HerbalPaste":2,"DemoMod:MonsterBlood":14,"MealTicket":4,"HandDrill":0,"hermit:RedScarf":11,"Replay:Wax Seal":21,"hermit:Spyglass":19,"Girya":18,"Blue Candle":0,"Oddly Smooth Stone":14,"infinitespire:Broken Mirror":23,"MutagenicStrength":8,"BionicSphere":23,"Onion Ring":24,"hubris:TenFootPole":19,"Grinning Jar":14,"hermit:Momento":0,"Unceasing Top":0,"Regal Pillow":12,"Replay:PocketPolymizer":5,"DaveBox":0,"Singing Bowl":14,"Blue Doll":3,"RhineSuit":7,"Bag of Preparation":6,"DemoMod:WhiteGuonStone":14,"Ancient Tea Set":19,"SynthV:C4":0,"Gensokyo:LunaticRedEyes":2,"ClockworkSouvenir":19,"Frozen Eye":0,"Replay:Bandana":6,"hubris:Icosahedron":19,"infinitespire:Bottled Soul":6,"WingedGreaves":0,"Replay:Lucky Slots":6,"hubris:CuriousFeather":13,"Red Mask":15,"Potion Belt":14,"BargainBundle":19,"Lee\u0027s Waffle":23,"DemoMod:MemoryAlloy":2,"ImprovedEquipment":14,"Quantum Egg":19,"The Courier":0,"infinitespire:Joker Card":0,"hubris:MedicalManual":19,"Omamori":0,"infinitespire:Lucky Rock":19,"hubris:Towel":22,"Medical Kit":0,"Peace Pipe":0,"hermit:CharredGlove":23,"Turnip":0,"Snack Pack":3,"Membership Card":14,"DemoMod:RingOfEthereal":20,"hermit:Horseshoe":19},{"Ice Cream":0,"CombinedTypeHook":0,"hubris:CrystalStatue":45,"CeramicFish":40,"DemoMod:GlassGuonStoneRelic":2,"Ginger":0,"Sling":45,"Centennial Puzzle":5,"hubris:HerbalPaste":5,"DemoMod:MonsterBlood":31,"MealTicket":12,"HandDrill":0,"hermit:RedScarf":27,"Replay:Wax Seal":42,"hermit:Spyglass":40,"Girya":39,"Blue Candle":0,"Oddly Smooth Stone":31,"infinitespire:Broken Mirror":45,"MutagenicStrength":24,"BionicSphere":45,"Onion Ring":46,"hubris:TenFootPole":40,"Grinning Jar":31,"hermit:Momento":0,"Unceasing Top":0,"Regal Pillow":28,"Replay:PocketPolymizer":17,"DaveBox":0,"Singing Bowl":31,"Blue Doll":8,"RhineSuit":23,"Bag of Preparation":19,"DemoMod:WhiteGuonStone":31,"Ancient Tea Set":40,"SynthV:C4":0,"Gensokyo:LunaticRedEyes":5,"ClockworkSouvenir":40,"Frozen Eye":0,"Replay:Bandana":19,"hubris:Icosahedron":40,"infinitespire:Bottled Soul":19,"WingedGreaves":0,"Replay:Lucky Slots":19,"hubris:CuriousFeather":29,"Red Mask":32,"Potion Belt":31,"BargainBundle":40,"Lee\u0027s Waffle":45,"DemoMod:MemoryAlloy":5,"ImprovedEquipment":31,"Quantum Egg":40,"The Courier":0,"infinitespire:Joker Card":0,"hubris:MedicalManual":40,"Omamori":0,"infinitespire:Lucky Rock":40,"hubris:Towel":43,"Medical Kit":0,"Peace Pipe":0,"hermit:CharredGlove":45,"Turnip":0,"Snack Pack":8,"Membership Card":31,"DemoMod:RingOfEthereal":41,"hermit:Horseshoe":40}],"Unceasing Top":[28]},"card_choices":[{"not_picked":["hermit:ItchyTrigger","hermit:Deadeye"],"picked":"hermit:GoldenBullet","floor":1},{"not_picked":["hermit:SprayPray","hermit:Horror"],"picked":"hermit:CursedWeapon","floor":2},{"not_picked":["hermit:Showdown","hermit:Misfire"],"picked":"hermit:Scavenge","floor":4},{"not_picked":["hermit:HighCaliber","hermit:Headshot"],"picked":"hermit:Glare","floor":4},{"not_picked":["hermit:Manifest","hermit:LowProfile","hermit:BlackWind"],"picked":"SKIP","floor":8},{"not_picked":["hermit:DeadMansHand","hermit:Enervate"],"picked":"hermit:Snipe","floor":10},{"not_picked":["hermit:LowProfile","hermit:GoldenBullet"],"picked":"hermit:FlashPowder","floor":11},{"not_picked":["hermit:RoundhouseKick","hermit:HighCaliber","hermit:ItchyTrigger"],"picked":"SKIP","floor":12},{"not_picked":["hermit:FinalCanter","hermit:Magnum"],"picked":"hermit:Reprieve","floor":16},{"not_picked":["hermit:HoleUp","hermit:Desperado"],"picked":"hermit:SprayPray","floor":18},{"not_picked":["hermit:Showdown","hermit:FullyLoaded"],"picked":"hermit:Headshot+1","floor":21},{"not_picked":["hermit:Grudge","hermit:Desperado","hermit:FlashPowder"],"picked":"SKIP","floor":22},{"not_picked":["hermit:ItchyTrigger","hermit:Midnight+1"],"picked":"hermit:Gambit","floor":23},{"not_picked":["hermit:Grudge","hermit:Adapt"],"picked":"hermit:EyeOfTheStorm+1","floor":24},{"not_picked":["hermit:Gestalt","hermit:HighCaliber+1"],"picked":"hermit:GoldenBullet+1","floor":27},{"not_picked":["hermit:SprayPray","hermit:Ricochet+1","hermit:BlackWind"],"picked":"SKIP","floor":29},{"not_picked":["hermit:FullyLoaded","hermit:Snipe"],"picked":"hermit:Horror","floor":31},{"not_picked":["hermit:EternalForm","hermit:Reprieve"],"picked":"hermit:Dissolve","floor":33},{"not_picked":["hermit:SprayPray+1","hermit:CalledShot","hermit:Vantage+1"],"picked":"Singing Bowl","floor":35},{"not_picked":["hermit:Determination","hermit:LowProfile+1"],"picked":"hermit:WideOpen","floor":36},{"not_picked":["hermit:CalledShot+1","hermit:Maintenance+1","hermit:LuckOfTheDraw+1"],"picked":"Singing Bowl","floor":37},{"not_picked":["hermit:ItchyTrigger+1","hermit:LoneWolf","hermit:HighCaliber+1"],"picked":"Singing Bowl","floor":42},{"not_picked":["hermit:LoneWolf","hermit:GoldenBullet+1","hermit:Malice+1"],"picked":"Singing Bowl","floor":45},{"not_picked":["hermit:Enervate+1","hermit:TrackingShot+1","hermit:Virtue"],"picked":"Singing Bowl","floor":46},{"not_picked":["hermit:Scavenge","hermit:TakeAim","hermit:BigShot+1"],"picked":"Singing Bowl","floor":54}],"player_experience":301286,"relics_obtained":[{"floor":4,"key":"DemoMod:MemoryAlloy"},{"floor":5,"key":"Centennial Puzzle"},{"floor":8,"key":"Snack Pack"},{"floor":9,"key":"Blue Doll"},{"floor":10,"key":"MealTicket"},{"floor":11,"key":"Replay:PocketPolymizer"},{"floor":12,"key":"Bag of Preparation"},{"floor":23,"key":"hermit:RedScarf"},{"floor":26,"key":"Regal Pillow"},{"floor":29,"key":"DemoMod:WhiteGuonStone"},{"floor":31,"key":"Red Mask"},{"floor":36,"key":"Girya"},{"floor":37,"key":"hubris:MedicalManual"},{"floor":42,"key":"DemoMod:RingOfEthereal"},{"floor":45,"key":"Replay:Wax Seal"},{"floor":54,"key":"Onion Ring"}],"event_choices":[{"damage_healed":0,"gold_gain":0,"player_choice":"Inject Mutagens","damage_taken":0,"relics_obtained":["MutagenicStrength"],"max_hp_gain":0,"max_hp_loss":0,"event_name":"Drug Dealer","floor":19,"gold_loss":0},{"cards_removed":["hermit:SprayPray"],"damage_healed":0,"gold_gain":0,"player_choice":"Purged","damage_taken":0,"max_hp_gain":0,"max_hp_loss":0,"event_name":"Purifier","floor":20,"gold_loss":0},{"damage_healed":0,"gold_gain":0,"player_choice":"Fought Bandits","damage_taken":0,"max_hp_gain":0,"max_hp_loss":0,"event_name":"Masked Bandits","floor":31,"gold_loss":0},{"damage_healed":0,"gold_gain":0,"player_choice":"Fight","damage_taken":0,"max_hp_gain":0,"max_hp_loss":0,"event_name":"Mysterious Sphere","floor":37,"gold_loss":0},{"cards_removed":["hermit:FlashPowder"],"damage_healed":0,"gold_gain":0,"player_choice":"Removed Skill","damage_taken":0,"max_hp_gain":0,"max_hp_loss":0,"event_name":"Falling","floor":44,"gold_loss":0}],"is_beta":false,"boss_relics":[{"not_picked":["Replay:Grab Bag","RhineCircuit"],"picked":"RhineSuit"},{"not_picked":["FixedStarFall","Replay:Drink Me","hubris:VirtuousBlindfold"]}],"items_purged_floors":[],"is_endless":false,"potions_floor_spawned":[1,2,11,12,21,23,27,29,35,42,46,54],"ascension_level":8}}