{"host":"50per11302020","time":1611127963,"event":{"mods":["AchievementEnabler","BaseMod","Colored Map","Minty Spire (QoL Compilation)","Relic Stats","StSLib"],"gold_per_floor":[114,131,151,166,41,41,74,74,74,74,349,349,365,380,380,484,484,495,508,104,104,104,133,133,133,183,193,193,1,15,15,15,115,115,135,135,147,1146,202,202,231,231,231,243,269,54,54,70,70,70],"floor_reached":51,"language":"ENG","playtime":3830,"items_purged":["Strike_R","Regret","Defend_R","Normality"],"score":929,"play_id":"e7262cf0-49eb-4a33-be8e-681cb3e32f5a","local_time":"20210119233243","is_ascension_mode":true,"campfire_choices":[{"data":"Uppercut","floor":6,"key":"SMITH"},{"data":"True Grit","floor":8,"key":"SMITH"},{"data":"Cleave","floor":10,"key":"SMITH"},{"data":"Bash","floor":12,"key":"SMITH"},{"data":"True Grit","floor":15,"key":"SMITH"},{"floor":24,"key":"REST"},{"floor":25,"key":"REST"},{"data":"Dark Embrace","floor":28,"key":"SMITH"},{"floor":32,"key":"REST"},{"floor":40,"key":"REST"},{"data":"Demon Form","floor":47,"key":"SMITH"},{"data":"Corruption","floor":49,"key":"SMITH"}],"circlet_count":0,"master_deck":["Defend_R","Defend_R","Bash+1","Thunderclap","Uppercut+1","Cleave+1","Dropkick","True Grit+1","Second Wind","True Grit+1","Immolate","Dropkick+1","Rage+1","Sword Boomerang+1","Havoc","Dark Embrace+1","Dark Embrace","Disarm","Armaments+1","Ghostly Armor","Havoc","Corruption+1","Metallicize+1","Normality","Purity","Metallicize","Sentinel","Feel No Pain","Dual Wield","Demon Form+1"],"relics":["Burning Blood","Pen Nib","Charon\u0027s Ashes","StoneCalendar","Astrolabe","Frozen Eye","WingedGreaves","Art of War","Runic Pyramid","Prayer Wheel","Bag of Marbles","OrangePellets","PreservedInsect","Thread and Needle","Vajra"],"acts_visited":["Exordium","TheCity","TheBeyond"],"potions_floor_usage":[19,23,23,33,44,50],"damage_taken":[{"damage":7,"enemies":"Jaw Worm","floor":1,"turns":3},{"damage":1,"enemies":"Cultist","floor":2,"turns":3},{"damage":0,"enemies":"2 Louse","floor":3,"turns":2},{"damage":0,"enemies":"Large Slime","floor":4,"turns":3},{"damage":27,"enemies":"3 Sentries","floor":7,"turns":6},{"damage":5,"enemies":"Red Slaver","floor":13,"turns":2},{"damage":6,"enemies":"Blue Slaver","floor":14,"turns":3},{"damage":21,"enemies":"Slime Boss","floor":16,"turns":7},{"damage":14,"enemies":"Spheric Guardian","floor":18,"turns":4},{"damage":20,"enemies":"2 Thieves","floor":19,"turns":3},{"damage":51,"enemies":"Gremlin Leader","floor":23,"turns":7},{"damage":28,"enemies":"Snake Plant","floor":27,"turns":6},{"damage":29,"enemies":"Shelled Parasite and Fungi","floor":30,"turns":5},{"damage":27,"enemies":"Champ","floor":33,"turns":7},{"damage":25,"enemies":"3 Darklings","floor":35,"turns":3},{"damage":4,"enemies":"Orb Walker","floor":37,"turns":3},{"damage":8,"enemies":"Reptomancer","floor":41,"turns":3},{"damage":0,"enemies":"Spire Growth","floor":44,"turns":3},{"damage":8,"enemies":"Nemesis","floor":45,"turns":4},{"damage":12,"enemies":"Writhing Mass","floor":48,"turns":5},{"damage":58,"enemies":"Time Eater","floor":50,"turns":10}],"seed_played":"-8367816661549980415","potions_obtained":[{"floor":3,"key":"BloodPotion"},{"floor":7,"key":"Dexterity Potion"},{"floor":16,"key":"DuplicationPotion"},{"floor":19,"key":"BlessingOfTheForge"},{"floor":27,"key":"Regen Potion"},{"floor":30,"key":"Explosive Potion"},{"floor":37,"key":"Swift Potion"},{"floor":45,"key":"ColorlessPotion"}],"is_trial":false,"path_per_floor":["M","M","M","M","$","R","E","R","T","R","?","R","M","M","R","B",null,"M","M","$","?","?","E","R","R","T","M","R","$","M","?","R","B",null,"M","?","M","?","$","R","E","?","T","M","E","$","R","M","R","B",null],"character_chosen":"IRONCLAD","items_purchased":["True Grit","Frozen Eye","Dark Embrace","Disarm","Ghostly Armor","Purity","Metallicize","Prayer Wheel","Bag of Marbles","OrangePellets","DuplicationPotion","Demon Form","Weak Potion"],"campfire_rested":4,"item_purchase_floors":[5,20,20,20,29,39,39,39,39,39,39,46,46],"current_hp_per_floor":[79,80,80,80,80,80,59,59,59,59,59,59,60,60,60,45,71,63,65,65,65,65,20,44,68,68,46,46,46,23,23,47,41,70,51,51,53,53,53,77,75,75,75,76,74,74,74,68,68,16],"gold":70,"neow_bonus":"RANDOM_COMMON_RELIC","is_daily":false,"chose_seed":false,"campfire_upgraded":8,"win_rate":0.0,"timestamp":1611127963,"path_taken":["M","M","M","M","$","R","E","R","T","R","?","R","?","M","R","BOSS","M","M","$","?","?","E","R","R","T","M","R","$","M","?","R","BOSS","M","?","M","?","$","R","E","?","T","?","E","$","R","M","R","BOSS"],"items_purchased_type":["Card","Relic","Card","Card","Card","Card","Card","Relic","Relic","Relic","Potion","Card","Potion"],"build_version":"2020-12-18","purchased_purges":4,"victory":true,"max_hp_per_floor":[80,80,80,80,80,80,80,80,80,80,80,80,80,80,80,80,80,80,80,80,80,80,80,80,80,80,80,80,80,80,80,80,80,80,80,80,80,80,80,80,80,76,76,76,76,76,76,76,76,76],"relic_stats":{"OrangePellets":[3],"counters":[21,92],"Astrolabe":["Dropkick","Rage","Sword Boomerang"],"StoneCalendar":[104],"Prayer Wheel":2,"Pen Nib":[23],"Charon\u0027s Ashes":[464],"PreservedInsect":47,"Art of War":[17],"obtain_stats":[{"Astrolabe":17,"Vajra":45,"StoneCalendar":9,"Thread and Needle":43,"Pen Nib":0,"Charon\u0027s Ashes":7,"PreservedInsect":41,"Burning Blood":0,"Frozen Eye":20,"OrangePellets":39,"Prayer Wheel":39,"WingedGreaves":23,"Art of War":26,"Bag of Marbles":39,"Runic Pyramid":34},{"Astrolabe":8,"Vajra":19,"StoneCalendar":5,"Thread and Needle":17,"Pen Nib":0,"Charon\u0027s Ashes":5,"PreservedInsect":17,"Burning Blood":0,"Frozen Eye":10,"OrangePellets":16,"Prayer Wheel":16,"WingedGreaves":11,"Art of War":11,"Bag of Marbles":16,"Runic Pyramid":14},{"Astrolabe":29,"Vajra":77,"StoneCalendar":17,"Thread and Needle":70,"Pen Nib":0,"Charon\u0027s Ashes":17,"PreservedInsect":70,"Burning Blood":0,"Frozen Eye":36,"OrangePellets":67,"Prayer Wheel":67,"WingedGreaves":43,"Art of War":43,"Bag of Marbles":67,"Runic Pyramid":61}],"Burning Blood":105},"card_choices":[{"not_picked":["Twin Strike","Pummel"],"picked":"Thunderclap","floor":1},{"not_picked":["Thunderclap","Flame Barrier"],"picked":"Uppercut","floor":2},{"not_picked":["Warcry","Clash"],"picked":"Cleave","floor":3},{"not_picked":["Flex","Armaments"],"picked":"Dropkick","floor":4},{"not_picked":["Flex","Clash"],"picked":"Second Wind","floor":7},{"not_picked":["Thunderclap","Sword Boomerang"],"picked":"True Grit","floor":13},{"not_picked":["Perfected Strike","Shrug It Off","Body Slam"],"picked":"SKIP","floor":14},{"not_picked":["Brutality","Limit Break"],"picked":"Immolate","floor":16},{"not_picked":["Combust+1","Bloodletting"],"picked":"Havoc","floor":18},{"not_picked":["Shrug It Off+1","Searing Blow"],"picked":"Dark Embrace","floor":19},{"not_picked":["Cleave","Flame Barrier"],"picked":"Armaments+1","floor":23},{"not_picked":["Blood for Blood+1","Whirlwind","Clothesline+1"],"picked":"SKIP","floor":27},{"not_picked":["Perfected Strike","Havoc+1","Whirlwind"],"picked":"SKIP","floor":30},{"not_picked":["Double Tap","Barricade"],"picked":"Corruption","floor":33},{"not_picked":["Anger","Iron Wave"],"picked":"Metallicize+1","floor":35},{"not_picked":["Thunderclap+1","Wild Strike+1","Flex+1"],"picked":"SKIP","floor":37},{"not_picked":["Twin Strike","Inflame"],"picked":"Sentinel","floor":41},{"not_picked":["Body Slam","Perfected Strike"],"picked":"Feel No Pain","floor":44},{"not_picked":["Rage+1","Shrug It Off+1"],"picked":"Dual Wield","floor":44},{"not_picked":["Shrug It Off","Armaments","Searing Blow"],"picked":"SKIP","floor":45},{"not_picked":["Second Wind","Wild Strike+1","Fire Breathing"],"picked":"SKIP","floor":48},{"not_picked":["Whirlwind","Carnage+1","Headbutt+1"],"picked":"SKIP","floor":48}],"player_experience":288368,"relics_obtained":[{"floor":7,"key":"Charon\u0027s Ashes"},{"floor":9,"key":"StoneCalendar"},{"floor":23,"key":"WingedGreaves"},{"floor":26,"key":"Art of War"},{"floor":41,"key":"PreservedInsect"},{"floor":43,"key":"Thread and Needle"},{"floor":45,"key":"Vajra"}],"event_choices":[{"damage_healed":0,"gold_gain":275,"player_choice":"Desecrate","damage_taken":0,"max_hp_gain":0,"max_hp_loss":0,"event_name":"Golden Shrine","floor":11,"gold_loss":0,"cards_obtained":["Regret"]},{"cards_removed":["Strike_R"],"damage_healed":0,"gold_gain":0,"player_choice":"Elegance","damage_taken":0,"max_hp_gain":0,"max_hp_loss":0,"event_name":"Back to Basics","floor":21,"gold_loss":0},{"damage_healed":0,"gold_gain":0,"cards_transformed":["Defend_R"],"player_choice":"Transformed","damage_taken":0,"max_hp_gain":0,"max_hp_loss":0,"event_name":"Transmorgrifier","floor":31,"gold_loss":0,"cards_obtained":["Havoc"]},{"damage_healed":0,"gold_gain":0,"player_choice":"Ignored","damage_taken":0,"max_hp_gain":0,"max_hp_loss":0,"event_name":"Tomb of Lord Red Mask","floor":36,"gold_loss":0},{"damage_healed":0,"gold_gain":999,"player_choice":"Gold","damage_taken":0,"max_hp_gain":0,"max_hp_loss":0,"event_name":"MindBloom","floor":38,"gold_loss":0,"cards_obtained":["Normality","Normality"]},{"damage_healed":0,"gold_gain":0,"player_choice":"Max HP","damage_taken":0,"max_hp_gain":0,"max_hp_loss":4,"event_name":"Winding Halls","floor":42,"gold_loss":0}],"is_beta":true,"boss_relics":[{"not_picked":["Runic Cube","Black Blood"],"picked":"Astrolabe"},{"not_picked":["SlaversCollar","Calling Bell"],"picked":"Runic Pyramid"}],"items_purged_floors":[5,20,29,39],"is_endless":false,"potions_floor_spawned":[3,7,16,19,27,30,37,45,48],"ascension_level":5}}