{"host":"fkig9nrckec4xsh0","time":1611179114,"event":{"mods":["BaseMod","Colored Map","Minty Spire (QoL Compilation)","Quick Restart","Replay The Spire","StSLib"],"gold_per_floor":[113,38,58,58,58,58,133,159,159,189,189,208,258,258,258,333,333,333],"floor_reached":17,"language":"ENG","playtime":551,"items_purged":[],"score":322,"play_id":"f39f9901-d534-4eff-a93d-8749f19adf2b","local_time":"20210120164514","is_ascension_mode":true,"campfire_choices":[{"data":"Uppercut","floor":6,"key":"SMITH"},{"floor":15,"key":"REST"}],"circlet_count":0,"master_deck":["AscendersBane","Strike_R","Strike_R","Strike_R","Strike_R+1","Defend_R","Defend_R+1","Strike_G+1","Uppercut+1","Replay:Many Hands+1","Brutality"],"relics":["Burning Blood","FossilizedHelix","Nunchaku","Bottled Flame","ReplayTheSpireMod:Shallot","Pantograph","War Paint","Replay:Drink Me"],"acts_visited":["Exordium","TheCity"],"potions_floor_usage":[8,10],"damage_taken":[{"damage":6,"enemies":"Cultist","floor":1,"turns":4},{"damage":10,"enemies":"Small Slimes","floor":3,"turns":3},{"damage":22,"enemies":"Lagavulin","floor":8,"turns":6},{"damage":17,"enemies":"3 Sentries","floor":10,"turns":9},{"damage":0,"enemies":"2 Louse","floor":12,"turns":4},{"damage":61,"enemies":"Hexaghost","floor":16,"turns":10}],"seed_played":"-8544006800229239259","potions_obtained":[{"floor":1,"key":"Swift Potion"},{"floor":3,"key":"Toxic Potion"},{"floor":8,"key":"BlessingOfTheForge"}],"is_trial":false,"path_per_floor":["M","?","M","?","?","R","?","E","T","E","?","M","T","?","R","B",null],"character_chosen":"IRONCLAD","items_purchased":[],"campfire_rested":1,"item_purchase_floors":[],"current_hp_per_floor":[68,68,64,69,45,45,34,18,18,7,7,13,13,13,37,7,47,47],"gold":333,"neow_bonus":"ONE_RARE_RELIC","is_daily":false,"chose_seed":false,"campfire_upgraded":1,"win_rate":0.0,"timestamp":1611179114,"path_taken":["M","?","M","?","?","R","?","E","T","E","?","?","?","?","R","BOSS"],"items_purchased_type":[],"build_version":"2020-12-22","purchased_purges":0,"victory":false,"max_hp_per_floor":[75,75,75,80,80,80,80,80,80,80,80,80,80,80,80,80,60,60],"card_choices":[{"not_picked":["Hemokinesis","Havoc"],"picked":"Uppercut","floor":1},{"not_picked":["True Grit","Entrench","Havoc"],"picked":"SKIP","floor":3},{"not_picked":["Sword Boomerang","Iron Wave"],"picked":"Warcry","floor":8},{"not_picked":["Abandon","Carnage"],"picked":"Replay:Many Hands","floor":10},{"not_picked":["Armaments","Clash","Heavy Blade"],"picked":"SKIP","floor":12},{"not_picked":["Juggernaut","Impervious"],"picked":"Brutality","floor":16}],"player_experience":372551,"relics_obtained":[{"floor":8,"key":"Nunchaku"},{"floor":9,"key":"Bottled Flame"},{"floor":10,"key":"ReplayTheSpireMod:Shallot"},{"floor":13,"key":"War Paint"}],"event_choices":[{"cards_removed":["Defend_B"],"damage_healed":0,"gold_gain":0,"player_choice":"Card Removal","damage_taken":0,"max_hp_gain":0,"max_hp_loss":0,"event_name":"The Cleric","floor":2,"gold_loss":75},{"damage_healed":0,"gold_gain":0,"player_choice":"Donut","damage_taken":0,"max_hp_gain":5,"max_hp_loss":0,"event_name":"Big Fish","floor":4,"gold_loss":0},{"damage_healed":0,"gold_gain":0,"player_choice":"Entered Light","damage_taken":24,"max_hp_gain":0,"max_hp_loss":0,"event_name":"Shining Light","floor":5,"gold_loss":0,"cards_upgraded":["Strike_R","Strike_G"]},{"damage_healed":0,"gold_gain":75,"player_choice":"Gather Gold","damage_taken":11,"max_hp_gain":0,"max_hp_loss":0,"event_name":"World of Goop","floor":7,"gold_loss":0},{"cards_removed":["Warcry"],"damage_healed":0,"gold_gain":0,"player_choice":"Gave Card","damage_taken":0,"relics_obtained":["Pantograph"],"max_hp_gain":0,"max_hp_loss":0,"event_name":"WeMeetAgain","floor":11,"gold_loss":0},{"cards_removed":["Strike_R"],"damage_healed":0,"gold_gain":0,"player_choice":"Forget","damage_taken":0,"max_hp_gain":0,"max_hp_loss":0,"event_name":"Living Wall","floor":14,"gold_loss":0}],"is_beta":false,"boss_relics":[{"not_picked":["ChewingGum","Painkiller Herb"],"picked":"Replay:Drink Me"}],"items_purged_floors":[],"is_endless":false,"potions_floor_spawned":[1,3,8],"ascension_level":20}}