{"host":"ymofapu9a7eub96a","time":1611182415,"event":{"mods":["AchievementEnabler","AlwaysNeverKeys","Aspiration","BaseMod","Better Third Choice","BetterRewards","Defuse TimeMaze Blight","Dio Mod","Disable Question Mark Monsters","Displayed Cursed Tome","Energized Spire","Googly Eyes","Halation","Infinite Spire","Ironclad Rager","Marked Mod","Minty Spire (QoL Compilation)","Prisma Mod","Quarter Circle Forward PUNCH!","Random Character Button","Replay The Spire","SacredBarkPlus","Shop Mod","Small Relic Pack","Spicy Shops","StSLib","SuperFastMode","The Animator","The Awakened One except there are too many feathers","The Factory","The IronCluck","The Jungle","The Wild Card","Trackpad","Transform Curses","UnlockEverythingMod","Waifu the Spire","everything is the same but u backflip on backflip","slay the spire mod where everything is the same but ironclad has a cowboy hat"],"gold_per_floor":[114,131,131,131,56,56,73,73,73,73,103,103,114,125,125,225,225,239,239,258,258,258,258,288,288,314,345,345,359,372,69,69,69,69],"floor_reached":33,"language":"ENG","playtime":1344,"items_purged":["PrismaMod:ChloeCommonAttack","PrismaMod:ChloeCommonDefend"],"score":333,"play_id":"64f30439-77d6-4dd3-9606-effe12e8ce38","local_time":"20210120164015","is_ascension_mode":false,"campfire_choices":[{"data":"PrismaMod:ChloeEyeOfTheEuryale","floor":6,"key":"SMITH"},{"data":"PrismaMod:ChloeCaladbolg","floor":10,"key":"SMITH"},{"data":"PrismaMod:ChloeCheapAttackTwo","floor":12,"key":"SMITH"},{"data":"PrismaMod:ChloeExcalibur","floor":15,"key":"SMITH"},{"data":"PrismaMod:ChloeCaladbolg","floor":23,"key":"SMITH"},{"data":"Pot Of Greed","floor":25,"key":"SMITH"},{"floor":32,"key":"REST"}],"circlet_count":0,"master_deck":["PrismaMod:ChloeCommonAttack","PrismaMod:ChloeCommonAttack","PrismaMod:ChloeCommonAttack+1","PrismaMod:ChloeCommonAttack+1","PrismaMod:ChloeCommonDefend+1","PrismaMod:ChloeCommonDefend","PrismaMod:ChloeCommonDefend+1","PrismaMod:ChloeCommonDefend+1","PrismaMod:ChloeCheapAttack","PrismaMod:ChloeCheapDefend+1","PrismaMod:ChloeEyeOfTheEuryale+1","PrismaMod:ChloeCheapAttackTwo","PrismaMod:ChloeCaladbolg+1","PrismaMod:ChloeCheapAttackTwo+1","PrismaMod:ChloeExcalibur+1","PrismaMod:ChloeCaladbolg+1","Pot Of Greed","Pot Of Greed+1","ReplayTheSpireMod:Black Plague","PrismaMod:ChloeMordred","PrismaMod:ChloeRhongomyniad+1","PrismaMod:ChloeGaeBolg"],"relics":["PrismaMod:PrismaTraceOn","NeowsBlessing","halation:PinkSoulGem","Blood Vial","Gremlin Horn","relicPack:OneForAll","Grinning Jar","trackpad:Compendium","Replay:Wax Seal","halation:Thesaurus","Whetstone"],"acts_visited":["Exordium","TheCity"],"potions_floor_usage":[11,33,33],"damage_taken":[{"damage":0,"enemies":"Small Slimes","floor":1,"turns":1},{"damage":0,"enemies":"Jaw Worm","floor":2,"turns":1},{"damage":0,"enemies":"2 Louse","floor":7,"turns":1},{"damage":15,"enemies":"Gremlin Nob","floor":11,"turns":5},{"damage":0,"enemies":"Large Slime","floor":13,"turns":3},{"damage":1,"enemies":"Lots of Slimes","floor":14,"turns":2},{"damage":0,"enemies":"Slime Boss","floor":16,"turns":5},{"damage":1,"enemies":"Spheric Guardian","floor":18,"turns":3},{"damage":7,"enemies":"2 Thieves","floor":20,"turns":3},{"damage":11,"enemies":"Book of Stabbing","floor":24,"turns":5},{"damage":31,"enemies":"Nightmare","floor":27,"turns":7},{"damage":9,"enemies":"Snake Plant","floor":29,"turns":4},{"damage":8,"enemies":"Centurion and Healer","floor":30,"turns":2},{"damage":42,"enemies":"StardustCrusaders","floor":33,"turns":4}],"seed_played":"6399022773795740721","potions_obtained":[{"floor":1,"key":"Fire Potion"},{"floor":2,"key":"Toxic Potion"},{"floor":11,"key":"Reflective Coating"},{"floor":16,"key":"Reflective Coating"},{"floor":20,"key":"Energy Potion"},{"floor":30,"key":"Adrenaline Potion"}],"is_trial":false,"path_per_floor":["M","M","?","?","$","R","M","?","T","R","E","R","M","M","R","B",null,"M","?","M","?","?","R","E","R","T","NM","?","M","M","$","R","B"],"character_chosen":"CHLOE","items_purchased":["Replay:Wax Seal","halation:Thesaurus"],"campfire_rested":1,"item_purchase_floors":[31,31],"current_hp_per_floor":[75,75,75,75,75,75,75,60,60,60,47,47,49,50,50,52,75,74,74,68,68,68,68,59,59,59,30,30,23,17,17,39,0,0],"gold":69,"neow_bonus":"THREE_ENEMY_KILL","is_daily":false,"chose_seed":false,"campfire_upgraded":6,"win_rate":0.0,"timestamp":1611182415,"path_taken":["M","M","?","?","?","R","M","?","T","R","E","R","M","M","R","BOSS","M","?","M","?","?","R","E","R","T","NM","?","M","?","?","R","BOSS"],"items_purchased_type":["Relic","Relic"],"build_version":"2020-12-22","purchased_purges":2,"victory":false,"max_hp_per_floor":[75,75,75,75,75,75,75,75,75,75,75,75,75,75,75,75,75,75,75,75,75,75,75,75,75,75,75,75,75,75,75,75,75,75],"card_choices":[{"not_picked":["PrismaMod:ChloeDiscardRecovery","PrismaMod:ChloeCheapDefendTwo"],"picked":"PrismaMod:ChloeEyeOfTheEuryale","floor":1},{"not_picked":["PrismaMod:ChloeCheapDefendTwo","PrismaMod:ChloeRitsuka"],"picked":"PrismaMod:ChloeCheapAttackTwo","floor":2},{"not_picked":["PrismaMod:ChloeDemonicTutor","PrismaMod:ChloeCheapDefend"],"picked":"PrismaMod:ChloeCaladbolg","floor":7},{"not_picked":["PrismaMod:ChloeMordred","PrismaMod:ChloeCommonAOEAttack"],"picked":"PrismaMod:ChloeCheapAttackTwo","floor":11},{"not_picked":["PrismaMod:ChloeCheapDefendTwo","PrismaMod:ChloeAnySkillTrace"],"picked":"PrismaMod:ChloeExcalibur","floor":13},{"not_picked":["PrismaMod:ChloeBetterTracePools","PrismaMod:ChloeEyeOfTheEuryale"],"picked":"PrismaMod:ChloeCaladbolg","floor":14},{"not_picked":["PrismaMod:ChloeCheapDefend","PrismaMod:ChloeDiscardRecovery","PrismaMod:ChloeRhongomyniad"],"picked":"SKIP","floor":18},{"not_picked":["PrismaMod:ChloeCheapDefend","PrismaMod:ChloeCheapAttack"],"picked":"PrismaMod:ChloeCheapDefendTwo","floor":20},{"not_picked":["PrismaMod:ChloeCheapDefendTwo","PrismaMod:ChloeCheapAttackTwo","PrismaMod:ChloeExhaustOne"],"picked":"SKIP","floor":24},{"not_picked":["infinitespire:Gouge","infinitespire:UltimateForm"],"picked":"ReplayTheSpireMod:Black Plague","floor":27},{"not_picked":["PrismaMod:ChloeUncommonAOEAttack","PrismaMod:ChloeExhaustOne","PrismaMod:ChloeCheapAttackTwo"],"picked":"SKIP","floor":27},{"not_picked":["PrismaMod:ChloeCaladbolg","PrismaMod:ChloeEyeOfTheEuryale"],"picked":"PrismaMod:ChloeRhongomyniad+1","floor":29},{"not_picked":["PrismaMod:ChloeMordred","PrismaMod:ChloeBetterTracePools"],"picked":"PrismaMod:ChloeGaeBolg","floor":30}],"player_experience":212450,"relics_obtained":[{"floor":9,"key":"Blood Vial"},{"floor":11,"key":"Gremlin Horn"},{"floor":24,"key":"Grinning Jar"},{"floor":26,"key":"trackpad:Compendium"},{"floor":27,"key":"War Paint"}],"event_choices":[{"damage_healed":75,"gold_gain":0,"player_choice":"Upgrade","damage_taken":15,"max_hp_gain":0,"max_hp_loss":75,"event_name":"betterThird:BetterShining","floor":8,"gold_loss":0,"cards_upgraded":["PrismaMod:ChloeCommonDefend","PrismaMod:ChloeCommonDefend"]},{"damage_healed":0,"gold_gain":0,"player_choice":"Ignored","damage_taken":0,"max_hp_gain":0,"max_hp_loss":0,"event_name":"Ghosts","floor":21,"gold_loss":0},{"damage_healed":0,"gold_gain":0,"cards_transformed":["PrismaMod:ChloeCheapDefendTwo"],"player_choice":"Transformed","damage_taken":0,"max_hp_gain":0,"max_hp_loss":0,"event_name":"Transmorgrifier","floor":28,"gold_loss":0,"cards_obtained":["PrismaMod:ChloeMordred"]}],"is_beta":false,"boss_relics":[{"not_picked":["Fusion Hammer","halation:LoveArrow","energizedSpire:MagnifyingGlass"]}],"items_purged_floors":[5,31],"is_endless":true,"potions_floor_spawned":[1,2,11,16,18,20,24,30],"killed_by":"StardustCrusaders","ascension_level":0}}