{"host":"47mn4tgofsdu2qaz","time":1611118468,"event":{"mods":["BaseMod","Marisa????????","Minty Spire (QoL Compilation)"],"gold_per_floor":[112,112,128,128,145,174,186,186,213,213,230,244,277,288,288,383,383,399,399,32,46,145,175,175,191,191,209,209,209,209,224,224,323,323,342,38,48,48,64,99,99,112,112,112,138,149,149,169,169,169],"floor_reached":51,"language":"ENG","playtime":3779,"items_purged":["ShootingEcho","Defend_MRS"],"score":766,"play_id":"7db48e07-d5c1-4a30-b016-865bfaaedaeb","local_time":"20210119215428","is_ascension_mode":false,"campfire_choices":[{"data":"Singularity","floor":8,"key":"SMITH"},{"data":"EarthLightRay","floor":10,"key":"SMITH"},{"data":"OortCloud","floor":15,"key":"SMITH"},{"data":"FinalSpark","floor":24,"key":"SMITH"},{"data":"Acceleration","floor":28,"key":"SMITH"},{"data":"UpSweep","floor":30,"key":"SMITH"},{"floor":32,"key":"REST"},{"data":"GalacticHalo","floor":41,"key":"SMITH"},{"data":"PulseMagic","floor":49,"key":"SMITH"}],"circlet_count":0,"master_deck":["Strike_MRS","Strike_MRS+1","Strike_MRS+1","Defend_MRS","Defend_MRS","Defend_MRS","MasterSpark","UpSweep+1","Singularity+1","PulseMagic+1","AlicesGift","EarthLightRay+1","AlicesGift","Acceleration+1","OortCloud+1","EarthLightRay","FinalSpark+1","GalacticHalo+1","OneTimeOff+1","SuperPerseids+1","ShootTheMoon+1","MagicChant+1","PropBag+1","JA+1","Flash of Steel+1","DeepEcoloBomb+1","MilkyWay+1","Parasite","Parasite","OortCloud+1","LuminesStrike+1","EnergyFlow+1","PowerUp+1","RefractionSpark+1","Acceleration+1"],"relics":["MiniHakkero","NeowsBlessing","Happy Flower","Smiling Mask","Boot","Whetstone","SlaversCollar","Toxic Egg 2","Molten Egg 2","AmplifyWand","Runic Pyramid","Sling","ShroomBag","Prayer Wheel","Eternal Feather"],"acts_visited":["Exordium","TheCity","TheBeyond"],"potions_floor_usage":[6,6,13,13,16,33,33,40,40,45,46,50,50,50,50,50],"damage_taken":[{"damage":0,"enemies":"2 Louse","floor":1,"turns":1},{"damage":0,"enemies":"Jaw Worm","floor":3,"turns":1},{"damage":0,"enemies":"Small Slimes","floor":5,"turns":1},{"damage":15,"enemies":"Lagavulin","floor":6,"turns":4},{"damage":5,"enemies":"Looter","floor":7,"turns":2},{"damage":3,"enemies":"Red Slaver","floor":11,"turns":3},{"damage":7,"enemies":"3 Louse","floor":12,"turns":3},{"damage":0,"enemies":"Gremlin Nob","floor":13,"turns":2},{"damage":7,"enemies":"Blue Slaver","floor":14,"turns":2},{"damage":3,"enemies":"Hexaghost","floor":16,"turns":9},{"damage":13,"enemies":"Chosen","floor":18,"turns":6},{"damage":28,"enemies":"3 Byrds","floor":21,"turns":5},{"damage":1,"enemies":"Book of Stabbing","floor":23,"turns":4},{"damage":25,"enemies":"Snake Plant","floor":25,"turns":6},{"damage":0,"enemies":"Snecko","floor":27,"turns":4},{"damage":6,"enemies":"Sentry and Sphere","floor":31,"turns":5},{"damage":21,"enemies":"Automaton","floor":33,"turns":8},{"damage":13,"enemies":"3 Darklings","floor":35,"turns":4},{"damage":0,"enemies":"Orb Walker","floor":37,"turns":2},{"damage":1,"enemies":"Maw","floor":39,"turns":7},{"damage":19,"enemies":"Reptomancer","floor":40,"turns":6},{"damage":10,"enemies":"Sphere and 2 Shapes","floor":42,"turns":5},{"damage":5,"enemies":"Nemesis","floor":45,"turns":5},{"damage":35,"enemies":"3 Darklings","floor":46,"turns":6},{"damage":12,"enemies":"Maw","floor":48,"turns":6},{"damage":31,"enemies":"Donu and Deca","floor":50,"turns":8}],"seed_played":"9154536787071921318","potions_obtained":[{"floor":3,"key":"BlessingOfTheForge"},{"floor":5,"key":"Strength Potion"},{"floor":7,"key":"Fire Potion"},{"floor":11,"key":"SkillPotion"},{"floor":14,"key":"DistilledChaos"},{"floor":23,"key":"Weak Potion"},{"floor":25,"key":"Regen Potion"},{"floor":38,"key":"GamblersBrew"},{"floor":38,"key":"LiquidBronze"},{"floor":38,"key":"BlessingOfTheForge"},{"floor":42,"key":"Strength Potion"},{"floor":45,"key":"Energy Potion"},{"floor":48,"key":"EntropicBrew"}],"is_trial":false,"path_per_floor":["M","?","M","?","M","E","M","R","T","R","M","M","E","M","R","B",null,"M","?","$","M","?","E","R","M","T","M","R","?","R","M","R","B",null,"M","$","M","?","M","E","R","M","T","?","E","M","?","M","R","B",null],"character_chosen":"MARISA","items_purchased":["Toxic Egg 2","OneTimeOff+1","Flash of Steel+1","Sling"],"campfire_rested":1,"item_purchase_floors":[20,20,36,36],"current_hp_per_floor":[75,68,68,56,56,41,40,40,40,40,43,36,42,35,35,42,75,72,58,58,40,40,49,49,34,34,38,38,38,38,42,66,60,80,71,71,71,71,79,61,61,63,63,63,72,51,51,53,74,57],"gold":169,"neow_bonus":"THREE_ENEMY_KILL","is_daily":false,"chose_seed":false,"campfire_upgraded":8,"win_rate":0.0,"timestamp":1611118468,"path_taken":["M","?","M","?","M","E","M","R","T","R","M","M","E","M","R","BOSS","M","?","$","M","?","E","R","M","T","M","R","?","R","M","R","BOSS","M","$","M","?","M","E","R","?","T","?","E","M","?","?","R","BOSS"],"items_purchased_type":["Relic","Card","Card","Relic"],"build_version":"2020-12-22","purchased_purges":2,"victory":true,"max_hp_per_floor":[75,75,75,75,75,75,75,75,75,75,75,75,75,75,75,75,75,75,80,80,80,80,80,80,80,80,80,80,80,80,80,80,80,80,80,80,80,80,80,80,80,80,80,76,76,76,76,76,76,76],"card_choices":[{"not_picked":["UnstableBomb","Orbital"],"picked":"Singularity","floor":1},{"not_picked":["DoubleSpark","RefractionSpark"],"picked":"PulseMagic","floor":3},{"not_picked":["6A","NonDirectionalLaser"],"picked":"AlicesGift","floor":5},{"not_picked":["DC","WitchOfGreed"],"picked":"EarthLightRay","floor":6},{"not_picked":["Orbital","MilkyWay"],"picked":"AlicesGift","floor":7},{"not_picked":["DC","DarkSpark"],"picked":"Acceleration","floor":11},{"not_picked":["UnstableBomb","Acceleration"],"picked":"OortCloud","floor":12},{"not_picked":["Singularity","OrrerysSun"],"picked":"ShootingEcho","floor":13},{"not_picked":["UnstableBomb","DragonMeteor"],"picked":"EarthLightRay","floor":14},{"not_picked":["BinaryStars","TreasureHunter"],"picked":"FinalSpark","floor":16},{"not_picked":["BlazeAway","6A"],"picked":"GalacticHalo","floor":18},{"not_picked":["MeteoricShower+1","NonDirectionalLaser","DarkSpark"],"picked":"SKIP","floor":21},{"not_picked":["ShootingEcho+1","UnstableBomb+1"],"picked":"SuperPerseids+1","floor":23},{"not_picked":["GasGiant+1","WitchLeyline+1"],"picked":"ShootTheMoon+1","floor":25},{"not_picked":["6A+1","GalacticHalo+1"],"picked":"MagicChant+1","floor":27},{"not_picked":["PulseMagic+1","OrrerysSun"],"picked":"PropBag+1","floor":31},{"not_picked":["SuperNova","ManaRampage+1"],"picked":"JA+1","floor":33},{"not_picked":["DC+1","DarkMatter+1","UnstableBomb+1"],"picked":"SKIP","floor":35},{"not_picked":["SporeBomb+1","DC+1"],"picked":"DeepEcoloBomb+1","floor":37},{"not_picked":["DC+1","IllusionStar+1"],"picked":"MilkyWay+1","floor":39},{"not_picked":["GalacticHalo+1","EarthLightRay+1"],"picked":"OortCloud+1","floor":40},{"not_picked":["SporeBomb+1","OpenUniverse+1"],"picked":"LuminesStrike+1","floor":42},{"not_picked":["SporeBomb+1","JA+1"],"picked":"EnergyFlow","floor":45},{"not_picked":["GravityBeat+1","MilkyWay+1"],"picked":"PowerUp+1","floor":46},{"not_picked":["ShootTheMoon+1","IllusionStar+1"],"picked":"RefractionSpark+1","floor":46},{"not_picked":["Robbery+1","WitchOfGreed+1"],"picked":"Acceleration+1","floor":48},{"not_picked":["AsteroidBelt+1","Orbital+1","GalacticHalo+1"],"picked":"SKIP","floor":48}],"player_experience":64833,"relics_obtained":[{"floor":6,"key":"Smiling Mask"},{"floor":9,"key":"Boot"},{"floor":13,"key":"Whetstone"},{"floor":23,"key":"Molten Egg 2"},{"floor":26,"key":"AmplifyWand"},{"floor":40,"key":"ShroomBag"},{"floor":43,"key":"Prayer Wheel"},{"floor":45,"key":"Eternal Feather"}],"event_choices":[{"cards_removed":["Strike_MRS"],"damage_healed":0,"gold_gain":0,"player_choice":"Card Removal","damage_taken":7,"max_hp_gain":0,"max_hp_loss":0,"event_name":"Golden Wing","floor":2,"gold_loss":0},{"damage_healed":0,"gold_gain":0,"player_choice":"Success","damage_taken":12,"relics_obtained":["Happy Flower"],"max_hp_gain":0,"max_hp_loss":0,"event_name":"Scrap Ooze","floor":4,"gold_loss":0},{"damage_healed":0,"gold_gain":0,"player_choice":"Shed Blood","damage_taken":19,"max_hp_gain":5,"max_hp_loss":0,"event_name":"Forgotten Altar","floor":19,"gold_loss":0},{"damage_healed":0,"gold_gain":99,"player_choice":"Stole From Cult","damage_taken":0,"max_hp_gain":0,"max_hp_loss":0,"event_name":"Nest","floor":22,"gold_loss":0},{"damage_healed":0,"gold_gain":0,"player_choice":"Ignored","damage_taken":0,"max_hp_gain":0,"max_hp_loss":0,"event_name":"Ghosts","floor":29,"gold_loss":0},{"damage_healed":0,"gold_gain":0,"player_choice":"Got Potions","damage_taken":0,"max_hp_gain":0,"max_hp_loss":0,"event_name":"Lab","floor":38,"gold_loss":0},{"damage_healed":0,"gold_gain":0,"player_choice":"Max HP","damage_taken":0,"max_hp_gain":0,"max_hp_loss":4,"event_name":"Winding Halls","floor":44,"gold_loss":0},{"damage_healed":0,"gold_gain":0,"player_choice":"Forge","damage_taken":0,"max_hp_gain":0,"max_hp_loss":0,"event_name":"Accursed Blacksmith","floor":47,"gold_loss":0,"cards_upgraded":["EnergyFlow"]}],"is_beta":false,"boss_relics":[{"not_picked":["Snecko Eye","Runic Dome"],"picked":"SlaversCollar"},{"not_picked":["Tiny House","Astrolabe"],"picked":"Runic Pyramid"}],"items_purged_floors":[20,36],"is_endless":false,"potions_floor_spawned":[3,5,7,11,14,23,25,42,45,48],"ascension_level":0}}