{"host":"9jkzatiwan7o33sr","time":1611111302,"event":{"mods":["A Magickal Journey","AchievementEnabler","Act Like it!","Aspiration","BaseMod","Colored Map","Colored Powertips","Conspire","Downfall","Duelist Mod","GifTheSpireLib","Hallownest","Hermit","Hubris","Infinite Spire","Marisa????????","Mimic Mod","Minty Spire (QoL Compilation)","StSLib","Stuff the Spire","Td1madao Mod","The Animator","The Bug Knight","The Construct","The Cursed","The Disciple","The Elementalist","The Factory","The Hierophant","The Jungle","The Mystic","The Necromancer","The Poker Player","The Runesmith","The Servant 0.9.4","The Witch","[IsaacMod]????"],"gold_per_floor":[113,113,126,146,163,163,193,193,193,207,225,225,261,295,295,400,400,419,210,210,224,235,235,254,254,334,345,345,364,364,379,379,476,476,494,508,508,520,0,0,13,13,13,13,32,32,48,48,48,48],"floor_reached":51,"language":"ENG","playtime":4819,"items_purged":[],"score":730,"play_id":"747e505d-97c0-43e3-8b50-5793a6a0dca3","local_time":"20210120035502","is_ascension_mode":true,"campfire_choices":[{"floor":6,"key":"REST"},{"data":"Distraction","floor":8,"key":"SMITH"},{"floor":15,"key":"REST"},{"data":"After Image","floor":23,"key":"SMITH"},{"data":"Envenom","floor":25,"key":"SMITH"},{"data":"Backflip","floor":28,"key":"SMITH"},{"data":"Noxious Fumes","floor":30,"key":"SMITH"},{"floor":32,"key":"REST"},{"data":"Burst","floor":40,"key":"SMITH"},{"data":"Leg Sweep","floor":42,"key":"SMITH"},{"data":"Dash","floor":44,"key":"SMITH"},{"data":"StuffTheSpire:Rapture","floor":46,"key":"SMITH"},{"data":"Poisoned Stab","floor":49,"key":"SMITH"}],"circlet_count":0,"master_deck":["Strike_G","Strike_G","Strike_G","Strike_G","Strike_G","Defend_G","Defend_G","Defend_G","Defend_G","Defend_G","Survivor","Neutralize","StuffTheSpire:Injection","Noxious Fumes+1","StuffTheSpire:Injection","Slice","Distraction+1","Deadly Poison","Dash+1","PiercingWail","Envenom+1","After Image+1","Dagger Spray+1","StuffTheSpire:Rapture+1","Leg Sweep+1","Flying Knee","Backflip+1","Infinite Blades+1","Flying Knee","Quick Slash","Burst+1","Deadly Poison","Sucker Punch+1","Poisoned Stab+1","Acrobatics+1","Escape Plan+1","Poisoned Stab+1"],"relics":["Ring of the Snake","HushsDoor","GuppysTail","Ancient Tea Set","BookOfRevelations","conspire:GlowingRock","HollowMod:StagPassRelic","infinitespire:Satchel","Sozu","aspiration:HummingbirdHeart","construct:WeddingRing","Red Mask","Bird Faced Urn","hubris:Towel"],"acts_visited":["Exordium","TheCity","TheBeyond"],"potions_floor_usage":[7,33,33],"damage_taken":[{"damage":2,"enemies":"Jaw Worm","floor":1,"turns":7},{"damage":0,"enemies":"Cultist","floor":3,"turns":3},{"damage":6,"enemies":"2 Louse","floor":4,"turns":2},{"damage":22,"enemies":"Exordium Wildlife","floor":5,"turns":6},{"damage":17,"enemies":"Lagavulin","floor":7,"turns":5},{"damage":5,"enemies":"Large Slime","floor":10,"turns":5},{"damage":1,"enemies":"Gremlin Gang","floor":11,"turns":3},{"damage":23,"enemies":"conspire:MimicChest","floor":13,"turns":7},{"damage":12,"enemies":"3 Sentries","floor":14,"turns":8},{"damage":2,"enemies":"The Guardian","floor":16,"turns":9},{"damage":0,"enemies":"Shell Parasite","floor":18,"turns":6},{"damage":9,"enemies":"Chosen","floor":21,"turns":6},{"damage":10,"enemies":"Centurion and Healer","floor":22,"turns":7},{"damage":1,"enemies":"Snake Plant","floor":24,"turns":5},{"damage":2,"enemies":"3 Cultists","floor":27,"turns":5},{"damage":0,"enemies":"Snecko","floor":29,"turns":4},{"damage":0,"enemies":"Chosen and Byrds","floor":31,"turns":5},{"damage":1,"enemies":"Automaton","floor":33,"turns":8},{"damage":0,"enemies":"Orb Walker","floor":35,"turns":4},{"damage":3,"enemies":"3 Darklings","floor":36,"turns":5},{"damage":3,"enemies":"Jaw Worm Horde","floor":38,"turns":5},{"damage":0,"enemies":"Transient","floor":41,"turns":5},{"damage":0,"enemies":"Spire Growth","floor":45,"turns":4},{"damage":0,"enemies":"3 Darklings","floor":47,"turns":4},{"damage":20,"enemies":"Time Eater","floor":50,"turns":13}],"seed_played":"-6102852930918871847","potions_obtained":[{"floor":1,"key":"bronze:BurnAndBuffPotion"},{"floor":3,"key":"Slimebound:ThreeZeroPotion"},{"floor":7,"key":"BlessingOfTheForge"},{"floor":10,"key":"Regen Potion"},{"floor":16,"key":"GhostInAJar"}],"is_trial":false,"path_per_floor":["M","?","M","M","M","R","E","R","T","M","M","?","?","E","R","B",null,"M","?","?","M","M","R","M","R","T","M","R","M","R","M","R","B",null,"M","M","?","M","?","R","M","R","T","R","M","R","M","?","R","B",null],"character_chosen":"THE_SILENT","items_purchased":[],"campfire_rested":3,"item_purchase_floors":[],"current_hp_per_floor":[75,75,75,69,47,70,53,53,53,48,47,47,24,12,35,33,77,77,77,77,68,58,58,57,57,57,55,55,55,55,55,77,76,77,77,74,74,71,71,71,71,71,71,71,77,77,77,77,77,57],"gold":48,"neow_bonus":"TEN_PERCENT_HP_BONUS","is_daily":false,"chose_seed":false,"campfire_upgraded":10,"win_rate":0.0,"timestamp":1611111302,"path_taken":["M","?","M","M","M","R","E","R","T","M","?","?","?","E","R","BOSS","M","?","?","M","M","R","M","R","T","M","R","M","R","M","R","BOSS","M","M","?","M","?","R","M","R","T","R","M","R","M","?","R","BOSS"],"items_purchased_type":[],"build_version":"2020-12-22","purchased_purges":0,"victory":true,"max_hp_per_floor":[77,77,77,77,77,77,77,77,77,77,77,77,77,77,77,77,77,77,77,77,77,77,77,77,77,77,77,77,77,77,77,77,77,77,77,77,77,77,77,77,77,77,77,77,77,77,77,77,77,77],"card_choices":[{"not_picked":["Calculated Gamble","StuffTheSpire:Python"],"picked":"StuffTheSpire:Injection","floor":1},{"not_picked":["StuffTheSpire:Python","Reflex"],"picked":"Noxious Fumes","floor":3},{"not_picked":["Tactician","Dagger Throw"],"picked":"StuffTheSpire:Injection","floor":4},{"not_picked":["Outmaneuver","StuffTheSpire:ReptileScales"],"picked":"Slice","floor":5},{"not_picked":["Acrobatics","Accuracy"],"picked":"Distraction","floor":7},{"not_picked":["Deflect","Backflip"],"picked":"Deadly Poison","floor":10},{"not_picked":["Backstab","Phantasmal Killer"],"picked":"Dash","floor":11},{"not_picked":["StuffTheSpire:Sprint","hubris:Sniper"],"picked":"PiercingWail","floor":13},{"not_picked":["hubris:SlightOfHand","Bomb"],"picked":"Envenom","floor":14},{"not_picked":["Tools of the Trade","Wraith Form v2"],"picked":"After Image","floor":16},{"not_picked":["Eviscerate+1","Cloak And Dagger"],"picked":"Dagger Spray+1","floor":18},{"not_picked":["Sucker Punch","Reflex+1"],"picked":"Leg Sweep","floor":21},{"not_picked":["Masterful Stab+1","Distraction"],"picked":"Flying Knee","floor":22},{"not_picked":["Dagger Throw","StuffTheSpire:Injection"],"picked":"Backflip","floor":24},{"not_picked":["Bouncing Flask","Dagger Throw"],"picked":"Infinite Blades+1","floor":27},{"not_picked":["Sucker Punch","Doppelganger"],"picked":"Flying Knee","floor":29},{"not_picked":["StuffTheSpire:ClusterCrunch+1","Flechettes+1"],"picked":"Quick Slash","floor":31},{"not_picked":["Venomology","Storm of Steel"],"picked":"Burst","floor":33},{"not_picked":["hubris:SlightOfHand","hubris:Sniper"],"picked":"Deadly Poison","floor":35},{"not_picked":["StuffTheSpire:MirrorStance","Acrobatics"],"picked":"Sucker Punch+1","floor":36},{"not_picked":["StuffTheSpire:BumpUp","Cloak And Dagger"],"picked":"Poisoned Stab","floor":38},{"not_picked":["Flechettes","Sucker Punch"],"picked":"Acrobatics+1","floor":41},{"not_picked":["Glass Knife","StuffTheSpire:DoubleShiv"],"picked":"Escape Plan+1","floor":45},{"not_picked":["Dodge and Roll","StuffTheSpire:ClusterCrunch+1"],"picked":"Poisoned Stab+1","floor":47}],"player_experience":591877,"relics_obtained":[{"floor":2,"key":"Ancient Tea Set"},{"floor":7,"key":"BookOfRevelations"},{"floor":9,"key":"conspire:GlowingRock"},{"floor":13,"key":"HollowMod:StagPassRelic"},{"floor":14,"key":"infinitespire:Satchel"},{"floor":26,"key":"aspiration:HummingbirdHeart"},{"floor":43,"key":"Bird Faced Urn"}],"event_choices":[{"damage_healed":0,"gold_gain":0,"player_choice":"Paid","damage_taken":0,"relics_obtained":["Red Mask"],"max_hp_gain":0,"max_hp_loss":0,"event_name":"Tomb of Lord Red Mask","floor":39,"gold_loss":520}],"is_beta":false,"boss_relics":[{"not_picked":["conspire:SlowCooker","hubris:CrackedHourglass"],"picked":"Sozu"},{"not_picked":[]},{"not_picked":["aspiration:FutureDiary","Snecko Eye"],"picked":"construct:WeddingRing"},{"not_picked":[]}],"items_purged_floors":[],"is_endless":false,"potions_floor_spawned":[1,3,7,10,16,18,21,22,27,38,45],"ascension_level":3}}