{"host":"cfluht5kr2kfk9p9","time":1611172067,"event":{"mods":["BaseMod","Downfall","Minty Spire (QoL Compilation)","Quick Restart","Rare Cards Sparkle","Relic Stats","StSLib"],"gold_per_floor":[99,99,112,22,22,35,35,55,55,79,106,41,41,141,156,156,156,156],"floor_reached":16,"language":"ZHS","playtime":865,"items_purged":["Guardian:Strike_Guardian"],"score":123,"play_id":"eceecc66-387c-4113-b373-a4a50a426d56","local_time":"20210121034747","is_ascension_mode":false,"campfire_choices":[{"floor":1.0,"key":"RECALL"},{"data":"Guardian:Emergency","floor":9.0,"key":"SMITH"},{"data":"Guardian:BaubleBeam","floor":13,"key":"SMITH"}],"circlet_count":0,"master_deck":["Guardian:Strike_Guardian","Guardian:Strike_Guardian","Guardian:Strike_Guardian","Guardian:Defend_Guardian","Guardian:Defend_Guardian","Guardian:Defend_Guardian","Guardian:CurlUp","Guardian:TwinSlam","Guardian:Emergency+1","Guardian:BaubleBeam+1","Guardian:Planning","Guardian:ShieldCharger","Guardian:ShieldSpikes"],"relics":["Guardian:ModeShifter","Pear","Centennial Puzzle","Odd Mushroom","Pen Nib"],"acts_visited":["Exordium"],"potions_floor_usage":[],"damage_taken":[{"damage":0.0,"enemies":"Small Slimes","floor":3.0,"turns":3.0},{"damage":0.0,"enemies":"downfall:FleeingMerchant","floor":4.0,"turns":4.0},{"damage":0.0,"enemies":"2 Louse","floor":6.0,"turns":3.0},{"damage":1.0,"enemies":"Cultist","floor":8.0,"turns":4.0},{"damage":21.0,"enemies":"The Mushroom Lair","floor":10.0,"turns":6.0},{"damage":20.0,"enemies":"Lagavulin","floor":11.0,"turns":5.0},{"damage":2.0,"enemies":"downfall:FleeingMerchant","floor":12.0,"turns":4.0},{"damage":12,"enemies":"Large Slime","floor":15,"turns":6},{"damage":31,"enemies":"SI_SHIV_ARCHETYPE","floor":16,"turns":8}],"seed_played":"-1442458271366068445","potions_obtained":[{"floor":3.0,"key":"PowerPotion"},{"floor":6.0,"key":"SpeedPotion"},{"floor":8.0,"key":"ColorlessPotion"},{"floor":15,"key":"SneckoOil"}],"is_trial":false,"path_per_floor":["R","?","M","$","?","M","T","M","R","?","E","$","R","?","M","B"],"character_chosen":"GUARDIAN","items_purchased":["Guardian:Gem_Green"],"campfire_rested":0,"item_purchase_floors":[12],"current_hp_per_floor":[88,86,86,86,86,86,86,85,85,64,44,42,42,42,30,0,0,0],"gold":156,"neow_bonus":"TEN_PERCENT_HP_BONUS","is_daily":false,"chose_seed":false,"campfire_upgraded":2,"win_rate":0.0,"timestamp":1611172067,"path_taken":["R","?","M","$","?","M","T","?","R","?","E","?","R","?","M","BOSS"],"items_purchased_type":["Card"],"build_version":"2020-12-22","purchased_purges":1,"victory":false,"max_hp_per_floor":[88,98,98,98,98,98,98,98,98,98,98,98,98,98,98,98,98,98],"relic_stats":{"Centennial Puzzle":[18],"counters":[9,43],"Pen Nib":[3],"obtain_stats":[{"Centennial Puzzle":7,"Pear":2,"Guardian:ModeShifter":0,"Pen Nib":11,"Odd Mushroom":10},{"Centennial Puzzle":3,"Pear":0,"Guardian:ModeShifter":0,"Pen Nib":6,"Odd Mushroom":5},{"Centennial Puzzle":10,"Pear":0,"Guardian:ModeShifter":0,"Pen Nib":25,"Odd Mushroom":20}]},"card_choices":[{"not_picked":["Guardian:EvasiveProtocol","Guardian:BodySlam"],"picked":"Guardian:Emergency","floor":3.0},{"not_picked":["Guardian:ArmoredProtocol","Guardian:Gem_Cyan"],"picked":"Guardian:BaubleBeam","floor":4.0},{"not_picked":["Guardian:WalkerClaw","Guardian:CrystalBeam"],"picked":"Guardian:Planning","floor":6.0},{"not_picked":["Guardian:SentryBeam","Guardian:GuardianWhirl"],"picked":"Guardian:ShieldCharger","floor":8.0},{"not_picked":["Guardian:Harden","Guardian:FloatingOrbs"],"picked":"Guardian:Gem_Cyan","floor":11.0},{"not_picked":["Guardian:Reroute","Guardian:ShieldCharger"],"picked":"Guardian:Gem_Lightblue","floor":12.0},{"not_picked":["Guardian:Reroute","Guardian:PrimingBeam"],"picked":"Guardian:ShieldSpikes","floor":15}],"player_experience":52159,"relics_obtained":[{"floor":7.0,"key":"Centennial Puzzle"},{"floor":10.0,"key":"Odd Mushroom"},{"floor":11.0,"key":"Pen Nib"}],"event_choices":[{"damage_healed":0.0,"max_hp_gain":0.0,"max_hp_loss":0.0,"gold_gain":0.0,"event_name":"Scrap Ooze","player_choice":"Success","floor":2.0,"gold_loss":0.0,"damage_taken":12.0,"relics_obtained":["Pear"]},{"cards_removed":["Guardian:Defend_Guardian"],"damage_healed":0.0,"max_hp_gain":0.0,"max_hp_loss":0.0,"gold_gain":0.0,"event_name":"Bonfire Elementals","player_choice":"Offered Basic","floor":5.0,"gold_loss":0.0,"damage_taken":0.0},{"damage_healed":0.0,"max_hp_gain":0.0,"max_hp_loss":0.0,"gold_gain":0.0,"event_name":"Mushrooms","player_choice":"Fought Mushrooms","floor":10.0,"gold_loss":0.0,"damage_taken":0.0}],"is_beta":false,"boss_relics":[],"items_purged_floors":[4],"is_endless":false,"potions_floor_spawned":[3,6,8,15],"killed_by":"SI_SHIV_ARCHETYPE","ascension_level":0}}