{"host":"usru02jcpe2a942d","time":1611134096,"event":{"mods":["Act Like it!","Ascension Reborn","BaseMod","Colored Powertips","Downfall","GifTheSpireLib","Highlight Path","Minty Spire (QoL Compilation)","MostiFishMod","Quick Restart","Relic Stats","RumiaBox-露米娅的神秘盒子","StSLib","Waifu the Spire","noobMod","篝火指南"],"gold_per_floor":[99,99,99,99,99,99,99,118,110,650,691,406,616,616,647,778,778,578,610,622,862,862,862,894,914,914,937,937,959,689,716,729,855,855,855,878,894,923,946,970,970,568,748,768,823,839,855,896,915,915,915,947,77,2,2,2],"floor_reached":57,"language":"ZHS","playtime":3141,"items_purged":["downfall:Icky","downfall:Icky","downfall:Icky","Doubt","Parasite"],"score":1634,"play_id":"c4dcac68-cb55-487e-8d6d-38c940faf9b6","local_time":"20210120171456","is_ascension_mode":true,"campfire_choices":[{"floor":1.0,"key":"RECALL"},{"data":"hexamod:NecessarySacrifice","floor":18.0,"key":"SMITH"},{"data":"hexamod:TimeOfNeed","floor":35.0,"key":"SMITH"}],"circlet_count":0,"master_deck":["hexamod:PowerFromBeyond+1","hexamod:SwordOfDarkness+1","hexamod:NecessarySacrifice+1","hexamod:Hexaguard+1","hexamod:GiftsFromTheDead+1","hexamod:CatchUp+1","hexamod:Rewind+1","hexamod:Rewind+1","hexamod:Again+1","hexamod:EtherealExpedition+1","hexamod:NecessarySacrifice+1","MostiFishMod:MusicBox+1","hexamod:TimeOfNeed+1","hexamod:PowerFromBeyond+1","hexamod:SoulSteal+1","hexamod:FlamesFromBeyond+1","hexamod:DynamicBlow+1","hexamod:GhostOfSpirePresent+1","hexamod:ApocalypseNow+1","hexamod:FlameSwitch+1","hexamod:SearingWound+1","hexamod:ForkedFlame+1","hexamod:TurnItUp+1","hexamod:SixthSeal","hexamod:HexaLevel+1","hexamod:Toasty+1","hexamod:ApocalypticArmor+1"],"relics":["hexamod:UnbrokenSoul","DaveBox","ice","BirthdayGift-Tetrahedron","downfall:HeartsMalice","downfall:ShatteredFragment","HornCleat","MagicDraw2","Ancient Tea Set","MostiFishMod:AdaptiveDefenses","SynthV:C4","Akabeko","ImprovedEquipment","StoneCalendar","downfall:HeartBlessingRed","downfall:HeartBlessingGreen","Bottled Flame","Potion Belt","Lantern","GodSword6","Membership Card","hexamod:SoulConsumer","SecretRecord","SoulBox","Happy Flower","MoreBug","hexamod:TheBrokenSeal","The Courier","downfall:HeartBlessingBlue","Bag of Preparation","hexamod:MatchstickCase","Mummified Hand","Torii","ThornShield","War Paint","GodSword3","Ccalipers","hexamod:InflammatoryLetter","hexamod:JarOfFuel","Ornamental Fan","Boot","SumBook","SSSystem","Centennial Puzzle","Sundial","Bottled Lightning","MagicDraw1"],"acts_visited":["Exordium","TheCity","TheBeyond","TheEnding"],"potions_floor_usage":[55,55,55,55,56,56,56,56,56,56,56,56],"damage_taken":[{"damage":0.0,"enemies":"2 Louse","floor":2.0,"turns":1.0},{"damage":0.0,"enemies":"Cultist","floor":3.0,"turns":1.0},{"damage":0.0,"enemies":"Small Slimes","floor":6.0,"turns":1.0},{"damage":0.0,"enemies":"2 Fungi Beasts","floor":8.0,"turns":1.0},{"damage":5.0,"enemies":"Lagavulin","floor":11.0,"turns":3.0},{"damage":7.0,"enemies":"downfall:FleeingMerchant","floor":12.0,"turns":4.0},{"damage":1.0,"enemies":"Large Slime","floor":15.0,"turns":1.0},{"damage":8.0,"enemies":"DF_ARCHETYPE_STREAMLINE","floor":16.0,"turns":5.0},{"damage":2.0,"enemies":"3 Byrds","floor":19.0,"turns":2.0},{"damage":2.0,"enemies":"Chosen","floor":20.0,"turns":2.0},{"damage":13.0,"enemies":"Snake Plant","floor":25.0,"turns":2.0},{"damage":2.0,"enemies":"Centurion and Healer","floor":27.0,"turns":2.0},{"damage":2.0,"enemies":"Cultist and Chosen","floor":29.0,"turns":2.0},{"damage":5.0,"enemies":"downfall:FleeingMerchant","floor":31.0,"turns":3.0},{"damage":1.0,"enemies":"Snake Plant","floor":32.0,"turns":1.0},{"damage":5.0,"enemies":"IC_MUSHROOM_ARCHETYPE","floor":33.0,"turns":3.0},{"damage":2.0,"enemies":"3 Shapes","floor":36.0,"turns":2.0},{"damage":0.0,"enemies":"Orb Walker","floor":37.0,"turns":1.0},{"damage":4.0,"enemies":"4 Shapes","floor":38.0,"turns":3.0},{"damage":2.0,"enemies":"Sphere and 2 Shapes","floor":39.0,"turns":2.0},{"damage":1.0,"enemies":"Jaw Worm Horde","floor":40.0,"turns":1.0},{"damage":2.0,"enemies":"Jaw Worm Horde","floor":43.0,"turns":2.0},{"damage":1.0,"enemies":"3 Darklings","floor":44.0,"turns":1.0},{"damage":3.0,"enemies":"2 Orb Walkers","floor":45.0,"turns":2.0},{"damage":9,"enemies":"Transient","floor":46,"turns":5},{"damage":2,"enemies":"Jaw Worm Horde","floor":47,"turns":2},{"damage":2,"enemies":"Reptomancer","floor":48,"turns":2},{"damage":3,"enemies":"Writhing Mass","floor":49,"turns":2},{"damage":5,"enemies":"SI_POISON_ARCHETYPE","floor":50,"turns":3},{"damage":4,"enemies":"downfall:CharBossMerchant","floor":52,"turns":3},{"damage":6,"enemies":"downfall:NeowBoss","floor":55,"turns":4},{"damage":10,"enemies":"downfall:NeowBossFinal","floor":56,"turns":2}],"seed_played":"-5112175301533383519","potions_obtained":[{"floor":2.0,"key":"LiquidMemories"},{"floor":3.0,"key":"Guardian:BlockOnCardUsePotion"},{"floor":6.0,"key":"Fire Potion"},{"floor":11.0,"key":"Fire Potion"},{"floor":12.0,"key":"DistilledChaos"},{"floor":12.0,"key":"Block Potion"},{"floor":15.0,"key":"hexamod:EctoCoolerPotion"},{"floor":15.0,"key":"Energy Potion"},{"floor":16.0,"key":"SkillPotion"},{"floor":19.0,"key":"Block Potion"},{"floor":25.0,"key":"LiquidMemories"},{"floor":25.0,"key":"Explosive Potion"},{"floor":31.0,"key":"SneckoOil"},{"floor":31.0,"key":"SteroidPotion"},{"floor":32.0,"key":"DistilledChaos"},{"floor":32.0,"key":"Energy Potion"},{"floor":33.0,"key":"hexamod:EctoCoolerPotion"},{"floor":33.0,"key":"EntropicBrew"},{"floor":36.0,"key":"champ:CounterPotion"},{"floor":36.0,"key":"champ:CounterPotion"},{"floor":37.0,"key":"EntropicBrew"},{"floor":39.0,"key":"Fire Potion"},{"floor":40.0,"key":"Fire Potion"}],"is_trial":false,"path_per_floor":["R","M","M","?","?","M","T","M","?","?","E","$","?","T","M","B",null,"R","M","M","?","?","?","T","M","?","M","?","M","R","$","M","B",null,"R","M","M","M","M","M","T","R","?","M","?","M","M","E","M","B",null,"E","$","R","B","B",null],"character_chosen":"THE_SPIRIT","items_purchased":["MostiFishMod:AdaptiveDefenses","SynthV:C4","GodSword6","Membership Card","hexamod:SoulConsumer","MostiFishMod:MusicBox","Bag of Preparation","hexamod:MatchstickCase","Mummified Hand","Ccalipers","hexamod:InflammatoryLetter","hexamod:JarOfFuel","Ornamental Fan","Boot","SumBook","SSSystem","Centennial Puzzle","Sundial","Bottled Lightning","MagicDraw1"],"campfire_rested":0,"item_purchase_floors":[12,12,30,31,31,31,42,42,42,53,53,53,53,53,53,53,53,53,53,54],"current_hp_per_floor":[77,77,77,56,56,56,56,56,49,49,54,57,57,57,56,68,84,84,84,84,84,84,84,84,71,57,65,65,63,63,68,67,78,96,96,96,96,106,104,106,106,116,114,113,116,195,193,191,188,202,202,198,198,198,202,315],"gold":2,"neow_bonus":"THREE_ENEMY_KILL","is_daily":false,"chose_seed":false,"campfire_upgraded":2,"win_rate":0.0,"timestamp":1611134096,"path_taken":["R","M","M","?","?","?","T","M","?","?","E","$","?","?","M","BOSS","R","M","M","?","?","?","T","M","?","M","?","M","R","$","M","BOSS","R","M","M","M","M","M","T","R","?","M","?","M","?","E","M","BOSS","E","$","R","BOSS","BOSS"],"items_purchased_type":["Relic","Relic","Relic","Relic","Relic","Card","Relic","Relic","Relic","Relic","Relic","Relic","Relic","Relic","Relic","Relic","Relic","Relic","Relic","Relic"],"build_version":"2020-12-22","purchased_purges":5,"victory":true,"max_hp_per_floor":[77,77,77,77,77,77,77,77,77,77,77,77,77,77,77,84,84,84,84,84,84,84,84,84,84,89,89,89,89,89,89,89,96,96,96,96,96,106,106,106,106,116,116,116,116,195,195,195,195,202,202,202,199,199,206,315],"relic_stats":{"Centennial Puzzle":[6],"Happy Flower":[11],"Torii":0,"counters":[32,68],"Mummified Hand":[43],"Ornamental Fan":[20],"Sundial":[2],"StoneCalendar":[0],"Bag of Preparation":[22],"War Paint":[],"Boot":[0],"obtain_stats":[{"hexamod:JarOfFuel":53,"Lantern":27,"DaveBox":0,"Torii":43,"SSSystem":53,"MostiFishMod:AdaptiveDefenses":12,"StoneCalendar":16,"downfall:HeartBlessingGreen":18,"SecretRecord":33,"SoulBox":34,"ice":0,"Bag of Preparation":42,"Ancient Tea Set":11,"Boot":53,"MagicDraw2":7,"SynthV:C4":12,"MagicDraw1":54,"Centennial Puzzle":53,"HornCleat":7,"downfall:HeartBlessingBlue":42,"Mummified Hand":42,"Ccalipers":53,"Sundial":53,"hexamod:SpiritBrand":0,"BirthdayGift-Tetrahedron":0,"SumBook":53,"Potion Belt":24,"MoreBug":37,"downfall:ShatteredFragment":4,"downfall:HeartBlessingRed":18,"Happy Flower":36,"ImprovedEquipment":14,"hexamod:TheBrokenSeal":38,"downfall:HeartsMalice":0,"The Courier":41,"hexamod:InflammatoryLetter":53,"War Paint":48,"ThornShield":45,"Akabeko":14,"hexamod:MatchstickCase":42,"Bottled Flame":24,"hexamod:UnbrokenSoul":17,"Ornamental Fan":53,"GodSword6":30,"Membership Card":31,"hexamod:SoulConsumer":31,"Bottled Lightning":53,"GodSword3":52},{"hexamod:JarOfFuel":30,"Lantern":12,"DaveBox":0,"Torii":22,"SSSystem":30,"MostiFishMod:AdaptiveDefenses":6,"StoneCalendar":8,"downfall:HeartBlessingGreen":8,"SecretRecord":16,"SoulBox":16,"ice":0,"Bag of Preparation":21,"Ancient Tea Set":5,"Boot":30,"MagicDraw2":3,"SynthV:C4":6,"MagicDraw1":30,"Centennial Puzzle":30,"HornCleat":3,"downfall:HeartBlessingBlue":21,"Mummified Hand":21,"Ccalipers":30,"Sundial":30,"hexamod:SpiritBrand":0,"BirthdayGift-Tetrahedron":0,"SumBook":30,"Potion Belt":10,"MoreBug":18,"downfall:ShatteredFragment":2,"downfall:HeartBlessingRed":8,"Happy Flower":17,"ImprovedEquipment":6,"hexamod:TheBrokenSeal":19,"downfall:HeartsMalice":0,"The Courier":21,"hexamod:InflammatoryLetter":30,"War Paint":27,"ThornShield":24,"Akabeko":6,"hexamod:MatchstickCase":21,"Bottled Flame":10,"hexamod:UnbrokenSoul":8,"Ornamental Fan":30,"GodSword6":13,"Membership Card":14,"hexamod:SoulConsumer":14,"Bottled Lightning":30,"GodSword3":30},{"hexamod:JarOfFuel":62,"Lantern":22,"DaveBox":0,"Torii":42,"SSSystem":62,"MostiFishMod:AdaptiveDefenses":8,"StoneCalendar":14,"downfall:HeartBlessingGreen":14,"SecretRecord":31,"SoulBox":31,"ice":0,"Bag of Preparation":40,"Ancient Tea Set":4,"Boot":62,"MagicDraw2":0,"SynthV:C4":8,"MagicDraw1":62,"Centennial Puzzle":62,"HornCleat":0,"downfall:HeartBlessingBlue":40,"Mummified Hand":40,"Ccalipers":62,"Sundial":62,"hexamod:SpiritBrand":0,"BirthdayGift-Tetrahedron":0,"SumBook":62,"Potion Belt":18,"MoreBug":34,"downfall:ShatteredFragment":0,"downfall:HeartBlessingRed":14,"Happy Flower":33,"ImprovedEquipment":8,"hexamod:TheBrokenSeal":37,"downfall:HeartsMalice":0,"The Courier":40,"hexamod:InflammatoryLetter":62,"War Paint":54,"ThornShield":45,"Akabeko":8,"hexamod:MatchstickCase":40,"Bottled Flame":18,"hexamod:UnbrokenSoul":14,"Ornamental Fan":62,"GodSword6":24,"Membership Card":27,"hexamod:SoulConsumer":27,"Bottled Lightning":62,"GodSword3":62}]},"card_choices":[{"not_picked":["hexamod:Firestarter","hexamod:GhostOfSpireFuture"],"picked":"hexamod:SpectersWail","floor":2.0},{"not_picked":["hexamod:BurningTouch","hexamod:ThermalTransfer+1"],"picked":"hexamod:PowerFromBeyond","floor":3.0},{"not_picked":["hexamod:HeatShield","hexamod:GhostflameBarrier"],"picked":"hexamod:SwordOfDarkness","floor":6.0},{"not_picked":["hexamod:Firestarter","hexamod:BacktrackSmack+1"],"picked":"hexamod:NecessarySacrifice","floor":8.0},{"not_picked":["hexamod:Firestarter","hexamod:SuperheatedStrike"],"picked":"hexamod:Hexaguard","floor":11.0},{"not_picked":["hexamod:Again","hexamod:BacktrackSmack+1","hexamod:FastForward"],"picked":"SKIP","floor":11.0},{"not_picked":["hexamod:NightmareGuise","hexamod:GhostShield","hexamod:TurnItUp"],"picked":"SKIP","floor":11.0},{"not_picked":["hexamod:CatchUp","hexamod:NightmareGuise","hexamod:FlamesFromBeyond"],"picked":"SKIP","floor":12.0},{"not_picked":["hexamod:FirstSeal","hexamod:BurningTouch","hexamod:BacktrackSmack+1"],"picked":"SKIP","floor":12.0},{"not_picked":["hexamod:ShieldOfDarkness","hexamod:NightmareGuise","hexamod:Hexaguard"],"picked":"SKIP","floor":15.0},{"not_picked":["hexamod:Again","hexamod:DynamicBlow","hexamod:GhostShield"],"picked":"SKIP","floor":15.0},{"not_picked":["hexamod:TimeWarp","hexamod:UnleashSpirits"],"picked":"hexamod:GiftsFromTheDead","floor":16.0},{"not_picked":["hexamod:Toasty","hexamod:VolcanoVisage"],"picked":"hexamod:SixthSeal","floor":16.0},{"not_picked":["hexamod:FastForward+1","hexamod:GhostShield"],"picked":"hexamod:CatchUp+1","floor":19.0},{"not_picked":["hexamod:FirstSeal","hexamod:InspiringFlames"],"picked":"hexamod:Rewind+1","floor":19.0},{"not_picked":["hexamod:HeatShield","hexamod:SuperheatedStrike+1","hexamod:BurningTouch+1"],"picked":"SKIP","floor":20.0},{"not_picked":["hexamod:InspiringFlames+1","hexamod:Hexaguard+1","hexamod:ShieldOfDarkness"],"picked":"SKIP","floor":20.0},{"not_picked":["hexamod:NightmareGuise","hexamod:SpectralAdrenaline"],"picked":"hexamod:Again+1","floor":25.0},{"not_picked":["hexamod:GhostflameBarrier","hexamod:HeatCrush","hexamod:Again+1"],"picked":"SKIP","floor":27.0},{"not_picked":["hexamod:NightmareGuise","hexamod:EmpoweredFlame+1"],"picked":"hexamod:EtherealExpedition+1","floor":29.0},{"not_picked":["hexamod:HeatMetal+1","hexamod:GhostOfSpirePast","hexamod:Haunt+1"],"picked":"SKIP","floor":29.0},{"not_picked":["hexamod:Firestarter+1","hexamod:Incineration+1"],"picked":"hexamod:NecessarySacrifice+1","floor":31.0},{"not_picked":["hexamod:ShieldOfDarkness+1","hexamod:AdvancingGuard+1","hexamod:BacktrackSmack"],"picked":"SKIP","floor":31.0},{"not_picked":["hexamod:BurningTouch","hexamod:Incineration","hexamod:Haunt"],"picked":"SKIP","floor":32.0},{"not_picked":["hexamod:GiftsFromTheDead","hexamod:GhostflameInferno"],"picked":"hexamod:TimeOfNeed","floor":33.0},{"not_picked":["hexamod:ForkedFlame","hexamod:SixthSeal"],"picked":"hexamod:FifthSeal","floor":33.0},{"not_picked":["hexamod:SecondSeal","hexamod:ThirdSeal","hexamod:FirstSeal"],"picked":"SKIP","floor":36.0},{"not_picked":["hexamod:GhostShield+1","hexamod:SpectralSpark","hexamod:Firestarter+1"],"picked":"SKIP","floor":36.0},{"not_picked":["hexamod:FlamesFromBeyond+1","hexamod:HauntingEcho+1","hexamod:BurningTouch+1"],"picked":"SKIP","floor":37.0},{"not_picked":["hexamod:SuperheatedStrike","hexamod:RecurringNightmare+1","hexamod:InspiringFlames"],"picked":"SKIP","floor":37.0},{"not_picked":["hexamod:FourthSeal","hexamod:SecondSeal","hexamod:SixthSeal"],"picked":"SKIP","floor":38.0},{"not_picked":["hexamod:SecondSeal","hexamod:PhantomFireball+1","hexamod:GhostLash+1"],"picked":"SKIP","floor":38.0},{"not_picked":["hexamod:NightmareGuise","hexamod:HeatMetal+1"],"picked":"hexamod:PowerFromBeyond+1","floor":39.0},{"not_picked":["hexamod:SpectersWail+1","hexamod:GhostLash+1","hexamod:BurningTouch+1"],"picked":"SKIP","floor":40.0},{"not_picked":["hexamod:PhantomCloak+1","hexamod:Haunt+1"],"picked":"hexamod:SoulSteal+1","floor":44.0},{"not_picked":["hexamod:SuperheatedStrike","hexamod:RecurringNightmare","hexamod:FlamesFromBeyond+1"],"picked":"SKIP","floor":46},{"not_picked":["hexamod:NightmareGuise","hexamod:FastForward+1","hexamod:Firestarter+1"],"picked":"SKIP","floor":47},{"not_picked":["hexamod:GhostShield+1","hexamod:HeatMetal"],"picked":"hexamod:FlamesFromBeyond+1","floor":48},{"not_picked":["hexamod:SoulSteal+1","hexamod:FastForward+1"],"picked":"hexamod:DynamicBlow+1","floor":49},{"not_picked":["hexamod:SpectersWail","hexamod:StepThrough","hexamod:GhostLash"],"picked":"SKIP","floor":52}],"player_experience":297844,"relics_obtained":[{"floor":7.0,"key":"HornCleat"},{"floor":7.0,"key":"MagicDraw2"},{"floor":11.0,"key":"Ancient Tea Set"},{"floor":14.0,"key":"Akabeko"},{"floor":14.0,"key":"ImprovedEquipment"},{"floor":16.0,"key":"StoneCalendar"},{"floor":24.0,"key":"Bottled Flame"},{"floor":24.0,"key":"Potion Belt"},{"floor":27.0,"key":"Lantern"},{"floor":33.0,"key":"SecretRecord"},{"floor":36.0,"key":"Happy Flower"},{"floor":37.0,"key":"MoreBug"},{"floor":41.0,"key":"The Courier"},{"floor":43.0,"key":"Torii"},{"floor":45.0,"key":"ThornShield"},{"floor":48,"key":"War Paint"},{"floor":52,"key":"GodSword3"}],"event_choices":[{"damage_healed":0.0,"max_hp_gain":0.0,"max_hp_loss":0.0,"gold_gain":0.0,"event_name":"The Library","player_choice":"Read","floor":22.0,"gold_loss":0.0,"damage_taken":0.0,"cards_obtained":["hexamod:Rewind"]},{"damage_healed":0.0,"max_hp_gain":0.0,"max_hp_loss":0.0,"gold_gain":0.0,"event_name":"Mysterious Sphere","player_choice":"Fight","floor":45.0,"gold_loss":0.0,"damage_taken":0.0}],"is_beta":false,"boss_relics":[{"not_picked":["SlaversCollar","OneHitWonderSystem"],"picked":"hexamod:UnbrokenSoul"},{"not_picked":["TimeKeys","SacredBark"],"picked":"SoulBox"}],"items_purged_floors":[12,30,31,42,53],"is_endless":false,"potions_floor_spawned":[8,11,15,20,25,27,36,38,40,43,45,46,48],"ascension_level":0}}