{"host":"oc9z8cublggqyfxu","time":1611140282,"event":{"mods":["AchievementEnabler","Act Like it!","Aspiration","BaseMod","Colored Map","Colored Powertips","Dota2Spire","Friendly Minions","Gensokyo","GifTheSpireLib","Hallownest","Hermit","Highlight Path","Infinite Spire","KinomotoSakuraMod(木之本樱)","Koishi","Lobotomy","LobotomyExtend","Marisa（F雨　魔理沙）","Minty Spire (QoL Compilation)","Quick Restart","Rare Cards Sparkle","Relic Stats","Remilia（蕾米莉亚）","Replay The Spire","RumiaBox-露米娅的神秘盒子","Spicy Shops","StSLib","The Administrix","The Animator","The Blackbeard","The Bug Knight","The Cursed","The Hierophant","The Mystic","The Runesmith","The Servant 0.9.4","Yakumo Yukari mod","Youmu（魂魄妖梦）","Yuyuko","vexMod","【功能Mod】混沌之环修复补丁","【功能Mod】聪明的最终Boss"],"gold_per_floor":[111,128,128,2,20,20,53,53,76,76,8,34,53,53,53,149,149,167,179,189,13,33,33,50,50,50,50,63,63,63],"floor_reached":29,"language":"ZHS","playtime":1824,"items_purged":["Strike_G","FairyFestival"],"score":292,"play_id":"72f7baf4-b46b-40db-98cd-f8c8efac3a95","local_time":"20210120185802","is_ascension_mode":true,"campfire_choices":[{"data":"Neutralize","floor":6.0,"key":"SMITH"},{"data":"Storm of Steel","floor":10.0,"key":"SMITH"},{"data":"Calculated Gamble","floor":15.0,"key":"SMITH"},{"data":"ReplayTheSpireMod:Scrap Shanks","floor":23.0,"key":"SMITH"},{"data":"Calculated Gamble","floor":27.0,"key":"SMITH"}],"circlet_count":0,"master_deck":["Strike_G","Strike_G","Strike_G","Strike_G","Defend_G","Defend_G","Defend_G","Defend_G","Defend_G","Survivor","Neutralize+1","Deadly Poison","Alriune","Setup","Infinite Blades+1","OSAHOGD","Finisher","Storm of Steel+1","ReplayTheSpireMod:Scrap Shanks+1","FieryBird","Acrobatics","BlackSwan","Concentrate","Calculated Gamble+1","After Image","PunishingBird","Escape Plan","Calculated Gamble+1","SnowQueen"],"relics":["Ring of the Snake","CogitoBucket","RabbitCall","LetterFromLob","Dota2Spire:MaskOfMadness","Replay:Wax Seal","Ancient Tea Set","LuminousBracelet","aspiration:RitualDagger","FleshIdol","Dota2Spire:OrchidMalevolence"],"acts_visited":["Gensokyo:Gensokyo","Gensokyo:Gensokyoer"],"potions_floor_usage":[],"damage_taken":[{"damage":0.0,"enemies":"Gensokyo:3_Fairies","floor":1.0,"turns":4.0},{"damage":7.0,"enemies":"Gensokyo:Gryphon","floor":2.0,"turns":4.0},{"damage":8.0,"enemies":"Gensokyo:2_Kodama","floor":5.0,"turns":3.0},{"damage":2.0,"enemies":"Gensokyo:Aya","floor":7.0,"turns":4.0},{"damage":49.0,"enemies":"Gensokyo:Cirno","floor":12.0,"turns":7.0},{"damage":25.0,"enemies":"Gensokyo:LivingMonolith","floor":13.0,"turns":5.0},{"damage":53.0,"enemies":"Gensokyo:Kokoro","floor":16.0,"turns":5.0},{"damage":44.0,"enemies":"Gensokyo:3_Dogs","floor":18.0,"turns":7.0},{"damage":59.0,"enemies":"Gensokyo:AngelMirror","floor":19.0,"turns":5.0},{"damage":45.0,"enemies":"Gensokyo:Wraith","floor":20.0,"turns":4.0},{"damage":113.0,"enemies":"Gensokyo:Swordslinger","floor":22.0,"turns":6.0},{"damage":70.0,"enemies":"Gensokyo:Monolith_and_Dog","floor":24.0,"turns":4.0},{"damage":61.0,"enemies":"Gensokyo:Chomper_and_Gloop","floor":28.0,"turns":5.0},{"damage":103,"enemies":"Gensokyo:Wraith","floor":29,"turns":5}],"seed_played":"-5946521278725820526","potions_obtained":[{"floor":2.0,"key":"Adrenaline Potion"},{"floor":5.0,"key":"SneckoOil"},{"floor":12.0,"key":"Dota2Spire:HealingSalve"},{"floor":13.0,"key":"FearPotion"},{"floor":19.0,"key":"ColorlessPotion"},{"floor":24.0,"key":"Regen Potion"}],"is_trial":false,"path_per_floor":["M","M","?","$","M","R","E","?","T","R","$","E","M","?","R","B",null,"M","M","M","$","M","R","M","?","T","R","M","M"],"character_chosen":"THE_SILENT","items_purchased":["Infinite Blades+1","ReplayTheSpireMod:Scrap Shanks","Calculated Gamble"],"campfire_rested":0,"item_purchase_floors":[4,11,21],"current_hp_per_floor":[70,63,63,63,55,55,53,53,53,53,53,12,36,36,36,20,85,78,39,11,11,85,85,54,54,54,54,49,0,0],"gold":63,"neow_bonus":"","is_daily":false,"chose_seed":false,"campfire_upgraded":5,"win_rate":0.0,"timestamp":1611140282,"path_taken":["M","M","?","$","M","R","E","?","T","R","?","E","M","?","R","BOSS","M","?","M","?","?","R","M","?","T","R","M","M"],"items_purchased_type":["Card","Card","Card"],"build_version":"2020-12-22","purchased_purges":2,"victory":false,"max_hp_per_floor":[70,70,70,70,70,70,70,70,70,70,70,70,85,85,85,85,85,85,85,85,85,85,85,85,85,85,85,85,85,85],"relic_stats":{"counters":[16,70],"obtain_stats":[{"RabbitCall":0,"Dota2Spire:MaskOfMadness":7,"CogitoBucket":0,"Dota2Spire:OrchidMalevolence":26,"LuminousBracelet":13,"FleshIdol":22,"LetterFromLob":1,"aspiration:RitualDagger":17,"Replay:Wax Seal":9,"Ancient Tea Set":12,"Ring of the Snake":0},{"RabbitCall":0,"Dota2Spire:MaskOfMadness":4,"CogitoBucket":0,"Dota2Spire:OrchidMalevolence":14,"LuminousBracelet":7,"FleshIdol":13,"LetterFromLob":1,"aspiration:RitualDagger":8,"Replay:Wax Seal":4,"Ancient Tea Set":5,"Ring of the Snake":0},{"RabbitCall":0,"Dota2Spire:MaskOfMadness":15,"CogitoBucket":0,"Dota2Spire:OrchidMalevolence":60,"LuminousBracelet":28,"FleshIdol":56,"LetterFromLob":4,"aspiration:RitualDagger":33,"Replay:Wax Seal":15,"Ancient Tea Set":22,"Ring of the Snake":0}],"Ring of the Snake":[32]},"card_choices":[{"not_picked":["Acrobatics","Dash"],"picked":"Deadly Poison","floor":1.0},{"not_picked":["MHz","CherryBlossoms","WallGazer"],"picked":"Singing Bowl","floor":1.0},{"not_picked":["NakedNest","Bloodbath"],"picked":"Alriune","floor":2.0},{"not_picked":["Cloak And Dagger","Deflect"],"picked":"Setup","floor":2.0},{"not_picked":["CherryBlossoms","WallGazer"],"picked":"OSAHOGD","floor":5.0},{"not_picked":["Riddle With Holes","Escape Plan"],"picked":"Finisher","floor":5.0},{"not_picked":["VoidDream","BigBird","NakedNest"],"picked":"Singing Bowl","floor":7.0},{"not_picked":["BeautyBeast","LittleHelper"],"picked":"FairyFestival","floor":7.0},{"not_picked":["PiercingWail","Dagger Spray"],"picked":"Storm of Steel","floor":7.0},{"not_picked":["MHz","CherryBlossoms"],"picked":"FieryBird","floor":12.0},{"not_picked":["Slice","Die Die Die"],"picked":"Acrobatics","floor":12.0},{"not_picked":["CherryBlossoms","Yin","Bloodbath"],"picked":"Singing Bowl","floor":13.0},{"not_picked":["MeatLantern","Laetitia"],"picked":"BlackSwan","floor":13.0},{"not_picked":["Cloak And Dagger","Well Laid Plans"],"picked":"Concentrate","floor":13.0},{"not_picked":["Outmaneuver","Flying Knee"],"picked":"Calculated Gamble","floor":14.0},{"not_picked":["CherryBlossoms","MeatLantern","Scorched"],"picked":"Singing Bowl","floor":16.0},{"not_picked":["CherryBlossoms","SpiderBud"],"picked":"BigBird","floor":16.0},{"not_picked":["Grand Finale","aspiration:Lunge"],"picked":"After Image","floor":16.0},{"not_picked":["Wellcheers","Freischutz","CherryBlossoms"],"picked":"Singing Bowl","floor":18.0},{"not_picked":["MeatLantern","OldLady"],"picked":"PunishingBird","floor":18.0},{"not_picked":["ReplayTheSpireMod:Exploit Weakness+1","Backflip"],"picked":"Escape Plan","floor":18.0},{"not_picked":["HappyTeddy","Wellcheers","UniverseFragment"],"picked":"Singing Bowl","floor":19.0},{"not_picked":["ReplayTheSpireMod:Tripwire+1","Terror","All Out Attack"],"picked":"SKIP","floor":19.0},{"not_picked":["SingingMachine","CherryBlossoms","Wellcheers"],"picked":"Singing Bowl","floor":20.0},{"not_picked":["Bane+1","Dagger Throw","Flechettes"],"picked":"SKIP","floor":20.0},{"not_picked":["Scorched","MHz","Rudolta"],"picked":"Singing Bowl","floor":22.0},{"not_picked":["OldLady","Wellcheers"],"picked":"SnowQueen","floor":22.0},{"not_picked":["Leg Sweep","Flying Knee","Dagger Spray+1"],"picked":"SKIP","floor":22.0},{"not_picked":["LaLuna","BodiesMountain","Wellcheers"],"picked":"Singing Bowl","floor":24.0},{"not_picked":["Toxin Wave","Flying Knee","Cloak And Dagger+1"],"picked":"SKIP","floor":24.0},{"not_picked":["SpiderBud","HappyTeddy","BlackArmy"],"picked":"Singing Bowl","floor":28.0},{"not_picked":["Leg Sweep+1","Finisher","Bane"],"picked":"SKIP","floor":28.0}],"player_experience":348562,"relics_obtained":[{"floor":1.0,"key":"LetterFromLob"},{"floor":7.0,"key":"Dota2Spire:MaskOfMadness"},{"floor":9.0,"key":"Replay:Wax Seal"},{"floor":12.0,"key":"Ancient Tea Set"},{"floor":26.0,"key":"Dota2Spire:OrchidMalevolence"}],"event_choices":[],"is_beta":false,"boss_relics":[{"not_picked":["Astrolabe","Ectoplasm"],"picked":"aspiration:RitualDagger"}],"items_purged_floors":[4,21],"is_endless":false,"potions_floor_spawned":[2,5,12,13,19,24],"killed_by":"Gensokyo:Wraith","ascension_level":3}}