{"host":"4rvakrj1idbgia3f","time":1611134861,"event":{"mods":["BaseMod","Colored Map","Colored Powertips","DeckTracker","Highlight Path","Minty Spire (QoL Compilation)","Random Character Button","StSLib","The Marked"],"gold_per_floor":[113,113,113,127,147,147,160,191,215,236,236,236,266,276,276,375,375,390,408,408,149,149,49,49,66,66,86,86,100,100,128,128,228,228,246,296,296,316,226,226,3,33,60,60,60,80,0,26,26,26,26,26,26,53,53,53],"floor_reached":55,"language":"JPN","playtime":3435,"items_purged":["theMarked:Defend","theMarked:Strike","theMarked:Defend"],"score":849,"play_id":"1c056b7a-ba7d-449e-933d-35ba24a421ad","local_time":"20210120182741","is_ascension_mode":true,"campfire_choices":[{"data":"theMarked:SoldierOfQuellstein","floor":6.0,"key":"SMITH"},{"data":"theMarked:MysticalArsenal","floor":12.0,"key":"SMITH"},{"data":"theMarked:Challenge","floor":15.0,"key":"SMITH"},{"data":"theMarked:MuscleMemory","floor":24.0,"key":"SMITH"},{"data":"theMarked:Indomitable","floor":28,"key":"SMITH"},{"data":"theMarked:Abjuration","floor":30,"key":"SMITH"},{"data":"theMarked:SummonStrength","floor":32,"key":"SMITH"},{"data":"theMarked:Electrify","floor":40,"key":"SMITH"},{"data":"theMarked:WardOff","floor":45,"key":"SMITH"},{"floor":49,"key":"RECALL"},{"data":"theMarked:WardOff","floor":52,"key":"SMITH"}],"circlet_count":0,"master_deck":["theMarked:Strike+1","theMarked:Strike","theMarked:Defend","theMarked:SoldierOfQuellstein+1","theMarked:Electrify+1","theMarked:Static","theMarked:ReduceFriction","theMarked:Challenge+1","theMarked:Opportunist","theMarked:MysticalArsenal+1","theMarked:Abjuration+1","theMarked:RepellingDischarge","theMarked:MuscleMemory+1","theMarked:Indomitable+1","theMarked:RepellingDischarge","theMarked:Convert","theMarked:SummonStrength+1","theMarked:WardOff+1","theMarked:ShockingTouch","theMarked:PowerFlow","theMarked:WardOff+1","Flash of Steel","theMarked:Polarize+1","theMarked:Aftermath","theMarked:SummonStrength"],"relics":["theMarked:ArtifactOfAir","NeowsBlessing","Anchor","Happy Flower","Odd Mushroom","MealTicket","Coffee Dripper","Pen Nib","The Courier","Akabeko","Empty Cage","Peace Pipe","Medical Kit","Question Card","Red Mask","PreservedInsect","Lantern"],"acts_visited":["Exordium","TheCity","TheBeyond","TheEnding"],"potions_floor_usage":[27,42,50,50,55,55],"damage_taken":[{"damage":0.0,"enemies":"Cultist","floor":1.0,"turns":1.0},{"damage":0.0,"enemies":"2 Louse","floor":4.0,"turns":1.0},{"damage":0.0,"enemies":"Small Slimes","floor":5.0,"turns":1.0},{"damage":3.0,"enemies":"3 Louse","floor":7.0,"turns":5.0},{"damage":19.0,"enemies":"Gremlin Nob","floor":8.0,"turns":4.0},{"damage":0.0,"enemies":"The Mushroom Lair","floor":10.0,"turns":4.0},{"damage":4.0,"enemies":"3 Sentries","floor":13.0,"turns":5.0},{"damage":8.0,"enemies":"Lots of Slimes","floor":14.0,"turns":4.0},{"damage":4.0,"enemies":"The Guardian","floor":16.0,"turns":7.0},{"damage":16.0,"enemies":"Spheric Guardian","floor":18.0,"turns":4.0},{"damage":1.0,"enemies":"2 Thieves","floor":19.0,"turns":4.0},{"damage":0,"enemies":"Centurion and Healer","floor":25,"turns":4},{"damage":5,"enemies":"Shelled Parasite and Fungi","floor":27,"turns":4},{"damage":0,"enemies":"Snecko","floor":29,"turns":4},{"damage":20,"enemies":"Slavers","floor":31,"turns":5},{"damage":22,"enemies":"Automaton","floor":33,"turns":7},{"damage":19,"enemies":"3 Darklings","floor":35,"turns":4},{"damage":0,"enemies":"Mind Bloom Boss Battle","floor":36,"turns":3},{"damage":0,"enemies":"Orb Walker","floor":38,"turns":3},{"damage":32,"enemies":"Nemesis","floor":42,"turns":5},{"damage":0,"enemies":"Transient","floor":46,"turns":5},{"damage":0,"enemies":"Giant Head","floor":48,"turns":6},{"damage":44,"enemies":"Donu and Deca","floor":50,"turns":7},{"damage":61,"enemies":"Shield and Spear","floor":54,"turns":5},{"damage":63,"enemies":"The Heart","floor":55,"turns":3}],"seed_played":"-4010250497317156068","potions_obtained":[{"floor":1.0,"key":"Fire Potion"},{"floor":5.0,"key":"SkillPotion"},{"floor":13.0,"key":"SkillPotion"},{"floor":14.0,"key":"PowerPotion"},{"floor":16.0,"key":"Explosive Potion"},{"floor":18.0,"key":"theMarked:SummonPotion"},{"floor":27,"key":"Fruit Juice"},{"floor":33,"key":"Swift Potion"},{"floor":48,"key":"SkillPotion"},{"floor":54,"key":"Block Potion"}],"is_trial":false,"path_per_floor":["M","?","?","M","M","R","M","E","T","?","?","R","E","M","R","B",null,"M","M","?","$","?","$","R","M","T","M","R","M","R","E","R","B",null,"M","?","?","M","?","R","$","E","T","?","R","M","?","E","R","B",null,"R","$","E","B"],"character_chosen":"THE_DEFAULT","items_purchased":["theMarked:Indomitable","Pen Nib","Medical Kit"],"campfire_rested":0,"item_purchase_floors":[21,21,41],"current_hp_per_floor":[70,75,75,75,75,75,72,53,53,53,46,46,42,34,34,30,75,59,58,44,59,59,74,74,74,74,74,74,74,74,54,54,32,85,66,66,66,66,66,66,81,49,49,49,49,49,49,49,49,5,85,85,85,24,0,0],"gold":53,"neow_bonus":"THREE_ENEMY_KILL","is_daily":false,"chose_seed":false,"campfire_upgraded":10,"win_rate":0.0,"timestamp":1611134861,"path_taken":["M","?","?","M","M","R","M","E","T","?","?","R","E","M","R","BOSS","M","?","?","$","?","?","R","M","T","M","R","?","R","E","R","BOSS","M","?","?","?","?","R","?","E","T","?","R","M","?","E","R","BOSS","R","$","E","BOSS"],"items_purchased_type":["Card","Relic","Relic"],"build_version":"2020-12-22","purchased_purges":3,"victory":false,"max_hp_per_floor":[70,75,75,75,75,75,75,75,75,75,75,75,75,75,75,75,75,75,75,80,80,80,80,80,80,80,85,85,85,85,85,85,85,85,85,85,85,85,85,85,85,85,85,85,85,85,85,85,85,85,85,85,85,85,85,85],"card_choices":[{"not_picked":["theMarked:LightningStrikesTwice","theMarked:ResourceFulStrike"],"picked":"theMarked:Electrify","floor":1.0},{"not_picked":["theMarked:MysticalArsenal","theMarked:ChainLightning"],"picked":"theMarked:Static","floor":4.0},{"not_picked":["theMarked:Static","theMarked:TunnelVision"],"picked":"theMarked:ReduceFriction","floor":5.0},{"not_picked":["theMarked:WardOff","theMarked:TwofoldDefense"],"picked":"theMarked:Challenge","floor":7.0},{"not_picked":["theMarked:WastefulDefense","theMarked:KeepCalmAndFightOn"],"picked":"theMarked:Opportunist","floor":8.0},{"not_picked":["theMarked:Frustration","theMarked:KeepCalmAndFightOn"],"picked":"theMarked:MysticalArsenal","floor":10.0},{"not_picked":["theMarked:EmpowerWeapon","theMarked:ElementalBlade"],"picked":"theMarked:Abjuration","floor":13.0},{"not_picked":["theMarked:WastefulDefense","theMarked:ResourceFulStrike"],"picked":"theMarked:RepellingDischarge","floor":14.0},{"not_picked":["theMarked:BindingBlade","theMarked:TakeOffHeels"],"picked":"theMarked:MuscleMemory","floor":16.0},{"not_picked":["theMarked:ResourceFulStrike","theMarked:EmpowerWeapon","theMarked:SwordAndMagic"],"picked":"SKIP","floor":18.0},{"not_picked":["theMarked:WastefulAttack","theMarked:ElectricStrings+1","theMarked:EmpowerWeapon+1"],"picked":"SKIP","floor":19.0},{"not_picked":["theMarked:ElementalBlade","theMarked:SwordAndMagic"],"picked":"theMarked:RepellingDischarge","floor":25},{"not_picked":["theMarked:HeightenedSenses","theMarked:TwofoldDefense"],"picked":"theMarked:Convert","floor":27},{"not_picked":["theMarked:SwordAndMagic","theMarked:AttractMetal"],"picked":"theMarked:SummonStrength","floor":29},{"not_picked":["theMarked:Electrify","theMarked:KeepCalmAndFightOn"],"picked":"theMarked:WardOff","floor":31},{"not_picked":["theMarked:LightningStrikesTwice+1","theMarked:ReduceFriction"],"picked":"theMarked:ShockingTouch","floor":35},{"not_picked":["theMarked:WastefulDefense","theMarked:Convert"],"picked":"theMarked:PowerFlow","floor":36},{"not_picked":["theMarked:Aftermath","theMarked:BanishingStrike","theMarked:TwofoldDefense"],"picked":"SKIP","floor":38},{"not_picked":["theMarked:BanishingStrike","theMarked:WastefulDefense"],"picked":"theMarked:WardOff","floor":42},{"not_picked":["Violence","Sadistic Nature","Deep Breath"],"picked":"Flash of Steel","floor":44},{"not_picked":["theMarked:CreepingChasm+1","theMarked:ResourceFulStrike","theMarked:Frustration"],"picked":"theMarked:Polarize+1","floor":46},{"not_picked":["theMarked:KeepCalmAndFightOn","theMarked:Parkour+1","theMarked:HeightenedSenses+1"],"picked":"theMarked:Aftermath","floor":48},{"not_picked":["theMarked:EmpowerWeapon+1","theMarked:SwordAndMagic","theMarked:TakeCover+1"],"picked":"theMarked:SummonStrength","floor":54}],"player_experience":2061360,"relics_obtained":[{"floor":8.0,"key":"Anchor"},{"floor":9.0,"key":"Happy Flower"},{"floor":10.0,"key":"Odd Mushroom"},{"floor":13.0,"key":"MealTicket"},{"floor":26,"key":"The Courier"},{"floor":31,"key":"Akabeko"},{"floor":36,"key":"Peace Pipe"},{"floor":42,"key":"Question Card"},{"floor":48,"key":"PreservedInsect"},{"floor":54,"key":"Lantern"}],"event_choices":[{"damage_healed":0.0,"max_hp_gain":5.0,"max_hp_loss":0.0,"gold_gain":0.0,"event_name":"Big Fish","player_choice":"Donut","floor":2.0,"gold_loss":0.0,"damage_taken":0.0},{"damage_healed":0.0,"max_hp_gain":0.0,"max_hp_loss":0.0,"gold_gain":0.0,"event_name":"Liars Game","player_choice":"Ignored","floor":3.0,"gold_loss":0.0,"damage_taken":0.0},{"damage_healed":0.0,"max_hp_gain":0.0,"max_hp_loss":0.0,"gold_gain":0.0,"event_name":"Mushrooms","player_choice":"Fought Mushrooms","floor":10.0,"gold_loss":0.0,"damage_taken":0.0},{"damage_healed":0.0,"max_hp_gain":0.0,"max_hp_loss":0.0,"gold_gain":0.0,"event_name":"Wheel of Change","player_choice":"Damaged","floor":11.0,"gold_loss":0.0,"damage_taken":7.0},{"damage_healed":0.0,"max_hp_gain":5.0,"max_hp_loss":0.0,"gold_gain":0.0,"event_name":"Forgotten Altar","player_choice":"Shed Blood","floor":20.0,"gold_loss":0.0,"damage_taken":19.0},{"damage_healed":0.0,"max_hp_gain":0.0,"max_hp_loss":0.0,"gold_gain":0.0,"event_name":"Ghosts","player_choice":"Ignored","floor":22.0,"gold_loss":0.0,"damage_taken":0.0},{"damage_healed":0,"gold_gain":0,"player_choice":"Fight","damage_taken":0,"max_hp_gain":0,"max_hp_loss":0,"event_name":"MindBloom","floor":36,"gold_loss":0},{"damage_healed":0,"gold_gain":0,"cards_transformed":["theMarked:Strike"],"player_choice":"Transformed","damage_taken":0,"max_hp_gain":0,"max_hp_loss":0,"event_name":"Transmorgrifier","floor":37,"gold_loss":0,"cards_obtained":["theMarked:ElementalBlade"]},{"cards_removed":["theMarked:ElementalBlade"],"damage_healed":0,"gold_gain":0,"player_choice":"Upgrade and Remove","damage_taken":0,"max_hp_gain":0,"max_hp_loss":0,"event_name":"Designer","floor":39,"gold_loss":90,"cards_upgraded":["theMarked:Strike"]},{"damage_healed":0,"gold_gain":0,"player_choice":"Memory 1","damage_taken":0,"max_hp_gain":0,"max_hp_loss":0,"event_name":"SensoryStone","floor":44,"gold_loss":0},{"damage_healed":0,"gold_gain":0,"player_choice":"Paid","damage_taken":0,"relics_obtained":["Red Mask"],"max_hp_gain":0,"max_hp_loss":0,"event_name":"Tomb of Lord Red Mask","floor":47,"gold_loss":80}],"is_beta":false,"boss_relics":[{"not_picked":["Busted Crown","theMarked:Eyepatch"],"picked":"Coffee Dripper"},{"not_picked":["Fusion Hammer","Velvet Choker"],"picked":"Empty Cage"}],"items_purged_floors":[21,23,41],"is_endless":false,"potions_floor_spawned":[1,5,13,14,16,18,27,33,35,48,54],"killed_by":"The Heart","ascension_level":2}}