{"host":"iphsb0ccnjx0pfn6","time":1611104621,"event":{"mods":["2.2 Compatiblity","AchievementEnabler","BaseMod","Colored Map","DeckTracker","Keyboard Shortcuts","Minty Spire (QoL Compilation)","Permanent Neow","Quick Restart","Relic Stats","StSLib","SuperFastMode","Uncapped","everything is the same but u backflip on backflip"],"gold_per_floor":[19,38,38,52,23,57,57,96,122,122,140,140,165,179,179,179,179],"floor_reached":16,"language":"KOR","playtime":398,"items_purged":[],"score":224,"play_id":"50340924-1058-434c-bf6a-6c68bb0eff9e","local_time":"20210120100341","is_ascension_mode":true,"campfire_choices":[{"floor":7.0,"key":"REST"},{"data":"Acrobatics","floor":10.0,"key":"SMITH"},{"floor":12.0,"key":"REST"},{"floor":15.0,"key":"REST"}],"circlet_count":0,"master_deck":["AscendersBane","Strike_G","Strike_G","Strike_G","Strike_G","Strike_G","Defend_G","Defend_G","Defend_G","Defend_G","Defend_G","Survivor","Neutralize","Grand Finale","Acrobatics+1","Flechettes","Backflip","Dagger Spray","Acrobatics","Acrobatics","Well Laid Plans","Escape Plan","Well Laid Plans","Calculated Gamble"],"relics":["Ring of the Snake","Golden Idol","Dream Catcher","Blood Vial","Boot"],"acts_visited":["Exordium"],"potions_floor_usage":[],"damage_taken":[{"damage":13.0,"enemies":"Small Slimes","floor":1.0,"turns":5.0},{"damage":0.0,"enemies":"2 Louse","floor":2.0,"turns":3.0},{"damage":11.0,"enemies":"Jaw Worm","floor":4.0,"turns":7.0},{"damage":30.0,"enemies":"3 Sentries","floor":6.0,"turns":7.0},{"damage":12.0,"enemies":"Lagavulin","floor":8.0,"turns":6.0},{"damage":7.0,"enemies":"3 Louse","floor":11.0,"turns":4.0},{"damage":7.0,"enemies":"Lots of Slimes","floor":13.0,"turns":3.0},{"damage":14.0,"enemies":"Large Slime","floor":14.0,"turns":6.0},{"damage":0,"enemies":"The Guardian","floor":16,"turns":1}],"seed_played":"-322609532482848700","potions_obtained":[{"floor":1.0,"key":"Weak Potion"},{"floor":4.0,"key":"EssenceOfSteel"}],"is_trial":false,"path_per_floor":["M","M","?","M","$","E","R","E","T","R","M","R","M","M","R","B"],"character_chosen":"THE_SILENT","items_purchased":["Dagger Spray"],"campfire_rested":3,"item_purchase_floors":[5],"current_hp_per_floor":[46,46,46,35,35,5,23,11,11,11,6,24,19,7,25,27,27],"gold":179,"neow_bonus":"THREE_RARE_CARDS","is_daily":false,"chose_seed":false,"campfire_upgraded":1,"win_rate":0.0,"timestamp":1611104621,"path_taken":["M","M","?","M","$","E","R","E","T","R","M","R","M","M","R","BOSS"],"items_purchased_type":["Card"],"build_version":"2020-12-22","purchased_purges":0,"victory":false,"max_hp_per_floor":[66,66,60,60,60,60,60,60,60,60,60,60,60,60,60,60,60],"relic_stats":{"Blood Vial":8,"Dream Catcher":3,"counters":[9,42],"Golden Idol":30,"Boot":[38],"obtain_stats":[{"Blood Vial":8,"Dream Catcher":6,"Golden Idol":3,"Boot":9,"Ring of the Snake":0},{"Blood Vial":5,"Dream Catcher":4,"Golden Idol":2,"Boot":5,"Ring of the Snake":0},{"Blood Vial":28,"Dream Catcher":22,"Golden Idol":8,"Boot":28,"Ring of the Snake":0}],"Ring of the Snake":[18]},"card_choices":[{"not_picked":["Tools of the Trade","Die Die Die"],"picked":"Grand Finale","floor":0.0},{"not_picked":["All Out Attack","Deadly Poison"],"picked":"Acrobatics","floor":1.0},{"not_picked":["Backstab","Flying Knee"],"picked":"Flechettes","floor":2.0},{"not_picked":["Sucker Punch","Dagger Spray"],"picked":"Backflip","floor":4.0},{"not_picked":["Bane","Sucker Punch"],"picked":"Acrobatics","floor":6.0},{"not_picked":["Setup","Deflect"],"picked":"Acrobatics","floor":7.0},{"not_picked":["Dash","Doppelganger","Deflect"],"picked":"SKIP","floor":8.0},{"not_picked":["Outmaneuver","Predator"],"picked":"Well Laid Plans","floor":11.0},{"not_picked":["Slice","Masterful Stab"],"picked":"Escape Plan","floor":12.0},{"not_picked":["Dodge and Roll","Bane"],"picked":"Well Laid Plans","floor":13.0},{"not_picked":["PiercingWail","Flechettes"],"picked":"Calculated Gamble","floor":14.0}],"player_experience":1265772,"relics_obtained":[{"floor":6.0,"key":"Dream Catcher"},{"floor":8.0,"key":"Blood Vial"},{"floor":9.0,"key":"Boot"}],"event_choices":[{"damage_healed":0.0,"max_hp_gain":0.0,"max_hp_loss":6.0,"gold_gain":0.0,"event_name":"Golden Idol","player_choice":"Lose Max HP","floor":3.0,"gold_loss":0.0,"damage_taken":0.0,"relics_obtained":["Golden Idol"]}],"is_beta":false,"boss_relics":[],"items_purged_floors":[],"is_endless":false,"potions_floor_spawned":[1,4,6,8],"killed_by":"The Guardian","ascension_level":20}}