{"host":"wj6vwlg8bkoql3lv","time":1611170066,"event":{"mods":["BaseMod","Colored Map","Friendly Minions","Hermit","Hubris","Infinite Spire","JesterMod","Jorbs\u0027s Wanderer Trilogy","Marisa????????","Minty Spire (QoL Compilation)","Replay The Spire","Shade Mod","StSLib","The Blue Laboratory","The Bug Knight","The Cursed","The Disciple","The Gatherer","The Hierophant","The Jungle","The Marked","The Mystic","The Runesmith","The Senshi","The Servant 0.9.4"],"gold_per_floor":[118,134,134,134,152,187,19,19,19,32,59,134,150,160,160,256,256,267,0,0,14,14,14,34,34,34,69,83,83,46,65,65,166,166,132,132,132,132,132,164,183,199,199,212,212,223,248,267,267,267],"floor_reached":51,"language":"ENG","playtime":6703,"items_purged":["HollowMod:NailStrikeStart"],"score":729,"play_id":"6e4f8c22-785e-4bbc-bb50-52c38cc03297","local_time":"20210120191426","is_ascension_mode":false,"campfire_choices":[{"data":"Apotheosis","floor":8,"key":"SMITH"},{"floor":15,"key":"REST"},{"data":"infinitespire:Starlight","floor":23,"key":"SMITH"},{"data":"infinitespire:Gouge","floor":25,"key":"SMITH"},{"floor":32,"key":"DIG"},{"floor":45,"key":"DIG"},{"floor":49,"key":"DIG"}],"circlet_count":0,"master_deck":["HollowMod:NailStrikeStart","HollowMod:NailStrikeStart","HollowMod:QuickDashStart","HollowMod:QuickDashStart","HollowMod:QuickDashStart","HollowMod:QuickDashStart","HollowMod:FocusHealStart","HollowMod:PogoStrike","HollowMod:CycloneSlash","HollowMod:HowlingWraiths","HollowMod:MantisMark","Apotheosis+1","HollowMod:HeavyBlow","HollowMod:SoulStrike","HollowMod:HowlingWraiths","HollowMod:Hiveblood","HollowMod:SoulSplash","HollowMod:NewLastStag","HollowMod:RecoilStrike+1","infinitespire:Gouge+1","infinitespire:Starlight+1","HollowMod:DoubleDash+1","HollowMod:Grubsong","HollowMod:MantisMark","HollowMod:DoubleDash","HollowMod:DoubleDash","HollowMod:HeavyBlow+1","HollowMod:ElderbugsWisdom","HollowMod:CycloneSlash","infinitespire:DeathsTouch","HollowMod:CornifersMapStart+1","HollowMod:FallenFury","HollowMod:SiblingsSouls","HollowMod:CloakDash+1","HollowMod:SharpenedNail+1","HollowMod:MonarchWings+1","HollowMod:DesolateDive"],"relics":["HollowMod:VesselMask","StoneCalendar","Shuriken","Toy Ornithopter","SacredBark","hubris:Icosahedron","HollowMod:LumaflyLanternRelic","Shovel","Orichalcum","Bottled Tornado","Philosopher\u0027s Stone","hubris:Towel","Replay:Towering Pillar of Hats","Runesmith:Locket","Replay:Baseball","Mirror","theSenshi:FeatherClipsRelic"],"acts_visited":["Exordium","TheCity","TheBeyond"],"potions_floor_usage":[6,6,16,31,33,40,42,50,50],"damage_taken":[{"damage":0,"enemies":"2 Louse","floor":1,"turns":3},{"damage":1,"enemies":"Jaw Worm","floor":2,"turns":3},{"damage":1,"enemies":"Cultist","floor":5,"turns":3},{"damage":34,"enemies":"Lagavulin","floor":6,"turns":7},{"damage":2,"enemies":"Lots of Slimes","floor":10,"turns":3},{"damage":11,"enemies":"Exordium Thugs","floor":13,"turns":3},{"damage":0,"enemies":"Large Slime","floor":14,"turns":5},{"damage":39,"enemies":"Hexaghost","floor":16,"turns":9},{"damage":28,"enemies":"3 Byrds","floor":18,"turns":4},{"damage":13,"enemies":"Shell Parasite","floor":21,"turns":7},{"damage":32,"enemies":"Chosen and Byrds","floor":24,"turns":5},{"damage":19,"enemies":"Book of Stabbing","floor":27,"turns":6},{"damage":1,"enemies":"Cultist and Chosen","floor":28,"turns":4},{"damage":11,"enemies":"Snake Plant","floor":31,"turns":3},{"damage":50,"enemies":"Champ","floor":33,"turns":7},{"damage":25,"enemies":"Orb Walker","floor":35,"turns":5},{"damage":54,"enemies":"Giant Head","floor":40,"turns":8},{"damage":20,"enemies":"3 Shapes","floor":41,"turns":3},{"damage":0,"enemies":"Writhing Mass","floor":42,"turns":4},{"damage":12,"enemies":"Sphere and 2 Shapes","floor":44,"turns":4},{"damage":0,"enemies":"Transient","floor":46,"turns":5},{"damage":6,"enemies":"Nemesis","floor":47,"turns":6},{"damage":12,"enemies":"4 Shapes","floor":48,"turns":4},{"damage":67,"enemies":"Time Eater","floor":50,"turns":7}],"seed_played":"630530125169988562","potions_obtained":[{"floor":1,"key":"blueLaboratory:PolymorphPotion"},{"floor":4,"key":"blueLaboratory:SavagePotion"},{"floor":4,"key":"AttackPotion"},{"floor":4,"key":"blueLaboratory:FruitPreserves"},{"floor":14,"key":"BlessingOfTheForge"},{"floor":27,"key":"blueLaboratory:BottleOfRum"},{"floor":28,"key":"Fire Potion"},{"floor":31,"key":"blueLaboratory:LouseDecoction"},{"floor":35,"key":"blueLaboratory:BubblePotion"},{"floor":41,"key":"blueLaboratory:RecallPotion"},{"floor":42,"key":"blueLaboratory:SavagePotion"},{"floor":48,"key":"Strength Potion"}],"is_trial":false,"path_per_floor":["M","M","?","?","M","E","$","R","T","M","T","?","M","M","R","B",null,"M","?","?","M","AVR","R","M","R","T","E","M","T","$","M","R","B",null,"M","?","?","?","T","E","M","M","T","M","R","M","E","M","R","B",null],"character_chosen":"THE_BUGKNIGHT","items_purchased":["Apotheosis","HollowMod:DoubleDash"],"campfire_rested":1,"item_purchase_floors":[7,30],"current_hp_per_floor":[82,81,81,81,80,46,46,46,46,44,44,36,31,37,61,33,82,54,54,54,51,51,51,47,47,47,53,73,73,73,67,67,65,82,81,81,81,61,61,49,35,61,61,70,70,82,76,70,70,34],"gold":267,"neow_bonus":"TEN_PERCENT_HP_BONUS","is_daily":false,"chose_seed":false,"campfire_upgraded":3,"win_rate":0.0,"timestamp":1611170066,"path_taken":["M","M","?","?","?","E","?","R","T","M","?","?","?","?","R","BOSS","M","?","?","?","AVR","R","M","R","T","E","M","?","$","?","R","BOSS","M","?","?","?","?","E","M","M","T","M","R","?","E","M","R","BOSS"],"items_purchased_type":["Card","Card"],"build_version":"2020-12-22","purchased_purges":1,"victory":true,"max_hp_per_floor":[82,82,82,82,82,82,82,82,82,82,82,82,82,82,82,82,82,82,82,82,82,82,82,82,82,82,82,82,82,82,82,82,82,82,82,82,82,82,82,82,82,82,82,82,82,82,82,82,82,82],"card_choices":[{"not_picked":["HollowMod:LifebloodCocoon","HollowMod:BrokenVessel"],"picked":"HollowMod:CycloneSlash","floor":1},{"not_picked":["HollowMod:HornetsHelp","HollowMod:DoubleDash"],"picked":"HollowMod:HowlingWraiths","floor":2},{"not_picked":["HollowMod:GrimmsGift","HollowMod:DesolateDive"],"picked":"HollowMod:MantisMark","floor":5},{"not_picked":["HollowMod:InfectedAttack","HollowMod:TaintedHusks","HollowMod:BrokenVessel"],"picked":"SKIP","floor":6},{"not_picked":["HollowMod:WraithStrike","HollowMod:InfectedCysts"],"picked":"HollowMod:HeavyBlow","floor":10},{"not_picked":["HollowMod:HeavyBlow","HollowMod:BrokenVessel"],"picked":"HollowMod:SoulStrike","floor":13},{"not_picked":["HollowMod:ShadowDash","HollowMod:Grubsong"],"picked":"HollowMod:HowlingWraiths","floor":14},{"not_picked":["HollowMod:VoidDash","HollowMod:NewInfectedGuardian"],"picked":"HollowMod:Hiveblood","floor":16},{"not_picked":["HollowMod:CornifersMapStart","HollowMod:DescendingDark"],"picked":"HollowMod:SoulSplash","floor":18},{"not_picked":["HollowMod:ShadowDash","HollowMod:PerfectDash"],"picked":"HollowMod:RecoilStrike+1","floor":21},{"not_picked":["HollowMod:NewJinnsSoul","HollowMod:PerfectDash"],"picked":"HollowMod:DoubleDash+1","floor":24},{"not_picked":["HollowMod:WraithStrike+1","HollowMod:InfectedAttack"],"picked":"HollowMod:Grubsong","floor":27},{"not_picked":["HollowMod:DescendingDark","HollowMod:ZotesMagnificence"],"picked":"HollowMod:MantisMark","floor":28},{"not_picked":["HollowMod:HowlingWraiths","HollowMod:SharpenedNail"],"picked":"HollowMod:HeavyBlow+1","floor":31},{"not_picked":["HollowMod:theNailsmith","HollowMod:NewInfectedGuardian"],"picked":"HollowMod:ElderbugsWisdom","floor":33},{"not_picked":["HollowMod:MothsMistake","HollowMod:HowlingWraiths+1"],"picked":"HollowMod:CycloneSlash","floor":35},{"not_picked":["ReplayTheSpireMod:Chaos Vortex","hubris:Rewind"],"picked":"infinitespire:DeathsTouch","floor":38},{"not_picked":["HollowMod:SharpenedShadows+1","HollowMod:NewJinnsSoul"],"picked":"HollowMod:CornifersMapStart+1","floor":40},{"not_picked":["HollowMod:NewGlowingWomb+1","HollowMod:ShadowDash"],"picked":"HollowMod:FallenFury","floor":41},{"not_picked":["HollowMod:NewJinnsSoul+1","HollowMod:SoulSplash"],"picked":"HollowMod:SiblingsSouls","floor":42},{"not_picked":["HollowMod:RecoilStrike+1","HollowMod:SoulEater"],"picked":"HollowMod:CloakDash+1","floor":44},{"not_picked":["HollowMod:NewLittleFool+1","HollowMod:SiblingsShadow+1"],"picked":"HollowMod:SharpenedNail+1","floor":46},{"not_picked":["HollowMod:QuirrelsAssistance+1","HollowMod:InfectedCysts+1"],"picked":"HollowMod:MonarchWings+1","floor":47},{"not_picked":["HollowMod:TaintedHusks","HollowMod:SoulStrike"],"picked":"HollowMod:DesolateDive","floor":48}],"player_experience":98193,"relics_obtained":[{"floor":6,"key":"StoneCalendar"},{"floor":9,"key":"Shuriken"},{"floor":11,"key":"Toy Ornithopter"},{"floor":26,"key":"HollowMod:LumaflyLanternRelic"},{"floor":27,"key":"Shovel"},{"floor":29,"key":"Orichalcum"},{"floor":32,"key":"Bottled Tornado"},{"floor":39,"key":"Replay:Towering Pillar of Hats"},{"floor":40,"key":"Runesmith:Locket"},{"floor":43,"key":"Replay:Baseball"},{"floor":47,"key":"Mirror"},{"floor":49,"key":"theSenshi:FeatherClipsRelic"}],"event_choices":[{"damage_healed":0,"gold_gain":0,"player_choice":"Got Potions","damage_taken":0,"max_hp_gain":0,"max_hp_loss":0,"event_name":"Lab","floor":4,"gold_loss":0},{"damage_healed":0,"gold_gain":75,"player_choice":"Touch","damage_taken":8,"max_hp_gain":0,"max_hp_loss":0,"event_name":"FaceTrader","floor":12,"gold_loss":0}],"is_beta":false,"boss_relics":[{"not_picked":["hubris:VirtuousBlindfold","Empty Cage"],"picked":"SacredBark"},{"not_picked":["Painkiller Herb","hubris:TerracottaHorce"],"picked":"Philosopher\u0027s Stone"}],"items_purged_floors":[22],"is_endless":false,"potions_floor_spawned":[1,5,14,27,28,31,35,41,42,48],"ascension_level":0}}