{"host":"dm4yvegl9um2tlqd","time":1611145923,"event":{"mods":["2.2 Compatiblity","AchievementEnabler","BaseMod","Colored Map","DeckTracker","Highlight Path","KOR Keyword Fix","Keyboard Shortcuts","Minty Spire (QoL Compilation)","Permanent Neow","Quick Restart","Random Character Button","StSLib","SuperFastMode","everything is the same but u backflip on backflip"],"gold_per_floor":[14,33,50,50,50,79,79,254,333,333,349,156,156,167,167,269,269,288,121,46,46,63,63,89,101,113,62,75,88,88,103,103,205,205,219,219,236,9,0,25,25,25,25],"floor_reached":42,"language":"KOR","playtime":1880,"items_purged":["Strike_R","Strike_R","Defend_R","Wild Strike"],"score":752,"play_id":"97d3fc06-c108-464c-9841-7a25954857d2","local_time":"20210120213203","is_ascension_mode":true,"campfire_choices":[{"data":"Shockwave","floor":7,"key":"SMITH"},{"data":"Hemokinesis","floor":13,"key":"SMITH"},{"data":"Evolve","floor":15,"key":"SMITH"},{"data":"Offering","floor":23,"key":"SMITH"},{"data":"1","floor":25,"key":"LIFT"},{"data":"Dual Wield","floor":30,"key":"SMITH"},{"floor":32,"key":"REST"},{"data":"2","floor":41,"key":"LIFT"}],"circlet_count":0,"master_deck":["Defend_R","Bash","Shockwave+1","Bloodletting","Hemokinesis+1","Evolve+1","Shrug It Off+1","Dropkick","Dual Wield+1","Fiend Fire","Offering+1","Shrug It Off+1","Rupture+1","Dropkick+1","Heavy Blade","Exhume","Blood for Blood","Sentinel"],"relics":["Black Blood","Omamori","HornCleat","Membership Card","Calling Bell","Strawberry","Mummified Hand","Girya","MawBank","Turnip","Juzu Bracelet","Vajra","Red Mask","Pear"],"acts_visited":["Exordium","TheCity","TheBeyond"],"potions_floor_usage":[6,24,42],"damage_taken":[{"damage":2,"enemies":"Small Slimes","floor":1,"turns":4},{"damage":3,"enemies":"2 Louse","floor":2,"turns":5},{"damage":5,"enemies":"Cultist","floor":3,"turns":5},{"damage":50,"enemies":"Lagavulin","floor":6,"turns":12},{"damage":13,"enemies":"Red Slaver","floor":11,"turns":2},{"damage":11,"enemies":"3 Louse","floor":14,"turns":3},{"damage":13,"enemies":"Slime Boss","floor":16,"turns":5},{"damage":25,"enemies":"2 Thieves","floor":18,"turns":4},{"damage":15,"enemies":"Shell Parasite","floor":22,"turns":5},{"damage":10,"enemies":"Slavers","floor":24,"turns":3},{"damage":11,"enemies":"Chosen and Byrds","floor":28,"turns":4},{"damage":29,"enemies":"Snake Plant","floor":29,"turns":2},{"damage":5,"enemies":"Shelled Parasite and Fungi","floor":31,"turns":3},{"damage":23,"enemies":"Champ","floor":33,"turns":3},{"damage":15,"enemies":"Orb Walker","floor":35,"turns":1},{"damage":24,"enemies":"3 Darklings","floor":37,"turns":3},{"damage":25,"enemies":"Reptomancer","floor":40,"turns":2},{"damage":59,"enemies":"Nemesis","floor":42,"turns":5}],"seed_played":"-734521771649063552","potions_obtained":[{"floor":2,"key":"Dexterity Potion"},{"floor":6,"key":"FearPotion"},{"floor":14,"key":"ElixirPotion"},{"floor":18,"key":"SkillPotion"},{"floor":29,"key":"Strength Potion"},{"floor":37,"key":"SkillPotion"}],"is_trial":false,"path_per_floor":["M","M","M","$","?","E","R","?","T","?","M","$","R","M","R","B",null,"M","$","?","?","M","R","E","R","T","$","M","M","R","M","R","B",null,"M","?","M","$","?","E","R","E"],"character_chosen":"IRONCLAD","items_purchased":["Membership Card","Dropkick","Dual Wield","Fiend Fire","Blood for Blood","Vajra","Sentinel"],"campfire_rested":1,"item_purchase_floors":[12,19,19,19,38,38,38],"current_hp_per_floor":[76,79,80,80,85,41,41,41,41,41,34,34,34,29,29,22,76,57,57,57,57,48,48,44,44,44,44,39,16,16,17,44,27,76,73,73,61,61,61,58,58,0,0],"gold":25,"neow_bonus":"REMOVE_TWO","is_daily":false,"chose_seed":false,"campfire_upgraded":5,"win_rate":0.0,"timestamp":1611145923,"path_taken":["M","M","M","$","?","E","R","?","T","?","M","?","R","?","R","BOSS","M","$","?","?","M","R","E","R","T","?","M","M","R","M","R","BOSS","M","?","M","?","?","E","R","E"],"items_purchased_type":["Relic","Card","Card","Card","Card","Relic","Card"],"build_version":"2020-12-22","purchased_purges":4,"victory":false,"max_hp_per_floor":[80,80,80,80,85,85,85,85,85,85,85,85,85,85,85,85,92,92,92,92,92,92,92,92,92,92,92,92,92,92,92,92,92,92,92,92,92,92,92,102,102,102,102],"card_choices":[{"not_picked":["Cleave","Headbutt","Flex"],"picked":"SKIP","floor":1},{"not_picked":["Clash","Armaments"],"picked":"Wild Strike","floor":2},{"not_picked":["True Grit","Clash"],"picked":"Shockwave","floor":3},{"not_picked":["Intimidate","Uppercut"],"picked":"Bloodletting","floor":6},{"not_picked":["Armaments","Clash"],"picked":"Hemokinesis","floor":11},{"not_picked":["Sword Boomerang","Clothesline"],"picked":"Evolve","floor":14},{"not_picked":["Offering","Corruption"],"picked":"Demon Form","floor":16},{"not_picked":["Thunderclap","True Grit"],"picked":"Shrug It Off+1","floor":18},{"not_picked":["Perfected Strike+1","Havoc"],"picked":"Offering","floor":22},{"not_picked":["Entrench","Warcry+1"],"picked":"Shrug It Off+1","floor":24},{"not_picked":["True Grit","Cleave"],"picked":"Rupture+1","floor":28},{"not_picked":["Clothesline","Headbutt"],"picked":"Dropkick+1","floor":29},{"not_picked":["Reckless Charge","True Grit"],"picked":"Heavy Blade","floor":31},{"not_picked":["Immolate","Bludgeon"],"picked":"Exhume","floor":33},{"not_picked":["Sword Boomerang+1","Warcry","Evolve"],"picked":"SKIP","floor":35},{"not_picked":["Thunderclap+1","Iron Wave","Clash+1"],"picked":"SKIP","floor":37},{"not_picked":["Dropkick","Perfected Strike+1","Fire Breathing+1"],"picked":"SKIP","floor":40}],"player_experience":74093,"relics_obtained":[{"floor":6,"key":"Omamori"},{"floor":9,"key":"HornCleat"},{"floor":17,"key":"Strawberry"},{"floor":17,"key":"Mummified Hand"},{"floor":17,"key":"Girya"},{"floor":24,"key":"MawBank"},{"floor":26,"key":"Turnip"},{"floor":40,"key":"Pear"}],"event_choices":[{"damage_healed":0,"gold_gain":0,"player_choice":"Donut","damage_taken":0,"max_hp_gain":5,"max_hp_loss":0,"event_name":"Big Fish","floor":5,"gold_loss":0},{"damage_healed":0,"gold_gain":175,"player_choice":"AGREE","damage_taken":0,"max_hp_gain":0,"max_hp_loss":0,"event_name":"Liars Game","floor":8,"gold_loss":0,"cards_obtained":["Doubt"]},{"cards_removed":["Defend_R"],"damage_healed":0,"gold_gain":0,"player_choice":"Forget","damage_taken":0,"max_hp_gain":0,"max_hp_loss":0,"event_name":"Living Wall","floor":10,"gold_loss":0},{"cards_removed":["Strike_R"],"damage_healed":0,"gold_gain":0,"player_choice":"Gave Gold","damage_taken":0,"max_hp_gain":0,"max_hp_loss":0,"event_name":"Beggar","floor":20,"gold_loss":75},{"cards_removed":["Defend_R"],"damage_healed":0,"gold_gain":0,"player_choice":"Elegance","damage_taken":0,"max_hp_gain":0,"max_hp_loss":0,"event_name":"Back to Basics","floor":21,"gold_loss":0},{"cards_removed":["Demon Form"],"damage_healed":0,"gold_gain":0,"player_choice":"Gave Card","damage_taken":0,"relics_obtained":["Juzu Bracelet"],"max_hp_gain":0,"max_hp_loss":0,"event_name":"WeMeetAgain","floor":36,"gold_loss":0},{"damage_healed":0,"gold_gain":0,"player_choice":"Paid","damage_taken":0,"relics_obtained":["Red Mask"],"max_hp_gain":0,"max_hp_loss":0,"event_name":"Tomb of Lord Red Mask","floor":39,"gold_loss":9}],"is_beta":false,"boss_relics":[{"not_picked":["Velvet Choker","Snecko Eye"],"picked":"Calling Bell"},{"not_picked":["Fusion Hammer","Cursed Key"],"picked":"Black Blood"}],"items_purged_floors":[12,19,27,38],"is_endless":false,"potions_floor_spawned":[2,6,14,18,29,37],"killed_by":"Nemesis","ascension_level":8}}