{"host":"j4g6ia6asvpyu2b0","time":1611144262,"event":{"mods":["BaseMod","Colored Map","Minty Spire (QoL Compilation)","Permanent Neow","Quick Restart","Relic Stats","StSLib","Unceasing Turn Reminder"],"gold_per_floor":[131,306,346,421,460,460,470,489,513,543,66,85,85,85],"floor_reached":13,"language":"ENG","playtime":267,"items_purged":["Decay"],"score":139,"play_id":"ececf465-eeeb-48b6-9dab-6e020ddf960b","local_time":"20210120050422","is_ascension_mode":true,"campfire_choices":[{"data":"Defragment","floor":6,"key":"SMITH"}],"circlet_count":0,"master_deck":["AscendersBane","Strike_B","Strike_B","Strike_B","Strike_B","Defend_B","Defend_B","Defend_B","Defend_B","Zap","Dualcast","HandOfGreed","Static Discharge","Doubt","Defragment+1","Sweeping Beam","Ball Lightning","Loop","Reinforced Body","Storm","Coolheaded","Conserve Battery","Ball Lightning"],"relics":["Cracked Core","Bag of Preparation","Regal Pillow","Mummified Hand"],"acts_visited":["Exordium"],"potions_floor_usage":[10,13],"damage_taken":[{"damage":6.0,"enemies":"Small Slimes","floor":1.0,"turns":4.0},{"damage":1.0,"enemies":"Cultist","floor":3.0,"turns":3.0},{"damage":0,"enemies":"2 Louse","floor":5,"turns":1},{"damage":19,"enemies":"Exordium Thugs","floor":7,"turns":5},{"damage":9,"enemies":"Red Slaver","floor":8,"turns":3},{"damage":18,"enemies":"Lagavulin","floor":10,"turns":5},{"damage":7,"enemies":"Exordium Wildlife","floor":12,"turns":4},{"damage":5,"enemies":"3 Sentries","floor":13,"turns":1}],"seed_played":"2879495643764430255","potions_obtained":[{"floor":7,"key":"Block Potion"},{"floor":8,"key":"Strength Potion"}],"is_trial":false,"path_per_floor":["M","?","M","?","M","R","M","M","T","E","$","M","E"],"character_chosen":"DEFECT","items_purchased":["Mummified Hand","Storm","Coolheaded","Conserve Battery"],"campfire_rested":0,"item_purchase_floors":[11,11,11,11],"current_hp_per_floor":[62,62,61,54,54,54,35,26,26,8,8,1,0,0],"gold":85,"neow_bonus":"RANDOM_COLORLESS_2","is_daily":false,"chose_seed":false,"campfire_upgraded":1,"win_rate":0.0,"timestamp":1611144262,"path_taken":["M","?","M","?","M","R","M","M","T","E","$","?","E"],"items_purchased_type":["Relic","Card","Card","Card"],"build_version":"2020-12-22","purchased_purges":1,"victory":false,"max_hp_per_floor":[75,75,75,75,75,75,75,75,75,75,75,75,75,75],"relic_stats":{"Regal Pillow":0,"counters":[8,26],"Mummified Hand":[6],"Bag of Preparation":[6],"obtain_stats":[{"Regal Pillow":10,"Mummified Hand":11,"Bag of Preparation":9,"Cracked Core":0},{"Regal Pillow":6,"Mummified Hand":6,"Bag of Preparation":5,"Cracked Core":0},{"Regal Pillow":21,"Mummified Hand":21,"Bag of Preparation":16,"Cracked Core":0}]},"card_choices":[{"not_picked":["Thinking Ahead","The Bomb"],"picked":"HandOfGreed","floor":0.0},{"not_picked":["Go for the Eyes","Hologram"],"picked":"Static Discharge","floor":1.0},{"not_picked":["Beam Cell","Double Energy"],"picked":"Defragment","floor":3.0},{"not_picked":["Beam Cell","Recycle"],"picked":"Sweeping Beam","floor":5},{"not_picked":["Turbo","Buffer"],"picked":"Ball Lightning","floor":7},{"not_picked":["Ball Lightning","Genetic Algorithm"],"picked":"Loop","floor":8},{"not_picked":["BootSequence","Reboot"],"picked":"Reinforced Body","floor":10},{"not_picked":["Blizzard","Conserve Battery"],"picked":"Ball Lightning","floor":12}],"player_experience":877820,"relics_obtained":[{"floor":9,"key":"Bag of Preparation"},{"floor":10,"key":"Regal Pillow"}],"event_choices":[{"damage_healed":0.0,"max_hp_gain":0.0,"max_hp_loss":0.0,"gold_gain":175.0,"event_name":"Liars Game","player_choice":"AGREE","floor":2.0,"gold_loss":0.0,"damage_taken":0.0,"cards_obtained":["Doubt"]},{"damage_healed":0,"gold_gain":75,"player_choice":"Touch","damage_taken":7,"max_hp_gain":0,"max_hp_loss":0,"event_name":"FaceTrader","floor":4,"gold_loss":0}],"is_beta":false,"boss_relics":[],"items_purged_floors":[11],"is_endless":false,"potions_floor_spawned":[7,8],"killed_by":"3 Sentries","ascension_level":12}}