{"host":"sav7uxregyirlf69","time":1611150447,"event":{"mods":["AchievementEnabler","BaseMod","Colored Map","DeckTracker","Keyboard Shortcuts","Minty Spire (QoL Compilation)","READ ME - Guardian Mod","StSLib","SuperFastMode"],"gold_per_floor":[111,186,186,205,215,215,227,257,284,128,128,140,140,158,158,230,230,240,2,13,13,13],"floor_reached":21,"language":"KOR","playtime":342,"items_purged":["Strike_B"],"score":362,"play_id":"2d0c049b-e348-46e6-93d2-00fe707baa64","local_time":"20210120224727","is_ascension_mode":true,"campfire_choices":[{"data":"Streamline","floor":6,"key":"SMITH"},{"floor":11,"key":"REST"},{"data":"Sunder","floor":13,"key":"SMITH"},{"data":"Coolheaded","floor":15,"key":"SMITH"}],"circlet_count":0,"master_deck":["AscendersBane","Strike_B","Strike_B","Strike_B","Defend_B","Defend_B","Defend_B","Defend_B","Zap","Dualcast","Go for the Eyes","Streamline+1","Rebound","Sunder+1","Coolheaded+1","Auto Shields","Biased Cognition","Recycle","Consume"],"relics":["Cracked Core","StoneCalendar","Akabeko","Juzu Bracelet","Inserter","Runic Capacitor"],"acts_visited":["Exordium","TheCity"],"potions_floor_usage":[8,16],"damage_taken":[{"damage":11,"enemies":"Small Slimes","floor":1,"turns":3},{"damage":7,"enemies":"Jaw Worm","floor":4,"turns":3},{"damage":1,"enemies":"2 Louse","floor":5,"turns":2},{"damage":6,"enemies":"Large Slime","floor":7,"turns":5},{"damage":28,"enemies":"Gremlin Nob","floor":8,"turns":4},{"damage":5,"enemies":"3 Louse","floor":12,"turns":3},{"damage":0,"enemies":"Exordium Wildlife","floor":14,"turns":1},{"damage":20,"enemies":"The Guardian","floor":16,"turns":11},{"damage":18,"enemies":"Spheric Guardian","floor":18,"turns":6},{"damage":29,"enemies":"3 Byrds","floor":20,"turns":5},{"damage":14,"enemies":"Snake Plant","floor":21,"turns":1}],"seed_played":"7809851681702064750","potions_obtained":[{"floor":5,"key":"Energy Potion"},{"floor":7,"key":"SkillPotion"},{"floor":16,"key":"Fire Potion"}],"is_trial":false,"path_per_floor":["M","?","?","M","M","R","M","E","T","$","R","M","R","M","R","B",null,"M","$","M","M"],"character_chosen":"DEFECT","items_purchased":["LiquidMemories","Runic Capacitor","Consume"],"campfire_rested":1,"item_purchase_floors":[10,19,19],"current_hp_per_floor":[35,24,47,40,39,39,33,5,5,5,26,21,21,21,21,1,54,36,36,7,0,0],"gold":13,"neow_bonus":"ONE_RARE_RELIC","is_daily":false,"chose_seed":false,"campfire_upgraded":3,"win_rate":0.0,"timestamp":1611150447,"path_taken":["M","?","?","M","M","R","M","E","T","?","R","M","R","M","R","BOSS","M","$","M","M"],"items_purchased_type":["Potion","Relic","Card"],"build_version":"2020-12-22","purchased_purges":1,"victory":false,"max_hp_per_floor":[71,71,71,71,71,71,71,71,71,71,71,71,71,71,71,71,71,71,71,71,71,71],"card_choices":[{"not_picked":["Aggregate","Compile Driver"],"picked":"Go for the Eyes","floor":1},{"not_picked":["Gash","Leap"],"picked":"Streamline","floor":4},{"not_picked":["Coolheaded","Redo"],"picked":"Rebound","floor":5},{"not_picked":["Streamline","Steam"],"picked":"Sunder","floor":7},{"not_picked":["Consume","Lockon","Tempest"],"picked":"SKIP","floor":8},{"not_picked":["Sweeping Beam","Steam"],"picked":"Coolheaded","floor":12},{"not_picked":["Redo","Chill"],"picked":"Auto Shields","floor":14},{"not_picked":["Machine Learning","Creative AI"],"picked":"Biased Cognition","floor":16},{"not_picked":["Leap","Go for the Eyes"],"picked":"Recycle","floor":18},{"not_picked":["Steam","Go for the Eyes","Leap+1"],"picked":"SKIP","floor":20}],"player_experience":1334004,"relics_obtained":[{"floor":8,"key":"Akabeko"},{"floor":9,"key":"Juzu Bracelet"}],"event_choices":[{"damage_healed":0,"gold_gain":75,"player_choice":"Gather Gold","damage_taken":11,"max_hp_gain":0,"max_hp_loss":0,"event_name":"World of Goop","floor":2,"gold_loss":0},{"damage_healed":23,"gold_gain":0,"player_choice":"Banana","damage_taken":0,"max_hp_gain":0,"max_hp_loss":0,"event_name":"Big Fish","floor":3,"gold_loss":0}],"is_beta":false,"boss_relics":[{"not_picked":["Sozu","Black Star"],"picked":"Inserter"}],"items_purged_floors":[10],"is_endless":false,"potions_floor_spawned":[5,7,14,16],"killed_by":"Snake Plant","ascension_level":20}}