{"host":"vzugls1u57eppbds","time":1611173322,"event":{"mods":["AchievementEnabler","BaseMod","Better Third Choice","Minty Spire (QoL Compilation)","Relic Stats","Shop Mod","StSLib","The IronCluck"],"gold_per_floor":[109,109,14,30,47,47,81,81,81,110,185,185,65,79,79,179,179,194,206,206,75,91,91,117,117,117,117,42,42,59,59,59,163,163,182,194,194,194,244,244,244,244],"floor_reached":41,"language":"ENG","playtime":1078,"items_purged":["Regret"],"score":641,"play_id":"e356f0c3-d6df-4274-a115-90a1c02c5706","local_time":"20210120210842","is_ascension_mode":true,"campfire_choices":[{"data":"Dramatic Entrance","floor":6.0,"key":"SMITH"},{"data":"Immolate","floor":8.0,"key":"SMITH"},{"data":"Clothesline","floor":15.0,"key":"SMITH"},{"data":"Barricade","floor":23.0,"key":"SMITH"},{"floor":27.0,"key":"REST"},{"data":"Body Slam","floor":29.0,"key":"SMITH"},{"floor":32.0,"key":"REST"},{"data":"Entrench","floor":40.0,"key":"SMITH"}],"circlet_count":0,"master_deck":["Strike_R","Strike_R","Strike_R","Strike_R","Defend_R+1","Defend_R","Defend_R","Defend_R","Bash+1","Battle Trance","Dramatic Entrance+1","Iron Wave","Hemokinesis","Immolate+1","Shrug It Off","Clothesline+1","Barricade+1","Iron Wave","Rupture","Body Slam+1","Heavy Blade+1","Impervious","Entrench+1"],"relics":["Black Blood","NeowsBlessing","Darkstone Periapt","Bronze Scales","Art of War","Bag of Preparation","Letter Opener","Paper Frog","Velvet Choker","Bird Faced Urn"],"acts_visited":["Exordium","TheCity","TheBeyond"],"potions_floor_usage":[41],"damage_taken":[{"damage":0.0,"enemies":"Jaw Worm","floor":1.0,"turns":1.0},{"damage":0.0,"enemies":"Cultist","floor":4.0,"turns":1.0},{"damage":0.0,"enemies":"Small Slimes","floor":5.0,"turns":1.0},{"damage":13.0,"enemies":"Gremlin Nob","floor":7.0,"turns":3.0},{"damage":0.0,"enemies":"3 Sentries","floor":10.0,"turns":2.0},{"damage":2.0,"enemies":"Looter","floor":14.0,"turns":1.0},{"damage":22.0,"enemies":"The Guardian","floor":16.0,"turns":11.0},{"damage":24.0,"enemies":"Shell Parasite","floor":18.0,"turns":8.0},{"damage":17.0,"enemies":"2 Thieves","floor":19.0,"turns":4.0},{"damage":10.0,"enemies":"Centurion and Healer","floor":22.0,"turns":4.0},{"damage":37.0,"enemies":"Gremlin Leader","floor":24.0,"turns":8.0},{"damage":22.0,"enemies":"Chosen and Byrds","floor":30.0,"turns":7.0},{"damage":28.0,"enemies":"Cultist and Chosen","floor":31.0,"turns":6.0},{"damage":45.0,"enemies":"Champ","floor":33.0,"turns":15.0},{"damage":4.0,"enemies":"3 Shapes","floor":35.0,"turns":2.0},{"damage":6.0,"enemies":"Orb Walker","floor":36.0,"turns":3.0},{"damage":53.0,"enemies":"2 Orb Walkers","floor":39.0,"turns":5.0},{"damage":40,"enemies":"Giant Head","floor":41,"turns":9}],"seed_played":"1435624811254335480","potions_obtained":[{"floor":4.0,"key":"DuplicationPotion"},{"floor":5.0,"key":"SkillPotion"},{"floor":10.0,"key":"Fire Potion"},{"floor":16.0,"key":"DistilledChaos"},{"floor":24.0,"key":"EntropicBrew"},{"floor":30.0,"key":"PowerPotion"},{"floor":35.0,"key":"Fire Potion"},{"floor":39.0,"key":"DistilledChaos"}],"is_trial":false,"path_per_floor":["M","?","$","M","M","R","E","R","T","E","?","?","$","M","R","B",null,"M","M","?","$","M","R","E","?","T","R","?","R","M","M","R","B",null,"M","M","?","?","?","R","E"],"character_chosen":"IRONCLAD","items_purchased":["Dramatic Entrance","Shrug It Off","Rupture","Body Slam"],"campfire_rested":2,"item_purchase_floors":[3,13,21,21],"current_hp_per_floor":[78,62,62,68,74,74,67,67,67,73,73,79,79,83,83,67,81,69,64,47,47,49,49,24,24,24,51,51,51,41,25,52,19,73,81,87,87,86,45,45,9,9],"gold":244,"neow_bonus":"THREE_ENEMY_KILL","is_daily":false,"chose_seed":false,"campfire_upgraded":6,"win_rate":0.0,"timestamp":1611173322,"path_taken":["M","?","?","M","?","R","E","R","T","E","?","?","$","M","R","BOSS","M","M","?","$","M","R","E","?","T","R","?","R","M","M","R","BOSS","M","M","?","?","?","R","E"],"items_purchased_type":["Card","Card","Card","Card"],"build_version":"2020-12-22","purchased_purges":1,"victory":false,"max_hp_per_floor":[80,80,80,80,80,80,80,80,80,80,80,86,86,86,86,86,86,86,86,91,91,91,91,91,91,91,91,91,91,91,91,91,91,91,91,91,91,86,86,86,86,86],"relic_stats":{"Darkstone Periapt":6,"counters":[18,91],"Bronze Scales":[213],"Bird Faced Urn":[4],"Black Blood":162,"Art of War":[2],"Bag of Preparation":[26],"Letter Opener":[20],"obtain_stats":[{"Darkstone Periapt":7,"NeowsBlessing":0,"Bronze Scales":9,"Bird Faced Urn":39,"Black Blood":17,"Velvet Choker":34,"Art of War":10,"Bag of Preparation":12,"Letter Opener":24,"Burning Blood":0,"Paper Frog":26},{"Darkstone Periapt":4,"NeowsBlessing":0,"Bronze Scales":4,"Bird Faced Urn":17,"Black Blood":7,"Velvet Choker":14,"Art of War":5,"Bag of Preparation":5,"Letter Opener":11,"Burning Blood":0,"Paper Frog":11},{"Darkstone Periapt":6,"NeowsBlessing":0,"Bronze Scales":6,"Bird Faced Urn":82,"Black Blood":20,"Velvet Choker":72,"Art of War":8,"Bag of Preparation":8,"Letter Opener":44,"Burning Blood":0,"Paper Frog":44}]},"card_choices":[{"not_picked":["Warcry","Spot Weakness"],"picked":"Battle Trance","floor":1.0},{"not_picked":["Perfected Strike","Bludgeon"],"picked":"Iron Wave","floor":4.0},{"not_picked":["True Grit","Flex"],"picked":"Hemokinesis","floor":5.0},{"not_picked":["Perfected Strike","True Grit"],"picked":"Immolate","floor":7.0},{"not_picked":["Thunderclap","Twin Strike","Flex"],"picked":"SKIP","floor":10.0},{"not_picked":["Hemokinesis","Headbutt"],"picked":"Clothesline","floor":14.0},{"not_picked":["Berserk","Juggernaut"],"picked":"Barricade","floor":16.0},{"not_picked":["Sword Boomerang","Second Wind"],"picked":"Iron Wave","floor":18.0},{"not_picked":["Thunderclap","Shrug It Off","Iron Wave"],"picked":"SKIP","floor":19.0},{"not_picked":["Flex","Anger","Perfected Strike+1"],"picked":"SKIP","floor":22.0},{"not_picked":["Bludgeon","Anger+1"],"picked":"Heavy Blade+1","floor":24.0},{"not_picked":["Inflame+1","Battle Trance","True Grit"],"picked":"SKIP","floor":30.0},{"not_picked":["Reaper","Bludgeon"],"picked":"Impervious","floor":33.0},{"not_picked":["Twin Strike+1","Anger","Cleave"],"picked":"SKIP","floor":35.0},{"not_picked":["Pommel Strike","Shrug It Off","Feel No Pain"],"picked":"SKIP","floor":36.0},{"not_picked":["Perfected Strike","Pommel Strike"],"picked":"Entrench","floor":39.0}],"player_experience":237917,"relics_obtained":[{"floor":7.0,"key":"Darkstone Periapt"},{"floor":9.0,"key":"Bronze Scales"},{"floor":10.0,"key":"Art of War"},{"floor":24.0,"key":"Letter Opener"},{"floor":26.0,"key":"Paper Frog"},{"floor":39.0,"key":"Bird Faced Urn"}],"event_choices":[{"damage_healed":78.0,"max_hp_gain":0.0,"max_hp_loss":80.0,"gold_gain":0.0,"event_name":"betterThird:BetterShining","player_choice":"Upgrade","floor":2.0,"gold_loss":0.0,"damage_taken":16.0,"cards_upgraded":["Bash","Defend_R"]},{"damage_healed":0.0,"max_hp_gain":0.0,"max_hp_loss":0.0,"gold_gain":75.0,"event_name":"Golden Wing","player_choice":"Gained Gold","floor":11.0,"gold_loss":0.0,"damage_taken":0.0},{"damage_healed":0.0,"max_hp_gain":0.0,"max_hp_loss":0.0,"gold_gain":0.0,"event_name":"Big Fish","player_choice":"Box","floor":12.0,"gold_loss":0.0,"damage_taken":0.0,"relics_obtained":["Bag of Preparation"],"cards_obtained":["Regret"]},{"damage_healed":0.0,"max_hp_gain":5.0,"max_hp_loss":0.0,"gold_gain":0.0,"event_name":"Forgotten Altar","player_choice":"Shed Blood","floor":20.0,"gold_loss":0.0,"damage_taken":22.0},{"damage_healed":0.0,"max_hp_gain":0.0,"max_hp_loss":0.0,"gold_gain":0.0,"event_name":"Ghosts","player_choice":"Ignored","floor":25.0,"gold_loss":0.0,"damage_taken":0.0},{"cards_removed":["Strike_R"],"damage_healed":0.0,"max_hp_gain":0.0,"max_hp_loss":0.0,"gold_gain":0.0,"event_name":"Beggar","player_choice":"Gave Gold","floor":28.0,"gold_loss":75.0,"damage_taken":0.0},{"damage_healed":0.0,"max_hp_gain":0.0,"max_hp_loss":0.0,"gold_gain":0.0,"event_name":"Tomb of Lord Red Mask","player_choice":"Ignored","floor":37.0,"gold_loss":0.0,"damage_taken":0.0},{"damage_healed":0.0,"max_hp_gain":0.0,"max_hp_loss":5.0,"gold_gain":0.0,"event_name":"Winding Halls","player_choice":"Max HP","floor":38.0,"gold_loss":0.0,"damage_taken":0.0},{"damage_healed":0.0,"max_hp_gain":0.0,"max_hp_loss":0.0,"gold_gain":0.0,"event_name":"Mysterious Sphere","player_choice":"Fight","floor":39.0,"gold_loss":0.0,"damage_taken":0.0}],"is_beta":false,"boss_relics":[{"not_picked":["Philosopher\u0027s Stone","Ectoplasm"],"picked":"Black Blood"},{"not_picked":["Tiny House","Empty Cage"],"picked":"Velvet Choker"}],"items_purged_floors":[13],"is_endless":false,"potions_floor_spawned":[4,5,10,16,24,30,31,35,39],"killed_by":"Giant Head","ascension_level":9}}