{"host":"81vb4cbob60wa1na","time":1611158765,"event":{"mods":["BaseMod","Dio Mod","Downfall","GifTheSpireLib","Hermit","Highlight Path","Minty Spire (QoL Compilation)","StSLib","The Bug Knight","The Cursed","The Disciple"],"gold_per_floor":[99,116,181,199,299,316,316,316,334,361,123,140,140,140,156,260,260,260,271,271,281,281,315,315,315,325,352,352,141,141,155,175,275,275,275,294,294,113,123,123,123,123,123,123],"floor_reached":42,"language":"ENG","playtime":1883,"items_purged":[],"score":526,"play_id":"52c8a5b5-f04a-4ced-ae27-5581aefc3592","local_time":"20210120110605","is_ascension_mode":false,"campfire_choices":[{"data":"champ:MurderStrike","floor":1,"key":"SMITH"},{"floor":8,"key":"REST"},{"data":"champ:ShieldSigil","floor":13,"key":"SMITH"},{"data":"champ:MurderStrike","floor":18,"key":"SMITH"},{"floor":25,"key":"REST"},{"floor":28,"key":"REST"},{"data":"champ:UltimateStance","floor":35,"key":"SMITH"}],"circlet_count":0,"master_deck":["champ:Strike+1","champ:Strike","champ:Strike","champ:Strike","champ:Defend","champ:Defend","champ:Defend","champ:Defend","champ:Execute","champ:Taunt","champ:MurderStrike+1","champ:EnGarde","champ:ShieldSigil","champ:ShieldSigil","champ:ArenaPreparation","champ:RisingSlash+1","champ:ShieldSigil","champ:StanceDance","champ:ShieldThrow","champ:ShieldSigil+1","champ:ShieldSigil","champ:MurderStrike+1","champ:Duel+1","Writhe","champ:DefensiveStyle","Decay","champ:Backstep+1","champ:SetATrap","champ:DefensiveStyle","Pride","champ:RageSigil+1","champ:SetATrap","champ:UltimateStance+1","champ:ArenaPreparation","champ:DefensiveShout","champ:Circumvent+1","Injury"],"relics":["champ:ChampionCrown","Art of War","Happy Flower","Whetstone","Cursed Key","Akabeko","Vajra","Pantograph","Gremlin Horn","Boot","Bronze Scales","Juzu Bracelet","Sling","TungstenRod"],"acts_visited":["Exordium","TheCity","TheBeyond"],"potions_floor_usage":[12,15,16,23,27,29,31,38],"damage_taken":[{"damage":15,"enemies":"Jaw Worm","floor":2,"turns":7},{"damage":49,"enemies":"Gremlin Nob","floor":3,"turns":6},{"damage":10,"enemies":"2 Louse","floor":4,"turns":2},{"damage":21,"enemies":"Cultist","floor":6,"turns":5},{"damage":25,"enemies":"Exordium Thugs","floor":9,"turns":3},{"damage":30,"enemies":"downfall:FleeingMerchant","floor":11,"turns":4},{"damage":0,"enemies":"3 Louse","floor":12,"turns":2},{"damage":22,"enemies":"Large Slime","floor":15,"turns":5},{"damage":57,"enemies":"WA_ARCHETYPE_RETAIN","floor":16,"turns":7},{"damage":5,"enemies":"Chosen","floor":19,"turns":4},{"damage":18,"enemies":"Snake Plant","floor":21,"turns":3},{"damage":70,"enemies":"Slavers","floor":23,"turns":5},{"damage":2,"enemies":"Chosen and Byrds","floor":26,"turns":3},{"damage":5,"enemies":"Book of Stabbing","floor":27,"turns":2},{"damage":10,"enemies":"downfall:FleeingMerchant","floor":29,"turns":4},{"damage":33,"enemies":"Centurion and Healer","floor":31,"turns":5},{"damage":23,"enemies":"3 Cultists","floor":32,"turns":4},{"damage":60,"enemies":"DF_ARCHETYPE_CLAW","floor":33,"turns":7},{"damage":82,"enemies":"3 Darklings","floor":36,"turns":4},{"damage":0,"enemies":"downfall:FleeingMerchant","floor":38,"turns":4},{"damage":17,"enemies":"Orb Walker","floor":39,"turns":3},{"damage":81,"enemies":"Sphere and 2 Shapes","floor":42,"turns":4}],"seed_played":"-8618159404049576464","potions_obtained":[{"floor":3,"key":"LiquidBronze"},{"floor":6,"key":"SpeedPotion"},{"floor":12,"key":"Energy Potion"},{"floor":16,"key":"Weak Potion"},{"floor":21,"key":"PowerPotion"},{"floor":26,"key":"Swift Potion"},{"floor":31,"key":"Guardian:BlockOnCardUsePotion"},{"floor":33,"key":"bronze:BurnAndBuffPotion"},{"floor":36,"key":"Energy Potion"}],"is_trial":false,"path_per_floor":["R","M","?","M","?","M","T","R","M","T","$","M","R","?","M","B",null,"R","M","?","M","?","E","T","R","M","E","R","$","?","M","M","B",null,"R","M","?","?","M","$","T","M"],"character_chosen":"THE_CHAMP","items_purchased":["Fruit Juice","champ:StanceDance","champ:ShieldThrow","champ:SetATrap","champ:DefensiveStyle","Fire Potion","champ:DefensiveShout","Bronze Scales","Juzu Bracelet","Sling"],"campfire_rested":3,"item_purchase_floors":[11,11,11,29,29,29,38,38,38,38],"current_hp_per_floor":[90,90,56,56,56,55,55,82,82,82,77,82,82,87,85,63,100,100,95,95,77,77,22,22,52,50,50,80,80,80,62,39,14,100,100,73,87,87,80,80,80,0,0,0],"gold":123,"neow_bonus":"ONE_RANDOM_RARE_CARD","is_daily":false,"chose_seed":false,"campfire_upgraded":4,"win_rate":0.0,"timestamp":1611158765,"path_taken":["R","M","?","M","?","M","T","R","?","?","?","M","R","?","M","BOSS","R","M","?","?","?","E","T","R","M","E","R","?","?","M","M","BOSS","R","M","?","?","M","$","T","M"],"items_purchased_type":["Potion","Card","Card","Card","Card","Potion","Card","Relic","Relic","Relic"],"build_version":"2020-12-22","purchased_purges":0,"victory":false,"max_hp_per_floor":[90,90,90,90,90,90,90,90,90,90,90,95,95,100,100,100,100,100,100,100,100,100,100,100,100,100,100,100,100,100,100,100,100,100,100,100,87,87,87,87,87,87,87,87],"card_choices":[{"not_picked":["champ:PerfectedStrike","champ:DeathBlow"],"picked":"champ:EnGarde","floor":2},{"not_picked":["champ:FocusedBerserking","champ:CalledShot"],"picked":"champ:ShieldSigil","floor":3},{"not_picked":["champ:BringItOn","champ:FlashCut"],"picked":"champ:ShieldSigil","floor":4},{"not_picked":["champ:FocusedBerserking","champ:PerfectedStrike"],"picked":"champ:ArenaPreparation","floor":6},{"not_picked":["champ:AdrenalArmor","champ:Parry"],"picked":"champ:RisingSlash","floor":9},{"not_picked":["champ:EnGarde","champ:TornadoPunch"],"picked":"champ:ShieldSigil","floor":11},{"not_picked":["champ:FlashCut","champ:HeavySlash"],"picked":"champ:ShieldSigil","floor":12},{"not_picked":["champ:ArenaPreparation","champ:DeathBlow"],"picked":"champ:ShieldSigil","floor":15},{"not_picked":["champ:CheapShot","champ:LastStand"],"picked":"champ:MurderStrike","floor":16},{"not_picked":["champ:PreciseThrust","champ:Haymaker","champ:Lariat+1"],"picked":"SKIP","floor":19},{"not_picked":["champ:FocusedBerserking+1","champ:BerserkersShout+1"],"picked":"champ:Duel+1","floor":21},{"not_picked":["champ:Devastate","champ:Backstep"],"picked":"champ:DefensiveStyle","floor":23},{"not_picked":["champ:TornadoPunch","champ:ViciousMockery+1"],"picked":"champ:Backstep+1","floor":26},{"not_picked":["champ:HeartStrike","champ:RapidStrikes","champ:Circumvent"],"picked":"SKIP","floor":27},{"not_picked":["champ:ViciousMockery","champ:GutPunch+1","champ:HoldFirm"],"picked":"SKIP","floor":29},{"not_picked":["champ:BerserkersShout","champ:ViciousMockery"],"picked":"champ:RageSigil+1","floor":31},{"not_picked":["champ:FanOfKnives","champ:BerserkersShout"],"picked":"champ:SetATrap","floor":32},{"not_picked":["champ:StrikeOfGenius","champ:LastStand"],"picked":"champ:UltimateStance","floor":33},{"not_picked":["champ:FlashCut","champ:HeartStrike"],"picked":"champ:ArenaPreparation","floor":36},{"not_picked":["champ:EnragedBash+1","champ:PerfectedStrike+1","champ:EndlessRage+1"],"picked":"SKIP","floor":38},{"not_picked":["champ:PreciseThrust+1","champ:ViciousMockery+1"],"picked":"champ:Circumvent+1","floor":39}],"player_experience":274802,"relics_obtained":[{"floor":3,"key":"Art of War"},{"floor":7,"key":"Happy Flower"},{"floor":10,"key":"Whetstone"},{"floor":23,"key":"Vajra"},{"floor":24,"key":"Pantograph"},{"floor":27,"key":"Gremlin Horn"},{"floor":41,"key":"TungstenRod"}],"event_choices":[{"damage_healed":0,"gold_gain":0,"player_choice":"Donut","damage_taken":0,"max_hp_gain":5,"max_hp_loss":0,"event_name":"Big Fish","floor":14,"gold_loss":0},{"damage_healed":0,"gold_gain":0,"player_choice":"Stole Relic","damage_taken":0,"relics_obtained":["Boot"],"max_hp_gain":0,"max_hp_loss":0,"event_name":"Addict","floor":30,"gold_loss":0,"cards_obtained":["Pride"]}],"is_beta":false,"boss_relics":[{"not_picked":["Tiny House","Empty Cage"],"picked":"Cursed Key"},{"not_picked":["Fusion Hammer","Pandora\u0027s Box","bronze:MakeshiftBattery"]}],"items_purged_floors":[],"is_endless":false,"potions_floor_spawned":[3,6,12,16,21,26,31,33,36],"killed_by":"Sphere and 2 Shapes","ascension_level":0}}