{"host":"msa0wxqjs3jv1k3j","time":1611117383,"event":{"mods":["AchievementEnabler","BaseMod","BetterRewards","Colored Map","Highlight Path","KOR Keyword Fix","Keyboard Shortcuts","Minty Spire (QoL Compilation)","Quick Restart","SuperFastMode","everything is the same but u backflip on backflip"],"gold_per_floor":[115,131,148,98,163,194,194,227,250,250,250,285,460,473,473,578,578,588,603,603,617,210,210,210,210,210,210,210,230,2,20,20,123,123,134,146,83,11,11,11,11,11,11,34,34,81,100,0,0,0],"floor_reached":51,"language":"KOR","playtime":1712,"items_purged":["Defend_G","Strike_G","Concentrate"],"score":659,"play_id":"1d7b8fb3-1475-4564-84f5-1c6c4cd48e6f","local_time":"20210120133623","is_ascension_mode":false,"campfire_choices":[{"data":"Crippling Poison","floor":7,"key":"SMITH"},{"data":"Neutralize","floor":10,"key":"SMITH"},{"data":"Infinite Blades","floor":15,"key":"SMITH"},{"data":"Adrenaline","floor":23,"key":"SMITH"},{"data":"Deadly Poison","floor":25,"key":"SMITH"},{"data":"Concentrate","floor":27,"key":"SMITH"},{"floor":28,"key":"REST"},{"data":"Reflex","floor":32,"key":"SMITH"},{"floor":40,"key":"REST"},{"data":"Corpse Explosion","floor":42,"key":"SMITH"},{"floor":45,"key":"REST"},{"floor":49,"key":"REST"}],"circlet_count":0,"master_deck":["Survivor","Neutralize+1","Poisoned Stab+1","Quick Slash+1","Crippling Poison+1","Infinite Blades+1","Poisoned Stab+1","Predator+1","Bane+1","Adrenaline+1","Outmaneuver+1","Catalyst+1","Reflex+1","Concentrate+1","Deadly Poison+1","Corpse Explosion+1","Escape Plan","Sucker Punch+1","Flying Knee+1","Concentrate","PiercingWail+1","Well Laid Plans+1","Crippling Poison+1","Underhanded Strike+1"],"relics":["Ring of the Snake","Molten Egg 2","Thread and Needle","Nunchaku","Medical Kit","Centennial Puzzle","Omamori","Orichalcum","Sundial","Philosopher\u0027s Stone","Ninja Scroll","WingedGreaves","Membership Card","Ancient Tea Set","Pandora\u0027s Box","Juzu Bracelet","Strawberry","Dream Catcher","Tingsha","Red Mask"],"acts_visited":["Exordium","TheCity","TheBeyond"],"potions_floor_usage":[16,33,50,50],"damage_taken":[{"damage":0,"enemies":"Small Slimes","floor":1,"turns":3},{"damage":1,"enemies":"2 Louse","floor":2,"turns":2},{"damage":0,"enemies":"Jaw Worm","floor":3,"turns":4},{"damage":7,"enemies":"Gremlin Nob","floor":6,"turns":4},{"damage":9,"enemies":"Lagavulin","floor":8,"turns":4},{"damage":4,"enemies":"Gremlin Nob","floor":12,"turns":4},{"damage":3,"enemies":"Large Slime","floor":14,"turns":3},{"damage":16,"enemies":"Slime Boss","floor":16,"turns":11},{"damage":0,"enemies":"Chosen","floor":18,"turns":3},{"damage":2,"enemies":"2 Thieves","floor":19,"turns":3},{"damage":3,"enemies":"Cultist and Chosen","floor":21,"turns":3},{"damage":0,"enemies":"3 Cultists","floor":29,"turns":4},{"damage":11,"enemies":"Snake Plant","floor":31,"turns":3},{"damage":29,"enemies":"Collector","floor":33,"turns":5},{"damage":30,"enemies":"3 Darklings","floor":35,"turns":3},{"damage":20,"enemies":"3 Shapes","floor":36,"turns":2},{"damage":7,"enemies":"2 Orb Walkers","floor":46,"turns":4},{"damage":0,"enemies":"Writhing Mass","floor":47,"turns":3},{"damage":109,"enemies":"Time Eater","floor":50,"turns":9}],"seed_played":"-442315385600018271","potions_obtained":[{"floor":3,"key":"Dexterity Potion"},{"floor":12,"key":"FairyPotion"},{"floor":14,"key":"Energy Potion"},{"floor":16,"key":"Explosive Potion"},{"floor":19,"key":"SmokeBomb"},{"floor":29,"key":"Regen Potion"},{"floor":33,"key":"BlessingOfTheForge"},{"floor":35,"key":"CultistPotion"},{"floor":46,"key":"Poison Potion"}],"is_trial":false,"path_per_floor":["M","M","M","?","?","E","R","E","T","R","?","E","?","M","R","B",null,"M","M","?","M","$","R","?","R","T","R","R","M","$","M","R","B",null,"M","M","$","$","?","R","?","R","T","T","R","?","M","?","R","B",null],"character_chosen":"THE_SILENT","items_purchased":["Molten Egg 2","Nunchaku","Medical Kit","Poisoned Stab+1","Ninja Scroll","Deadly Poison","Membership Card","Ancient Tea Set","Juzu Bracelet"],"campfire_rested":4,"item_purchase_floors":[0,0,0,0,22,22,30,30,38],"current_hp_per_floor":[70,69,69,69,69,62,62,53,53,53,58,54,54,51,51,35,75,75,73,73,70,70,70,63,63,63,63,75,75,75,64,64,44,75,45,25,25,25,18,40,40,40,47,47,71,64,64,64,82,4],"gold":0,"neow_bonus":"","is_daily":false,"chose_seed":false,"campfire_upgraded":8,"win_rate":0.0,"timestamp":1611117383,"path_taken":["M","M","M","?","?","E","R","E","T","R","?","E","?","?","R","BOSS","M","M","?","M","$","R","?","R","T","R","R","M","$","M","R","BOSS","M","M","?","$","?","R","?","R","T","?","R","?","M","?","R","BOSS"],"items_purchased_type":["Relic","Relic","Relic","Card","Relic","Card","Relic","Relic","Relic"],"build_version":"2020-12-22","purchased_purges":3,"victory":true,"max_hp_per_floor":[70,70,70,70,70,70,70,70,70,70,75,75,75,75,75,75,75,75,75,75,75,75,75,75,75,75,75,75,75,75,75,75,75,75,75,75,75,75,75,75,75,75,82,82,82,82,82,82,82,82],"card_choices":[{"not_picked":["Finisher+1","Underhanded Strike+1"],"picked":"Quick Slash+1","floor":1},{"not_picked":["Acrobatics","Choke+1"],"picked":"Crippling Poison","floor":2},{"not_picked":["Leg Sweep","Sucker Punch+1"],"picked":"Infinite Blades","floor":3},{"not_picked":["Slice+1","Skewer+1"],"picked":"Poisoned Stab+1","floor":6},{"not_picked":["Heel Hook+1","Acrobatics","Distraction"],"picked":"SKIP","floor":8},{"not_picked":["Noxious Fumes","Setup"],"picked":"Predator+1","floor":12},{"not_picked":["Dagger Throw+1","Expertise"],"picked":"Bane+1","floor":14},{"not_picked":["Die Die Die+1","Grand Finale+1"],"picked":"Adrenaline","floor":16},{"not_picked":["Dodge and Roll","Deflect"],"picked":"Outmaneuver+1","floor":18},{"not_picked":["Distraction","Terror+1"],"picked":"Catalyst+1","floor":19},{"not_picked":["Prepared","Deflect","Dagger Spray+1"],"picked":"SKIP","floor":21},{"not_picked":["Heel Hook+1","Bane+1","Dagger Spray+1"],"picked":"SKIP","floor":29},{"not_picked":["Setup","Blur","Dagger Throw+1"],"picked":"SKIP","floor":31},{"not_picked":["Unload+1","Glass Knife+1"],"picked":"Corpse Explosion","floor":33},{"not_picked":["Blur","Calculated Gamble+1","Endless Agony+1"],"picked":"SKIP","floor":35},{"not_picked":["Heel Hook+1","Setup","Underhanded Strike+1"],"picked":"SKIP","floor":36},{"not_picked":["Dodge and Roll+1","Riddle With Holes+1"],"picked":"PiercingWail+1","floor":45},{"not_picked":["Sucker Punch+1","Acrobatics+1"],"picked":"Well Laid Plans+1","floor":46},{"not_picked":["Deflect+1","Dodge and Roll+1"],"picked":"Crippling Poison+1","floor":47},{"not_picked":["Infinite Blades+1","Cloak And Dagger+1"],"picked":"Underhanded Strike+1","floor":49}],"player_experience":134054,"relics_obtained":[{"floor":6,"key":"Centennial Puzzle"},{"floor":8,"key":"Omamori"},{"floor":9,"key":"Orichalcum"},{"floor":12,"key":"Sundial"},{"floor":26,"key":"WingedGreaves"},{"floor":43,"key":"Strawberry"},{"floor":44,"key":"Dream Catcher"},{"floor":46,"key":"Tingsha"}],"event_choices":[{"cards_removed":["Strike_G"],"damage_healed":0,"gold_gain":0,"player_choice":"Card Removal","damage_taken":0,"max_hp_gain":0,"max_hp_loss":0,"event_name":"The Cleric","floor":4,"gold_loss":50},{"damage_healed":0,"gold_gain":65,"player_choice":"Gained Gold","damage_taken":0,"max_hp_gain":0,"max_hp_loss":0,"event_name":"Golden Wing","floor":5,"gold_loss":0},{"damage_healed":0,"gold_gain":0,"player_choice":"Donut","damage_taken":0,"max_hp_gain":5,"max_hp_loss":0,"event_name":"Big Fish","floor":11,"gold_loss":0},{"damage_healed":0,"gold_gain":175,"player_choice":"AGREE","damage_taken":0,"max_hp_gain":0,"max_hp_loss":0,"event_name":"Liars Game","floor":13,"gold_loss":0,"cards_obtained":["Doubt"]},{"damage_healed":0,"gold_gain":0,"cards_transformed":["Strike_G","Defend_G"],"player_choice":"Became Test Subject","damage_taken":0,"max_hp_gain":0,"max_hp_loss":0,"event_name":"Drug Dealer","floor":20,"gold_loss":0,"cards_obtained":["Reflex","Concentrate"]},{"damage_healed":0,"gold_gain":0,"player_choice":"Damaged","damage_taken":7,"max_hp_gain":0,"max_hp_loss":0,"event_name":"Wheel of Change","floor":24,"gold_loss":0},{"damage_healed":0,"gold_gain":0,"player_choice":"Damaged","damage_taken":7,"max_hp_gain":0,"max_hp_loss":0,"event_name":"Wheel of Change","floor":39,"gold_loss":0},{"damage_healed":0,"gold_gain":0,"player_choice":"Got Potions","damage_taken":0,"max_hp_gain":0,"max_hp_loss":0,"event_name":"Lab","floor":41,"gold_loss":0},{"damage_healed":0,"gold_gain":0,"player_choice":"Fight","damage_taken":0,"max_hp_gain":0,"max_hp_loss":0,"event_name":"Mysterious Sphere","floor":46,"gold_loss":0},{"damage_healed":0,"gold_gain":0,"player_choice":"Paid","damage_taken":0,"relics_obtained":["Red Mask"],"max_hp_gain":0,"max_hp_loss":0,"event_name":"Tomb of Lord Red Mask","floor":48,"gold_loss":100}],"is_beta":false,"boss_relics":[{"not_picked":["Runic Dome","Cursed Key"],"picked":"Philosopher\u0027s Stone"},{"not_picked":["Busted Crown","WristBlade"],"picked":"Pandora\u0027s Box"}],"items_purged_floors":[0,22,37],"is_endless":false,"potions_floor_spawned":[3,12,14,16,19,29,33,35,46,47],"ascension_level":0}}