{"host":"z9811rt50ti81n54","time":1611151613,"event":{"mods":["BaseMod","Better Match","Better Skull","Better Third Choice","Minty Spire (QoL Compilation)","Permanent Neow","StSLib","SuperFastMode"],"gold_per_floor":[19,19,33,33,33,33,58,82,82,100,121,121,121,6,6,135,135,149,149,137,162,175,210,210,210,210,210,228,228,18,31,31,154,154,170,170,170,188,188,188,206,55,79,99,99,99,112,132,132,132],"floor_reached":51,"language":"ENG","playtime":1520,"items_purged":["Strike_R"],"score":686,"play_id":"de2566b3-56ef-4f98-afe6-3a0ac6439207","local_time":"20210120230653","is_ascension_mode":false,"campfire_choices":[{"data":"Bash","floor":6.0,"key":"SMITH"},{"data":"Uppercut","floor":12.0,"key":"SMITH"},{"data":"Fire Breathing","floor":15.0,"key":"SMITH"},{"data":"Fiend Fire","floor":24.0,"key":"SMITH"},{"data":"1","floor":27.0,"key":"LIFT"},{"data":"2","floor":29.0,"key":"LIFT"},{"data":"3","floor":32.0,"key":"LIFT"},{"data":"Fiend Fire","floor":40.0,"key":"SMITH"},{"data":"Limit Break","floor":49,"key":"SMITH"}],"circlet_count":0,"master_deck":["Strike_R","Strike_R+1","Defend_R","Defend_R+1","Defend_R","Bash+1","Fire Breathing+1","Dropkick","Ghostly Armor","Disarm","Spot Weakness","Heavy Blade","Power Through","Uppercut+1","Evolve","Dual Wield","Fiend Fire+1","Havoc+1","Sentinel+1","Feel No Pain","Immolate","Battle Trance+1","Fiend Fire+1","Secret Technique","Transmutation","Bandage Up","Limit Break+1","Fiend Fire","True Grit+1","Battle Trance"],"relics":["Burning Blood","Golden Idol","Eternal Feather","Meat on the Bone","Runic Pyramid","CultistMask","Kunai","Self Forming Clay","Girya","Sozu","Happy Flower","Mercury Hourglass"],"acts_visited":["Exordium","TheCity","TheBeyond"],"potions_floor_usage":[50],"damage_taken":[{"damage":1.0,"enemies":"2 Louse","floor":1.0,"turns":4.0},{"damage":2.0,"enemies":"Small Slimes","floor":3.0,"turns":4.0},{"damage":6.0,"enemies":"Jaw Worm","floor":7.0,"turns":4.0},{"damage":14.0,"enemies":"Exordium Thugs","floor":8.0,"turns":5.0},{"damage":10.0,"enemies":"Gremlin Gang","floor":10.0,"turns":8.0},{"damage":8.0,"enemies":"2 Fungi Beasts","floor":11.0,"turns":3.0},{"damage":63.0,"enemies":"The Guardian","floor":16.0,"turns":15.0},{"damage":3.0,"enemies":"Shell Parasite","floor":18.0,"turns":7.0},{"damage":20.0,"enemies":"2 Thieves","floor":20.0,"turns":4.0},{"damage":11.0,"enemies":"Cultist and Chosen","floor":21.0,"turns":6.0},{"damage":0.0,"enemies":"Snecko","floor":22.0,"turns":3.0},{"damage":11.0,"enemies":"Slavers","floor":23.0,"turns":7.0},{"damage":6.0,"enemies":"Sentry and Sphere","floor":28.0,"turns":5.0},{"damage":9.0,"enemies":"Snake Plant","floor":31.0,"turns":2.0},{"damage":35.0,"enemies":"Champ","floor":33.0,"turns":9.0},{"damage":0.0,"enemies":"3 Shapes","floor":35.0,"turns":3.0},{"damage":0.0,"enemies":"3 Darklings","floor":38.0,"turns":3.0},{"damage":12.0,"enemies":"4 Shapes","floor":41.0,"turns":2.0},{"damage":0,"enemies":"Spire Growth","floor":44,"turns":2},{"damage":5,"enemies":"Maw","floor":47,"turns":3},{"damage":0,"enemies":"3 Darklings","floor":48,"turns":4},{"damage":56,"enemies":"Donu and Deca","floor":50,"turns":7}],"seed_played":"6264633456532675910","potions_obtained":[{"floor":1.0,"key":"ElixirPotion"},{"floor":7.0,"key":"Fire Potion"},{"floor":10.0,"key":"ColorlessPotion"},{"floor":11.0,"key":"Explosive Potion"},{"floor":20.0,"key":"Block Potion"},{"floor":21.0,"key":"DistilledChaos"},{"floor":22.0,"key":"AttackPotion"},{"floor":23.0,"key":"Explosive Potion"}],"is_trial":false,"path_per_floor":["M","?","M","?","?","R","M","M","T","M","M","R","?","$","R","B",null,"M","?","M","M","M","E","R","T","T","R","M","R","$","M","R","B",null,"M","?","?","M","?","R","M","$","T","M","?","T","M","M","R","B",null],"character_chosen":"IRONCLAD","items_purchased":["Evolve","Dual Wield","Immolate","Limit Break"],"campfire_rested":0,"item_purchase_floors":[14,14,30,42],"current_hp_per_floor":[80,60,64,48,74,74,74,66,66,62,60,69,66,66,75,30,80,80,80,66,61,67,62,74,74,74,80,80,80,80,77,80,51,80,80,80,80,80,70,80,78,78,78,80,80,80,80,80,80,46],"gold":132,"neow_bonus":"TRANSFORM_TWO_CARDS","is_daily":false,"chose_seed":false,"campfire_upgraded":6,"win_rate":0.0,"timestamp":1611151613,"path_taken":["M","?","M","?","?","R","M","M","T","M","M","R","?","?","R","BOSS","M","?","M","M","?","E","R","?","T","R","M","R","$","?","R","BOSS","M","?","?","M","?","R","?","$","T","?","?","?","?","M","R","BOSS"],"items_purchased_type":["Card","Card","Card","Card"],"build_version":"2020-12-22","purchased_purges":1,"victory":true,"max_hp_per_floor":[80,80,80,80,80,80,80,80,80,80,80,80,80,80,80,80,80,80,80,80,80,80,80,80,80,80,80,80,80,80,80,80,80,80,80,80,80,80,80,80,80,80,80,80,80,80,80,80,80,80],"card_choices":[{"not_picked":["Clash","Headbutt"],"picked":"Ghostly Armor","floor":1.0},{"not_picked":["Seeing Red","Infernal Blade"],"picked":"Disarm","floor":3.0},{"not_picked":["Clothesline","Seeing Red"],"picked":"Spot Weakness","floor":7.0},{"not_picked":["Armaments","Warcry"],"picked":"Heavy Blade","floor":8.0},{"not_picked":["Cleave","Pommel Strike"],"picked":"Power Through","floor":10.0},{"not_picked":["Pummel","Shrug It Off"],"picked":"Uppercut","floor":11.0},{"not_picked":["Exhume","Juggernaut"],"picked":"Fiend Fire","floor":16.0},{"not_picked":["Cleave","Clash"],"picked":"Havoc+1","floor":18.0},{"not_picked":["True Grit","Sever Soul+1"],"picked":"Sentinel+1","floor":20.0},{"not_picked":["Burning Pact","Warcry","Body Slam"],"picked":"SKIP","floor":21.0},{"not_picked":["Infernal Blade","True Grit","Flex"],"picked":"SKIP","floor":22.0},{"not_picked":["Second Wind","True Grit"],"picked":"Feel No Pain","floor":23.0},{"not_picked":["Cleave","Twin Strike","Intimidate"],"picked":"SKIP","floor":28.0},{"not_picked":["Flex","Clothesline"],"picked":"Battle Trance+1","floor":31.0},{"not_picked":["Exhume","Double Tap"],"picked":"Fiend Fire","floor":33.0},{"not_picked":["Blood for Blood","Havoc+1","Metallicize"],"picked":"SKIP","floor":35.0},{"not_picked":["Pommel Strike","Body Slam+1","Shrug It Off"],"picked":"SKIP","floor":38.0},{"not_picked":["Flash of Steel","Purity"],"picked":"Secret Technique","floor":39.0},{"not_picked":["Deep Breath","Mind Blast"],"picked":"Transmutation","floor":39.0},{"not_picked":["Purity","Jack Of All Trades"],"picked":"Bandage Up","floor":39.0},{"not_picked":["Warcry","Sever Soul","Body Slam"],"picked":"SKIP","floor":41.0},{"not_picked":["Wild Strike+1","Armaments"],"picked":"Fiend Fire","floor":44},{"not_picked":["Clash","Flex"],"picked":"True Grit+1","floor":47},{"not_picked":["Anger+1","Blood for Blood"],"picked":"Battle Trance","floor":48}],"player_experience":400986,"relics_obtained":[{"floor":9.0,"key":"Eternal Feather"},{"floor":23.0,"key":"Kunai"},{"floor":25.0,"key":"Self Forming Clay"},{"floor":26.0,"key":"Girya"},{"floor":43,"key":"Happy Flower"},{"floor":46,"key":"Mercury Hourglass"}],"event_choices":[{"damage_healed":0.0,"max_hp_gain":0.0,"max_hp_loss":0.0,"gold_gain":0.0,"event_name":"Golden Idol","player_choice":"Take Damage","floor":2.0,"gold_loss":0.0,"damage_taken":20.0,"relics_obtained":["Golden Idol"]},{"damage_healed":0.0,"max_hp_gain":0.0,"max_hp_loss":0.0,"gold_gain":0.0,"event_name":"Shining Light","player_choice":"Entered Light","floor":4.0,"gold_loss":0.0,"damage_taken":16.0,"cards_upgraded":["Strike_R","Defend_R"]},{"damage_healed":26.0,"max_hp_gain":0.0,"max_hp_loss":0.0,"gold_gain":0.0,"event_name":"Big Fish","player_choice":"Banana","floor":5.0,"gold_loss":0.0,"damage_taken":0.0},{"damage_healed":0.0,"max_hp_gain":0.0,"max_hp_loss":0.0,"gold_gain":0.0,"event_name":"Scrap Ooze","player_choice":"Success","floor":13.0,"gold_loss":0.0,"damage_taken":3.0,"relics_obtained":["Meat on the Bone"]},{"damage_healed":0.0,"max_hp_gain":0.0,"max_hp_loss":0.0,"gold_gain":0.0,"event_name":"FaceTrader","player_choice":"Trade","floor":19.0,"gold_loss":0.0,"damage_taken":0.0,"relics_obtained":["CultistMask"]},{"damage_healed":0.0,"max_hp_gain":0.0,"max_hp_loss":0.0,"gold_gain":0.0,"event_name":"Mysterious Sphere","player_choice":"Ignored","floor":36.0,"gold_loss":0.0,"damage_taken":0.0},{"damage_healed":0.0,"max_hp_gain":0.0,"max_hp_loss":0.0,"gold_gain":0.0,"event_name":"Tomb of Lord Red Mask","player_choice":"Ignored","floor":37.0,"gold_loss":0.0,"damage_taken":0.0},{"damage_healed":0.0,"max_hp_gain":0.0,"max_hp_loss":0.0,"gold_gain":0.0,"event_name":"SensoryStone","player_choice":"Memory 3","floor":39.0,"gold_loss":0.0,"damage_taken":10.0},{"cards_removed":["Defend_R"],"damage_healed":0,"gold_gain":0,"player_choice":"Removed Skill","damage_taken":0,"max_hp_gain":0,"max_hp_loss":0,"event_name":"Falling","floor":45,"gold_loss":0}],"is_beta":false,"boss_relics":[{"not_picked":["SlaversCollar","Empty Cage"],"picked":"Runic Pyramid"},{"not_picked":["Runic Cube","Busted Crown"],"picked":"Sozu"}],"items_purged_floors":[30],"is_endless":false,"potions_floor_spawned":[1,7,10,11,20,21,22,23,38],"ascension_level":0}}