{"host":"sxnl403xm2xmiyj1","time":1608349703,"event":{"mods":["AchievementEnabler","BaseMod","Colored Map","Keyboard Shortcuts","Minty Spire (QoL Compilation)","Quick Restart","StSLib","SuperFastMode"],"gold_per_floor":[216,54,65,43,8,8,41,54,122,122,47,47,376,389,389,493,493,503,523,523,543,246,246,272,288,356,47,65,0,0,18,18,115,115,131,150,4,17,36,71,71,106,179,179,179,227,11,28,28,28,28],"floor_reached":50,"playtime":1384,"items_purged":["Strike_G","Strike_G"],"score":686,"play_id":"902b0895-67ce-40d2-8eeb-2d6055298f31","local_time":"20201219124823","is_ascension_mode":true,"campfire_choices":[{"data":"Apotheosis","floor":6.0,"key":"SMITH"},{"data":"A Thousand Cuts","floor":12.0,"key":"SMITH"},{"floor":15.0,"key":"REST"},{"data":"Accuracy","floor":23.0,"key":"SMITH"},{"data":"After Image","floor":32.0,"key":"SMITH"},{"floor":41.0,"key":"REST"},{"floor":44.0,"key":"REST"},{"floor":49.0,"key":"RECALL"}],"circlet_count":0,"master_deck":["Strike_G","Strike_G","Defend_G","Defend_G","Defend_G","Defend_G","Survivor","Neutralize","Cloak And Dagger","Apotheosis+1","Acrobatics","Quick Slash","A Thousand Cuts+1","PiercingWail","Storm of Steel","Acrobatics","After Image+1","Deflect","Phantasmal Killer","Accuracy+1","Underhanded Strike","After Image","Reflex","PiercingWail","Prepared","Underhanded Strike","Cloak And Dagger","Reflex","Dodge and Roll","Footwork+1","Blade Dance","Cloak And Dagger+1","Venomology","Dagger Throw+1","PiercingWail+1","Noxious Fumes+1","Tactician","Blur","Bane","Blade Dance","Infinite Blades+1","PiercingWail+1","Finisher+1","Accuracy+1","Choke+1"],"relics":["Ring of the Serpent","Art of War","Ornamental Fan","Dream Catcher","Old Coin","Centennial Puzzle","Ancient Tea Set","Singing Bowl","Membership Card","Frozen Egg 2","Black Star","PreservedInsect","Matryoshka","Molten Egg 2","Meat on the Bone","Oddly Smooth Stone","Shovel","Ninja Scroll"],"acts_visited":["TheCity","TheBeyond"],"potions_floor_usage":[50,50,50],"damage_taken":[{"damage":3.0,"enemies":"Jaw Worm","floor":1.0,"turns":5.0},{"damage":2.0,"enemies":"Small Slimes","floor":3.0,"turns":4.0},{"damage":16.0,"enemies":"Lagavulin","floor":7.0,"turns":8.0},{"damage":0.0,"enemies":"Cultist","floor":8.0,"turns":4.0},{"damage":16.0,"enemies":"Gremlin Nob","floor":13.0,"turns":4.0},{"damage":0.0,"enemies":"Gremlin Gang","floor":14.0,"turns":4.0},{"damage":7.0,"enemies":"Slime Boss","floor":16.0,"turns":10.0},{"damage":3.0,"enemies":"2 Thieves","floor":18.0,"turns":4.0},{"damage":0.0,"enemies":"Shell Parasite","floor":19.0,"turns":5.0},{"damage":13.0,"enemies":"Snake Plant","floor":21.0,"turns":4.0},{"damage":0.0,"enemies":"Gremlin Leader","floor":24.0,"turns":6.0},{"damage":7.0,"enemies":"Sentry and Sphere","floor":25.0,"turns":5.0},{"damage":1.0,"enemies":"Centurion and Healer","floor":28.0,"turns":5.0},{"damage":0.0,"enemies":"Snecko","floor":31.0,"turns":4.0},{"damage":4.0,"enemies":"Collector","floor":33.0,"turns":7.0},{"damage":1.0,"enemies":"3 Darklings","floor":35.0,"turns":8.0},{"damage":8.0,"enemies":"Orb Walker","floor":36.0,"turns":5.0},{"damage":18.0,"enemies":"Transient","floor":38.0,"turns":5.0},{"damage":14.0,"enemies":"Writhing Mass","floor":39.0,"turns":7.0},{"damage":22.0,"enemies":"Reptomancer","floor":40.0,"turns":8.0},{"damage":9.0,"enemies":"Nemesis","floor":42.0,"turns":7.0},{"damage":38.0,"enemies":"2 Orb Walkers","floor":46.0,"turns":7.0},{"damage":4.0,"enemies":"Sphere and 2 Shapes","floor":48.0,"turns":4.0},{"damage":32,"enemies":"Donu and Deca","floor":50,"turns":4}],"seed_played":"3137208463307856165","potions_obtained":[{"floor":1.0,"key":"Regen Potion"},{"floor":13.0,"key":"Dexterity Potion"},{"floor":18.0,"key":"GamblersBrew"},{"floor":21.0,"key":"AttackPotion"},{"floor":25.0,"key":"Ancient Potion"},{"floor":36.0,"key":"GhostInAJar"},{"floor":40.0,"key":"SteroidPotion"},{"floor":46.0,"key":"Fire Potion"},{"floor":48.0,"key":"Fire Potion"}],"is_trial":false,"path_per_floor":["M","$","M","$","?","R","E","M","T","?","$","R","E","M","R","B",null,"M","M","?","M","$","R","E","M","T","$","M","$","?","M","R","B",null,"M","M","$","M","M","E","R","E","T","R","?","?","$","M","R","B"],"character_chosen":"THE_SILENT","items_purchased":["Apotheosis","Quick Slash","Storm of Steel","PiercingWail","Prepared","Centennial Puzzle","Membership Card","Frozen Egg 2","Reflex","Footwork+1","Blade Dance","Noxious Fumes+1","Tactician","Blur","Accuracy+1","Ninja Scroll","Fruit Juice"],"campfire_rested":3,"item_purchase_floors":[2,4,11,22,22,22,27,27,27,29,29,37,37,37,47,47,47],"current_hp_per_floor":[67,67,65,65,70,70,54,54,54,42,42,42,38,38,59,52,70,67,67,67,54,54,54,54,47,47,47,46,46,46,46,46,42,70,69,61,61,43,29,9,30,21,21,42,42,18,18,31,31,0,0],"gold":28,"neow_bonus":"HUNDRED_GOLD","is_daily":false,"chose_seed":false,"campfire_upgraded":4,"win_rate":0.0,"timestamp":1608349703,"path_taken":["M","$","M","$","?","R","E","M","T","?","?","R","E","M","R","BOSS","M","M","?","M","$","R","E","?","T","$","M","$","?","M","R","BOSS","M","M","$","?","M","E","R","E","T","R","?","?","$","M","R","BOSS"],"items_purchased_type":["Card","Card","Card","Card","Card","Relic","Relic","Relic","Card","Card","Card","Card","Card","Card","Card","Relic","Potion"],"build_version":"2020-12-13","purchased_purges":2,"victory":false,"max_hp_per_floor":[70,70,70,70,70,70,70,70,70,70,70,70,70,70,70,70,70,70,70,70,70,70,70,70,70,70,70,70,70,70,70,70,70,70,70,70,70,70,70,72,72,72,72,72,72,74,74,79,79,79,79],"card_choices":[{"not_picked":["Backflip","Outmaneuver"],"picked":"Cloak And Dagger","floor":1.0},{"not_picked":["Dodge and Roll","Riddle With Holes"],"picked":"Acrobatics","floor":3.0},{"not_picked":["Choke","PiercingWail"],"picked":"A Thousand Cuts","floor":7.0},{"not_picked":["Flying Knee","Bouncing Flask"],"picked":"PiercingWail","floor":8.0},{"not_picked":["Sucker Punch","Dagger Spray"],"picked":"Acrobatics","floor":13.0},{"not_picked":["Bane","Noxious Fumes"],"picked":"After Image","floor":14.0},{"not_picked":["Heel Hook","Well Laid Plans"],"picked":"Deflect","floor":15.0},{"not_picked":["Corpse Explosion","Night Terror"],"picked":"Phantasmal Killer","floor":16.0},{"not_picked":["Catalyst","Footwork+1"],"picked":"Accuracy","floor":18.0},{"not_picked":["Bane+1","Caltrops"],"picked":"Underhanded Strike","floor":19.0},{"not_picked":["Deadly Poison","Flying Knee"],"picked":"Reflex","floor":21.0},{"not_picked":["Setup","Quick Slash"],"picked":"Underhanded Strike","floor":24.0},{"not_picked":["Underhanded Strike","Flechettes+1"],"picked":"Cloak And Dagger","floor":25.0},{"not_picked":["Endless Agony","Backstab"],"picked":"Dodge and Roll","floor":28.0},{"not_picked":["Bane","Slice+1"],"picked":"Cloak And Dagger+1","floor":31.0},{"not_picked":["Unload","Die Die Die"],"picked":"Venomology","floor":33.0},{"not_picked":["Dodge and Roll+1","Outmaneuver+1"],"picked":"Dagger Throw+1","floor":35.0},{"not_picked":["Prepared","Backstab"],"picked":"PiercingWail+1","floor":36.0},{"not_picked":["Slice","Setup+1"],"picked":"Bane","floor":38.0},{"not_picked":["Skewer+1","Quick Slash+1"],"picked":"Blade Dance","floor":39.0},{"not_picked":["Burst","Distraction+1","Acrobatics"],"picked":"Singing Bowl","floor":40.0},{"not_picked":["Flying Knee","Quick Slash+1"],"picked":"Infinite Blades+1","floor":41.0},{"not_picked":["Crippling Poison","Predator+1"],"picked":"PiercingWail+1","floor":42.0},{"not_picked":["Outmaneuver+1","Backflip+1"],"picked":"Finisher+1","floor":44.0},{"not_picked":["Blur","Outmaneuver","Dagger Spray+1"],"picked":"Singing Bowl","floor":46.0},{"not_picked":["Prepared","Infinite Blades+1"],"picked":"Choke+1","floor":48.0}],"player_experience":103935,"relics_obtained":[{"floor":7.0,"key":"Art of War"},{"floor":9.0,"key":"Ornamental Fan"},{"floor":13.0,"key":"Old Coin"},{"floor":24.0,"key":"Ancient Tea Set"},{"floor":26.0,"key":"Singing Bowl"},{"floor":40.0,"key":"PreservedInsect"},{"floor":40.0,"key":"Matryoshka"},{"floor":42.0,"key":"Molten Egg 2"},{"floor":42.0,"key":"Meat on the Bone"},{"floor":43.0,"key":"Oddly Smooth Stone"},{"floor":46.0,"key":"Shovel"}],"event_choices":[{"damage_healed":17.0,"max_hp_gain":0.0,"max_hp_loss":0.0,"gold_gain":0.0,"event_name":"The Cleric","player_choice":"Healed","floor":5.0,"gold_loss":35.0,"damage_taken":0.0},{"damage_healed":0.0,"max_hp_gain":0.0,"max_hp_loss":0.0,"gold_gain":0.0,"event_name":"Scrap Ooze","player_choice":"Success","floor":10.0,"gold_loss":0.0,"damage_taken":12.0,"relics_obtained":["Dream Catcher"]},{"damage_healed":0.0,"max_hp_gain":0.0,"max_hp_loss":0.0,"gold_gain":0.0,"event_name":"Duplicator","player_choice":"Copied","floor":20.0,"gold_loss":0.0,"damage_taken":0.0,"cards_obtained":["After Image"]},{"cards_removed":["Strike_G"],"damage_healed":0.0,"max_hp_gain":0.0,"max_hp_loss":0.0,"gold_gain":0.0,"event_name":"Wheel of Change","player_choice":"Card Removal","floor":30.0,"gold_loss":0.0,"damage_taken":0.0},{"cards_removed":["Defend_G"],"damage_healed":0.0,"max_hp_gain":0.0,"max_hp_loss":0.0,"gold_gain":0.0,"event_name":"Falling","player_choice":"Removed Skill","floor":45.0,"gold_loss":0.0,"damage_taken":0.0},{"damage_healed":0.0,"max_hp_gain":0.0,"max_hp_loss":0.0,"gold_gain":0.0,"event_name":"Mysterious Sphere","player_choice":"Fight","floor":46.0,"gold_loss":0.0,"damage_taken":0.0}],"is_beta":false,"boss_relics":[{"not_picked":["Runic Pyramid","Runic Dome"],"picked":"Ring of the Serpent"},{"not_picked":["Calling Bell","SlaversCollar"],"picked":"Black Star"}],"items_purged_floors":[22,37],"is_endless":false,"potions_floor_spawned":[1,13,18,21,25,36,40,46,48],"killed_by":"Donu and Deca","ascension_level":2}}