{"host":"icrrc9b69c1a6188","time":1608339313,"event":{"mods":["Act Like it!","BaseMod","Bestiary","Better Altar","Better Match","Better Note","Better Sensory Stone","Better Skull","Better Third Choice","Block Reminder","Colored Map","Colored Powertips","Curses Come First","Displayed Cursed Tome","Faster Ascension Climbing","HexUI Lib","Jorbs\u0027s Wanderer Trilogy","Minty Spire (QoL Compilation)","Quick Restart","RNG Fix","Random Character Mod","Rare Cards Sparkle","Spicy Shops","StSLib","Unceasing Turn Reminder"],"gold_per_floor":[109,9,26,1,1,1,1,21,21,21,54,71,71,138,138,216,216,239,239,258,278,53,53,89,101,167,225,237,249,291,327,339,430,442,467,479,512,541,568,610,622,686,698,120,142,176,176,176],"floor_reached":47,"playtime":3488,"items_purged":["stsjorbsmod:Strike_Wanderer","stsjorbsmod:Defend_Wanderer","stsjorbsmod:Defend_Wanderer","stsjorbsmod:Amnesia","stsjorbsmod:Strike_Wanderer+1"],"score":1217,"play_id":"be47c6e2-fa89-4043-82b8-358c832af706","local_time":"20201218185513","is_ascension_mode":true,"campfire_choices":[{"data":"stsjorbsmod:TrueStrike","floor":6,"key":"SMITH"},{"floor":10,"key":"REST"},{"data":"stsjorbsmod:FlameWard","floor":13,"key":"SMITH"},{"data":"stsjorbsmod:Prestidigitation","floor":15,"key":"SMITH"},{"data":"stsjorbsmod:ColorSpray","floor":23,"key":"SMITH"},{"data":"stsjorbsmod:Stalwart","floor":32,"key":"SMITH"},{"data":"stsjorbsmod:OldPocket","floor":41,"key":"SMITH"}],"circlet_count":0,"master_deck":["AscendersBane","stsjorbsmod:ForbiddenGrimoire+1","stsjorbsmod:Defend_Wanderer","stsjorbsmod:FreshAdventure+1","stsjorbsmod:EyeOfTheStorm+1","stsjorbsmod:Mania+1","stsjorbsmod:ArcaneWeapon","stsjorbsmod:Channel","stsjorbsmod:TrueStrike+1","stsjorbsmod:Prestidigitation+1","stsjorbsmod:FlameWard+1","stsjorbsmod:OldPocket+1","stsjorbsmod:ArcaneWeapon","stsjorbsmod:Entangle","stsjorbsmod:SchoolsOfMagic","stsjorbsmod:ColorSpray+1","stsjorbsmod:Stalwart+1","stsjorbsmod:ColorSpray","stsjorbsmod:HedgeWizard+1","stsjorbsmod:Aid+1","stsjorbsmod:ArcaneForm","stsjorbsmod:Fireball","stsjorbsmod:SchoolsOfMagic","stsjorbsmod:SmithingStrike","stsjorbsmod:Withdraw","stsjorbsmod:EyeOfTheStorm+1","stsjorbsmod:FranticSearch","stsjorbsmod:CorrodingBarrier"],"relics":["Philosopher\u0027s Stone","Bronze Scales","HornCleat","Akabeko","Pantograph","Nloth\u0027s Gift","MawBank","Whetstone","Bag of Preparation","Nunchaku","Cursed Key","The Courier","Incense Burner","DollysMirror","Medical Kit","MealTicket"],"acts_visited":["Exordium","TheCity","TheBeyond"],"potions_floor_usage":[11,16,20,31,35,39,47],"damage_taken":[{"damage":6,"enemies":"2 Louse","floor":1,"turns":2},{"damage":0,"enemies":"Cultist","floor":3,"turns":3},{"damage":0,"enemies":"Jaw Worm","floor":8,"turns":2},{"damage":0,"enemies":"Gremlin Nob","floor":11,"turns":3},{"damage":5,"enemies":"Red Slaver","floor":12,"turns":2},{"damage":6,"enemies":"3 Sentries","floor":14,"turns":5},{"damage":6,"enemies":"Hexaghost","floor":16,"turns":6},{"damage":0,"enemies":"Spheric Guardian","floor":18,"turns":3},{"damage":5,"enemies":"2 Thieves","floor":20,"turns":3},{"damage":2,"enemies":"Snake Plant","floor":21,"turns":4},{"damage":17,"enemies":"Book of Stabbing","floor":24,"turns":5},{"damage":0,"enemies":"Gremlin Leader","floor":30,"turns":4},{"damage":10,"enemies":"Shelled Parasite and Fungi","floor":31,"turns":4},{"damage":5,"enemies":"Automaton","floor":33,"turns":6},{"damage":0,"enemies":"3 Shapes","floor":35,"turns":3},{"damage":1,"enemies":"Orb Walker","floor":37,"turns":3},{"damage":7,"enemies":"Transient","floor":38,"turns":6},{"damage":10,"enemies":"Jaw Worm Horde","floor":39,"turns":3},{"damage":0,"enemies":"Nemesis","floor":40,"turns":4},{"damage":12,"enemies":"2 Orb Walkers","floor":42,"turns":4},{"damage":5,"enemies":"Writhing Mass","floor":45,"turns":4},{"damage":38,"enemies":"Giant Head","floor":46,"turns":6},{"damage":10,"enemies":"4 Shapes","floor":47,"turns":1}],"seed_played":"-331343517077713572","potions_obtained":[{"floor":3,"key":"FearPotion"},{"floor":8,"key":"DistilledChaos"},{"floor":14,"key":"Explosive Potion"},{"floor":18,"key":"stsjorbsmod:DimensionDoorPotion"},{"floor":30,"key":"Energy Potion"},{"floor":33,"key":"AttackPotion"},{"floor":35,"key":"Dexterity Potion"},{"floor":46,"key":"Regen Potion"}],"is_trial":false,"path_per_floor":["M","$","M","$","?","R","?","M","T","R","E","M","R","?","R","B",null,"M","?","M","M","$","R","E","?","T","T","?","?","E","M","R","B",null,"M","?","M","M","M","E","R","?","T","$","M","E","M"],"character_chosen":"WANDERER","items_purchased":["stsjorbsmod:ArcaneWeapon","stsjorbsmod:TrueStrike","DollysMirror","Medical Kit","stsjorbsmod:FranticSearch"],"campfire_rested":1,"item_purchase_floors":[2,4,44,44,44],"current_hp_per_floor":[52,52,52,52,34,34,13,13,13,32,32,27,27,21,21,40,58,60,60,55,53,53,53,36,76,76,76,76,76,78,68,68,73,77,77,77,76,69,59,59,59,47,47,47,42,4,0,0],"gold":176,"neow_bonus":"BOSS_RELIC","is_daily":false,"chose_seed":false,"campfire_upgraded":6,"win_rate":0.0,"timestamp":1608339313,"path_taken":["M","$","M","$","?","R","?","?","T","R","E","M","R","?","R","BOSS","M","?","?","M","$","R","E","?","T","?","?","?","E","M","R","BOSS","M","?","M","?","M","E","R","?","T","$","M","E","M"],"items_purchased_type":["Card","Card","Relic","Relic","Card"],"build_version":"2020-12-13","purchased_purges":5,"victory":false,"max_hp_per_floor":[64,64,64,64,64,64,64,64,64,64,64,64,64,64,64,64,64,66,66,66,66,66,66,66,76,76,76,76,76,78,78,78,78,78,78,78,78,78,78,78,78,78,78,78,78,78,78,78],"card_choices":[{"not_picked":["stsjorbsmod:Rest","stsjorbsmod:ArcaneWeapon"],"picked":"stsjorbsmod:Mania","floor":1},{"not_picked":["stsjorbsmod:ChatteringStrike","stsjorbsmod:WanderingMind"],"picked":"stsjorbsmod:Channel","floor":3},{"not_picked":["stsjorbsmod:BurningFlask","stsjorbsmod:Message"],"picked":"stsjorbsmod:Prestidigitation","floor":8},{"not_picked":["stsjorbsmod:ScorchingRay","stsjorbsmod:OldPocket"],"picked":"stsjorbsmod:FlameWard","floor":11},{"not_picked":["stsjorbsmod:DoubleCheck","stsjorbsmod:Materialize"],"picked":"stsjorbsmod:OldPocket","floor":12},{"not_picked":["stsjorbsmod:Fear","stsjorbsmod:MagicMissiles"],"picked":"stsjorbsmod:ArcaneWeapon","floor":14},{"not_picked":["stsjorbsmod:Feast","stsjorbsmod:PurgeMind"],"picked":"stsjorbsmod:Entangle","floor":16},{"not_picked":["stsjorbsmod:Mending","stsjorbsmod:Mindworm"],"picked":"stsjorbsmod:SchoolsOfMagic","floor":18},{"not_picked":["stsjorbsmod:ParryingBlow","stsjorbsmod:BlackTentacles"],"picked":"stsjorbsmod:MirrorImage","floor":20},{"not_picked":["stsjorbsmod:Index","stsjorbsmod:Prestidigitation"],"picked":"stsjorbsmod:ColorSpray","floor":21},{"not_picked":["stsjorbsmod:Index+1","stsjorbsmod:Mania"],"picked":"stsjorbsmod:Stalwart","floor":24},{"not_picked":["stsjorbsmod:Mania","stsjorbsmod:MagicMirror+1"],"picked":"stsjorbsmod:HedgeWizard","floor":30},{"not_picked":["stsjorbsmod:FlameWard","stsjorbsmod:MagicMirror"],"picked":"stsjorbsmod:Aid+1","floor":31},{"not_picked":["stsjorbsmod:Determination","stsjorbsmod:Banish"],"picked":"stsjorbsmod:ArcaneForm","floor":33},{"not_picked":["stsjorbsmod:WeightOfMemory","stsjorbsmod:Thorns+1","stsjorbsmod:UnseenServant"],"picked":"SKIP","floor":35},{"not_picked":["stsjorbsmod:WeightOfMemory","stsjorbsmod:Thorns+1","stsjorbsmod:UnseenServant"],"picked":"SKIP","floor":35},{"not_picked":["stsjorbsmod:Rest+1","stsjorbsmod:MageArmor"],"picked":"stsjorbsmod:SchoolsOfMagic","floor":37},{"not_picked":["stsjorbsmod:Hibernate","stsjorbsmod:HoldMonster"],"picked":"stsjorbsmod:SmithingStrike","floor":38},{"not_picked":["stsjorbsmod:FlameWard","stsjorbsmod:Prepare","stsjorbsmod:ChainLightning"],"picked":"SKIP","floor":39},{"not_picked":["stsjorbsmod:GatherPower","stsjorbsmod:Hurt+1","stsjorbsmod:Stalwart+1"],"picked":"SKIP","floor":40},{"not_picked":["stsjorbsmod:ChainLightning","stsjorbsmod:WanderingMind"],"picked":"stsjorbsmod:Withdraw","floor":42},{"not_picked":["stsjorbsmod:WanderingMind","stsjorbsmod:Channel","stsjorbsmod:DisguiseSelf"],"picked":"SKIP","floor":45},{"not_picked":["stsjorbsmod:ChatteringStrike","stsjorbsmod:Rest"],"picked":"stsjorbsmod:CorrodingBarrier","floor":46}],"player_experience":685140,"relics_obtained":[{"floor":9,"key":"HornCleat"},{"floor":11,"key":"Akabeko"},{"floor":24,"key":"MawBank"},{"floor":26,"key":"Whetstone"},{"floor":27,"key":"Bag of Preparation"},{"floor":30,"key":"Nunchaku"},{"floor":40,"key":"The Courier"},{"floor":42,"key":"Incense Burner"},{"floor":46,"key":"MealTicket"}],"event_choices":[{"damage_healed":0,"gold_gain":0,"player_choice":"Relic ","damage_taken":18,"max_hp_gain":0,"max_hp_loss":0,"event_name":"betterThird:BetterScrap","floor":5,"gold_loss":0,"cards_obtained":["Tantrum"]},{"damage_healed":0,"gold_gain":0,"player_choice":"UP UP ","damage_taken":25,"relics_obtained":[],"max_hp_gain":0,"max_hp_loss":0,"event_name":"betterSkull:BetterSkull","floor":7,"gold_loss":0,"cards_upgraded":["stsjorbsmod:Mania","stsjorbsmod:Strike_Wanderer"]},{"damage_healed":0,"gold_gain":0,"player_choice":"Searched \u00272\u0027 times","damage_taken":0,"relics_obtained":["Pantograph"],"max_hp_gain":0,"max_hp_loss":0,"event_name":"Dead Adventurer","floor":14,"gold_loss":0},{"damage_healed":0,"gold_gain":0,"player_choice":"Traded Relic","damage_taken":0,"relics_obtained":["Nloth\u0027s Gift"],"max_hp_gain":0,"max_hp_loss":0,"event_name":"N\u0027loth","floor":19,"relics_lost":["Empty Cage"],"gold_loss":0},{"cards_removed":["stsjorbsmod:MirrorImage"],"damage_healed":30,"gold_gain":0,"player_choice":"Offered Rare","damage_taken":0,"max_hp_gain":10,"max_hp_loss":0,"event_name":"Bonfire Elementals","floor":25,"gold_loss":0},{"damage_healed":0,"gold_gain":0,"cards_transformed":["stsjorbsmod:Defend_Wanderer"],"player_choice":"Transformed","damage_taken":0,"max_hp_gain":0,"max_hp_loss":0,"event_name":"Transmorgrifier","floor":28,"gold_loss":0,"cards_obtained":["stsjorbsmod:ColorSpray"]},{"damage_healed":0,"gold_gain":0,"player_choice":"Ignored","damage_taken":0,"max_hp_gain":0,"max_hp_loss":0,"event_name":"The Mausoleum","floor":29,"gold_loss":0},{"damage_healed":0,"gold_gain":3,"player_choice":"4","damage_taken":0,"max_hp_gain":0,"max_hp_loss":0,"event_name":"betterStone:BetterStone","floor":36,"gold_loss":0,"cards_obtained":["stsjorbsmod:Fireball"]},{"damage_healed":0,"gold_gain":0,"player_choice":"Fight","damage_taken":0,"max_hp_gain":0,"max_hp_loss":0,"event_name":"Mysterious Sphere","floor":42,"gold_loss":0}],"is_beta":false,"boss_relics":[{"not_picked":["SacredBark","Fusion Hammer"],"picked":"Empty Cage"},{"not_picked":["Runic Pyramid","Pandora\u0027s Box"],"picked":"Cursed Key"}],"items_purged_floors":[2,22,22,44,44],"is_endless":false,"potions_floor_spawned":[3,8,14,18,30,33,35,37,38,46],"killed_by":"4 Shapes","ascension_level":20}}