{"host":"9d83omykrosjn1d3","time":1608389215,"event":{"mods":["AchievementEnabler","BaseMod","BetterRewards","Card Forge","Hubris","MarisaÅiñ∂âJÅ@ñÇóùçπÅj","Minty Spire (QoL Compilation)","Permanent Neow","Shop Mod","StSLib","SuperFastMode"],"gold_per_floor":[116,116,216,228,228,256,290,317,317,345,371,382,417,450,450,548,548,559,559,152,152,17,49,49,77,126,160,191,220,220,250,250,345,345,357,377,377,73,108,133,158,191,191,220,248,248,248],"floor_reached":46,"playtime":2393,"items_purged":["Defend_B","Defend_B","Zap+1"],"score":937,"play_id":"2b537a54-7ce5-4b94-b408-0c67cbe88b25","local_time":"20201219234655","daily_mods":["Colorless Cards","Heirloom","Flight","DeadlyEvents","Elite Swarm"],"is_ascension_mode":false,"campfire_choices":[{"floor":15,"key":"REST"},{"data":"Creative AI","floor":24,"key":"SMITH"},{"data":"Amplify","floor":32,"key":"SMITH"}],"circlet_count":0,"master_deck":["Glacier+1","Panacea+1","Electrodynamics+1","Creative AI+1","Amplify+1","hubris:DoWhile+1","Consume+1","Biased Cognition+1","Genetic Algorithm+1","Defragment+1","Defragment+1","Biased Cognition+1","Core Surge+1","Machine Learning+1","Recycle+1","Seek+1","Buffer","Echo Form","hubris:EnhanceAbility"],"relics":["Cracked Core","Hammer of Thor","Seething Fire","Anvil of the Gods","Peace Pipe","hubris:Icosahedron","hubris:RGBLights","Emotion Chip","PreservedInsect","StoneCalendar","Thread and Needle","Inserter","MerchantsRug","Meat on the Bone","hubris:BottledRain","Shovel","Bag of Preparation","hubris:ToyBattleship","Oddly Smooth Stone","Akabeko","Velvet Choker","Mark of the Bloom","Sundial","TheAbacus","hubris:Zylophone","Dream Catcher","hubris:BundleOfHerbs","Blue Candle","Question Card","HornCleat","White Beast Statue"],"acts_visited":["Exordium","TheCity","TheBeyond"],"potions_floor_usage":[7],"damage_taken":[{"damage":0,"enemies":"2 Louse","floor":1,"turns":3},{"damage":0,"enemies":"Jaw Worm","floor":4,"turns":4},{"damage":7,"enemies":"Lagavulin","floor":6,"turns":11},{"damage":12,"enemies":"Gremlin Nob","floor":7,"turns":4},{"damage":17,"enemies":"3 Sentries","floor":8,"turns":3},{"damage":5,"enemies":"Gremlin Nob","floor":10,"turns":6},{"damage":4,"enemies":"3 Sentries","floor":11,"turns":2},{"damage":1,"enemies":"Cultist","floor":12,"turns":4},{"damage":22,"enemies":"Gremlin Nob","floor":13,"turns":6},{"damage":0,"enemies":"3 Sentries","floor":14,"turns":3},{"damage":16,"enemies":"Slime Boss","floor":16,"turns":7},{"damage":8,"enemies":"Spheric Guardian","floor":18,"turns":4},{"damage":8,"enemies":"Book of Stabbing","floor":23,"turns":7},{"damage":15,"enemies":"Gremlin Leader","floor":25,"turns":5},{"damage":24,"enemies":"Book of Stabbing","floor":27,"turns":7},{"damage":23,"enemies":"Gremlin Leader","floor":28,"turns":6},{"damage":4,"enemies":"Book of Stabbing","floor":29,"turns":7},{"damage":3,"enemies":"Gremlin Leader","floor":31,"turns":6},{"damage":30,"enemies":"Automaton","floor":33,"turns":5},{"damage":16,"enemies":"3 Darklings","floor":35,"turns":4},{"damage":0,"enemies":"3 Shapes","floor":36,"turns":3},{"damage":0,"enemies":"Giant Head","floor":39,"turns":7},{"damage":9,"enemies":"Reptomancer","floor":40,"turns":4},{"damage":0,"enemies":"Nemesis","floor":41,"turns":5},{"damage":16,"enemies":"Reptomancer","floor":42,"turns":4},{"damage":0,"enemies":"Nemesis","floor":44,"turns":5},{"damage":9,"enemies":"Giant Head","floor":45,"turns":6},{"damage":26,"enemies":"Reptomancer","floor":46,"turns":2}],"seed_played":"741161388450440560","potions_obtained":[{"floor":4,"key":"AttackPotion"},{"floor":10,"key":"ColorlessPotion"},{"floor":11,"key":"DuplicationPotion"},{"floor":14,"key":"LiquidMemories"},{"floor":27,"key":"ColorlessPotion"},{"floor":28,"key":"SteroidPotion"},{"floor":33,"key":"AttackPotion"},{"floor":39,"key":"PowerPotion"},{"floor":42,"key":"SkillPotion"},{"floor":44,"key":"LiquidMemories"}],"is_trial":true,"path_per_floor":["M","?","?","M","?","E","E","E","T","E","E","M","E","E","R","B",null,"M","?","$","?","$","E","R","E","T","E","E","E","T","E","R","B",null,"M","M","?","$","E","E","E","E","T","E","E","E"],"character_chosen":"DEFECT","items_purchased":["MerchantsRug","Meat on the Bone","Defragment","Sundial","TheAbacus"],"campfire_rested":1,"item_purchase_floors":[20,20,22,38,38],"current_hp_per_floor":[75,75,75,75,75,68,56,39,39,34,30,29,7,7,29,13,75,67,67,67,67,67,59,59,44,44,32,21,29,29,38,38,20,75,59,59,59,59,59,50,50,34,34,34,25,0,0],"gold":248,"neow_bonus":"","is_daily":false,"chose_seed":false,"campfire_upgraded":2,"win_rate":0.0,"timestamp":1608389215,"path_taken":["M","?","?","?","?","E","E","E","T","E","E","M","E","?","R","BOSS","M","?","$","?","$","E","R","E","T","E","?","E","?","E","R","BOSS","M","?","?","$","?","E","E","E","T","E","E","E"],"items_purchased_type":["Relic","Relic","Card","Relic","Relic"],"build_version":"2020-12-13","purchased_purges":3,"victory":false,"max_hp_per_floor":[75,75,75,75,75,75,75,75,75,75,75,75,75,75,75,75,75,75,75,75,75,75,75,75,75,75,75,75,75,75,75,75,75,75,75,75,75,75,75,75,75,75,75,75,75,75,75],"card_choices":[{"not_picked":["Coolheaded","Rebound","Purity"],"picked":"SKIP","floor":1},{"not_picked":["Gash","Stack"],"picked":"Panacea","floor":4},{"not_picked":["hubris:SpecializedCircuitry","All For One"],"picked":"Electrodynamics","floor":6},{"not_picked":["Fission","Secret Technique","The Bomb"],"picked":"SKIP","floor":7},{"not_picked":["Chrysalis","hubris:DoWhile"],"picked":"Creative AI","floor":8},{"not_picked":["Violence","Seek"],"picked":"Amplify","floor":10},{"not_picked":["Transmutation","hubris:Prefetch"],"picked":"hubris:DoWhile","floor":11},{"not_picked":["Conserve Battery","Steam"],"picked":"Consume","floor":12},{"not_picked":["Thinking Ahead","hubris:Prefetch"],"picked":"Biased Cognition","floor":13},{"not_picked":["Chrysalis","Violence","Hyperbeam"],"picked":"SKIP","floor":14},{"not_picked":["Coolheaded","Melter","Compile Driver"],"picked":"SKIP","floor":18},{"not_picked":["Master of Strategy","Amplify"],"picked":"Biased Cognition","floor":23},{"not_picked":["Meteor Strike","Mayhem"],"picked":"Core Surge","floor":25},{"not_picked":["Transmutation","Fission"],"picked":"Machine Learning","floor":27},{"not_picked":["Magnetism","The Bomb","Thinking Ahead"],"picked":"SKIP","floor":28},{"not_picked":["Thinking Ahead","Thunder Strike"],"picked":"Seek","floor":29},{"not_picked":["Fission","hubris:EnhanceAbility","hubris:SpecializedCircuitry"],"picked":"SKIP","floor":31},{"not_picked":["Barrage","Hologram+1","Stack+1"],"picked":"SKIP","floor":35},{"not_picked":["Barrage+1","Leap","White Noise"],"picked":"SKIP","floor":36},{"not_picked":["Multi-Cast","Transmutation"],"picked":"Buffer","floor":39},{"not_picked":["Thinking Ahead","Core Surge","Multi-Cast"],"picked":"SKIP","floor":40},{"not_picked":["Reboot","Mayhem","All For One"],"picked":"SKIP","floor":41},{"not_picked":["Violence","Transmutation"],"picked":"Echo Form","floor":42},{"not_picked":["Panache","hubris:Prefetch","hubris:SpecializedCircuitry","Mayhem"],"picked":"SKIP","floor":44},{"not_picked":["Multi-Cast","hubris:Prefetch","Fission"],"picked":"hubris:EnhanceAbility","floor":45}],"player_experience":580933,"relics_obtained":[{"floor":6,"key":"hubris:RGBLights"},{"floor":8,"key":"Emotion Chip"},{"floor":9,"key":"PreservedInsect"},{"floor":10,"key":"Vajra"},{"floor":11,"key":"hubris:GlazedTorus"},{"floor":13,"key":"StoneCalendar"},{"floor":14,"key":"Thread and Needle"},{"floor":23,"key":"hubris:BottledRain"},{"floor":25,"key":"Shovel"},{"floor":26,"key":"Bag of Preparation"},{"floor":27,"key":"hubris:ToyBattleship"},{"floor":28,"key":"Oddly Smooth Stone"},{"floor":29,"key":"Akabeko"},{"floor":31,"key":"Shuriken"},{"floor":39,"key":"hubris:Zylophone"},{"floor":40,"key":"Dream Catcher"},{"floor":41,"key":"hubris:BundleOfHerbs"},{"floor":42,"key":"Blue Candle"},{"floor":43,"key":"Question Card"},{"floor":44,"key":"HornCleat"},{"floor":45,"key":"White Beast Statue"}],"event_choices":[{"damage_healed":0,"gold_gain":100,"player_choice":"Pray","damage_taken":0,"max_hp_gain":0,"max_hp_loss":0,"event_name":"Golden Shrine","floor":3,"gold_loss":0},{"damage_healed":0,"gold_gain":0,"player_choice":"Ignored","damage_taken":0,"max_hp_gain":0,"max_hp_loss":0,"event_name":"NoteForYourself","floor":5,"gold_loss":0},{"damage_healed":0,"gold_gain":0,"cards_transformed":["Strike_B","Strike_B"],"player_choice":"Became Test Subject","damage_taken":0,"max_hp_gain":0,"max_hp_loss":0,"event_name":"Drug Dealer","floor":19,"gold_loss":0,"cards_obtained":["Genetic Algorithm","Defragment"]},{"damage_healed":0,"gold_gain":0,"player_choice":"Upgraded","damage_taken":0,"max_hp_gain":0,"max_hp_loss":0,"event_name":"Upgrade Shrine","floor":21,"gold_loss":0,"cards_upgraded":["Genetic Algorithm"]},{"damage_healed":0,"gold_gain":0,"player_choice":"Upgrade","damage_taken":0,"relics_obtained":["Mark of the Bloom"],"max_hp_gain":0,"max_hp_loss":0,"event_name":"MindBloom","floor":37,"gold_loss":0,"cards_upgraded":["Zap","Glacier","Panacea","Electrodynamics","hubris:DoWhile","Consume","Biased Cognition","Defragment","Defragment","Biased Cognition","Core Surge","Machine Learning","Recycle","Seek"]}],"is_beta":false,"boss_relics":[{"not_picked":["Coffee Dripper","Pandora\u0027s Box"],"picked":"Inserter"},{"not_picked":["hubris:VirtuousBlindfold","hubris:HollowSoul"],"picked":"Velvet Choker"}],"items_purged_floors":[20,22,38],"is_endless":false,"potions_floor_spawned":[4,10,11,12,14,16,18,27,28,33,39,42,44,45],"killed_by":"Reptomancer","ascension_level":0}}