{"host":"r5cycnjhcbwgkpkf","time":1608352253,"event":{"mods":["2.2 Compatiblity","AchievementEnabler","BaseMod","Bestiary","Better Match","Better Note","Better Skull","Better Third Choice","BetterRewards","Colored Map","Colored Powertips","Googly Eyes","Hermit","Infinite Spire","Minty Spire (QoL Compilation)","Replay The Spire","Spicy Shops","StSLib","The Servant 0.9.4"],"gold_per_floor":[115,126,46,46,46,46,71,71,96,113,139,139,155,165,165,261,261,278,278,278,95,107,107,132,146,172,200,160,160,160,85,85,189,189,221,146,146,146],"floor_reached":39,"playtime":2752,"items_purged":["Swift Strike","hermit:Snapshot"],"score":743,"play_id":"531b70c8-7039-4e4f-a5d2-a82c262c0cba","local_time":"20201218203053","is_ascension_mode":true,"campfire_choices":[{"data":"KidneyShot","floor":6,"key":"SMITH"},{"data":"FanOfKnives","floor":8,"key":"SMITH"},{"floor":15,"key":"REST"},{"data":"SilverBlades","floor":23,"key":"SMITH"},{"floor":30,"key":"REST"},{"data":"SurpressingFire","floor":32,"key":"SMITH"}],"circlet_count":0,"master_deck":["Strike_S","Strike_S","Strike_S","Defend_S","Defend_S","Defend_S","Defend_S","KidneyShot+1","Exchange","Rearm","ShatteredReality","SurpressingFire+1","SurpressingFire+1","FanOfKnives+1","ShiftingGears","Rewind","InstantArmor","SilverMatrix+1","Decay","TheWorld","ReplayTheSpireMod:??????????????????????","Ricochet+1","SilverBlades+1","BestPractice+1","Finesse+1","Dilation+1","Luminosity+1"],"relics":["Uniform","NeowsBlessing","Art of War","Oddly Smooth Stone","Boot","Happy Flower","ReplayTheSpireMod:SealedPack","Cauldron","Membership Card","Replay:Rubber Ducky","HornCleat","Juzu Bracelet","Replay:Multitool","infinitespire:EvilPickle","Busted Crown","Guide Book"],"acts_visited":["Exordium","TheCity","TheBeyond"],"potions_floor_usage":[24,27,29,38,38,38],"damage_taken":[{"damage":0.0,"enemies":"Small Slimes","floor":1.0,"turns":2.0},{"damage":0.0,"enemies":"Jaw Worm","floor":2.0,"turns":1.0},{"damage":0,"enemies":"Lagavulin","floor":7,"turns":1},{"damage":0,"enemies":"Cultist","floor":10,"turns":3},{"damage":16,"enemies":"3 Sentries","floor":11,"turns":6},{"damage":9,"enemies":"Red Slaver","floor":13,"turns":5},{"damage":0,"enemies":"Blue Slaver","floor":14,"turns":4},{"damage":5,"enemies":"The Guardian","floor":16,"turns":15},{"damage":0,"enemies":"Spheric Guardian","floor":18,"turns":4},{"damage":0,"enemies":"Chosen","floor":22,"turns":6},{"damage":23,"enemies":"Slavers","floor":24,"turns":5},{"damage":15,"enemies":"Centurion and Healer","floor":25,"turns":8},{"damage":4,"enemies":"Gremlin Leader","floor":27,"turns":6},{"damage":0,"enemies":"Colosseum Slavers","floor":29,"turns":4},{"damage":18,"enemies":"Pondfish","floor":33,"turns":15},{"damage":0,"enemies":"Orb Walker","floor":35,"turns":3},{"damage":2,"enemies":"Donu and Deca","floor":38,"turns":8}],"seed_played":"2707626628279520338","potions_obtained":[{"floor":7,"key":"Milkshake"},{"floor":10,"key":"Adrenaline Potion"},{"floor":11,"key":"Dexterity Potion"},{"floor":16,"key":"Strength Potion"},{"floor":25,"key":"Milkshake"},{"floor":27,"key":"Swift Potion"},{"floor":35,"key":"CultistPotion"}],"is_trial":false,"path_per_floor":["M","M","$","?","?","R","E","R","T","M","E","T","M","M","R","B",null,"M","AVR","?","$","M","R","E","M","T","E","?","?","R","?","R","B",null,"M","$","?","B",null],"character_chosen":"THE_SERVANT","items_purchased":["SurpressingFire","Membership Card","Replay:Rubber Ducky","Guide Book"],"campfire_rested":2,"item_purchase_floors":[3,21,21,36],"current_hp_per_floor":[65,65,65,65,65,65,65,65,65,65,49,49,40,40,59,54,65,65,65,65,65,65,65,42,27,27,23,23,23,42,42,42,24,65,65,65,65,63],"gold":146,"neow_bonus":"THREE_ENEMY_KILL","is_daily":false,"chose_seed":false,"campfire_upgraded":4,"win_rate":0.0,"timestamp":1608352253,"path_taken":["M","M","$","?","?","R","E","R","T","M","E","?","M","?","R","BOSS","M","AVR","?","$","M","R","E","M","T","E","?","?","R","?","R","BOSS","M","$","?","BOSS"],"items_purchased_type":["Card","Relic","Relic","Relic"],"build_version":"2020-12-13","purchased_purges":2,"victory":true,"max_hp_per_floor":[65,65,65,65,65,65,65,65,65,65,65,65,65,65,65,65,65,65,65,65,65,65,65,65,65,65,65,65,65,65,65,65,65,65,65,65,65,65],"card_choices":[{"not_picked":["Contraction","DoubleEdge"],"picked":"Rearm","floor":1.0},{"not_picked":["Replace","Potential"],"picked":"ShatteredReality","floor":2.0},{"not_picked":["Alleviate","Spin"],"picked":"FanOfKnives","floor":7},{"not_picked":["Orbit","Alleviate"],"picked":"ShiftingGears","floor":10},{"not_picked":["Replace","Rearm"],"picked":"Rewind","floor":11},{"not_picked":["ShiftingGears","Spin","Unruled"],"picked":"SKIP","floor":13},{"not_picked":["Ricochet","FastForward"],"picked":"InstantArmor","floor":14},{"not_picked":["Dilation","PendulumOfEternity"],"picked":"SilverMatrix","floor":16},{"not_picked":["Bash","m_Survivalism"],"picked":"hermit:Snapshot","floor":17},{"not_picked":["Dilation","ForgedInTime"],"picked":"TheWorld","floor":17},{"not_picked":["Purity","Forethought"],"picked":"Swift Strike","floor":17},{"not_picked":["infinitespire:Fortify","infinitespire:TheBestDefense"],"picked":"ReplayTheSpireMod:??????????????????????","floor":17},{"not_picked":["RealityMarble","Rearm"],"picked":"Ricochet","floor":18},{"not_picked":["Reset","TimeWarp","Rewind+1"],"picked":"SKIP","floor":22},{"not_picked":["TimeWarp+1","Duplication","Revamp+1"],"picked":"SKIP","floor":24},{"not_picked":["Defy+1","DualDimension","Revamp"],"picked":"SKIP","floor":25},{"not_picked":["TimeWarp","SurpressingFire"],"picked":"BestPractice+1","floor":27},{"not_picked":["Discovery+1","PanicButton+1"],"picked":"Finesse+1","floor":31},{"not_picked":["Duplication","PendulumOfEternity"],"picked":"Dilation","floor":33},{"not_picked":[],"picked":"Luminosity+1","floor":35}],"player_experience":404873,"relics_obtained":[{"floor":7,"key":"Art of War"},{"floor":9,"key":"Oddly Smooth Stone"},{"floor":11,"key":"Boot"},{"floor":12,"key":"Happy Flower"},{"floor":24,"key":"HornCleat"},{"floor":26,"key":"Juzu Bracelet"},{"floor":27,"key":"Replay:Multitool"}],"event_choices":[{"damage_healed":0,"gold_gain":0,"player_choice":"Read","damage_taken":0,"max_hp_gain":0,"max_hp_loss":0,"event_name":"The Library","floor":20,"gold_loss":0,"cards_obtained":["SilverBlades"]},{"damage_healed":0,"gold_gain":0,"player_choice":"Upgrade","damage_taken":0,"max_hp_gain":0,"max_hp_loss":0,"event_name":"Designer","floor":28,"gold_loss":40,"cards_upgraded":["Ricochet"]},{"damage_healed":0,"gold_gain":0,"player_choice":"Fight","damage_taken":0,"max_hp_gain":0,"max_hp_loss":0,"event_name":"Colosseum","floor":29,"gold_loss":0},{"damage_healed":0,"gold_gain":0,"player_choice":"Fled From Nobs","damage_taken":0,"max_hp_gain":0,"max_hp_loss":0,"event_name":"Colosseum","floor":29,"gold_loss":0},{"damage_healed":0,"gold_gain":0,"player_choice":"2","damage_taken":0,"max_hp_gain":0,"max_hp_loss":0,"event_name":"betterMatch:BetterMatch","floor":31,"gold_loss":0,"cards_obtained":["betterMatch:ColorlessUncommonCard"]},{"damage_healed":0,"gold_gain":0,"player_choice":"Portal","damage_taken":0,"max_hp_gain":0,"max_hp_loss":0,"event_name":"betterThird:BetterPortal","floor":37,"gold_loss":0}],"is_beta":false,"boss_relics":[{"not_picked":["Snecko Eye","Runic Dome"],"picked":"ReplayTheSpireMod:SealedPack"},{"not_picked":["Abe\u0027s Treasure","Fusion Hammer"],"picked":"Busted Crown"}],"items_purged_floors":[19,21],"is_endless":false,"potions_floor_spawned":[7,10,11,16,18,25,27,35],"ascension_level":4}}