{"host":"h0xw20cia6ppa69g","time":1608372214,"event":{"mods":["AchievementEnabler","BaseMod","Colored Map","Filter the Spire","Googly Eyes","Minty Spire (QoL Compilation)","Relic Stats","StSLib","The Awakened One except there are too many feathers","everything is the same but u backflip on backflip"],"gold_per_floor":[119,99,111,126,126,156,156,174,474,486,515,80,80,94,94,191,191,205,215,234,234,159,189,189,100,100,134,134,150,150,164,164,265,315,325,325,339,28,39,73,38,69,115,140,159,173,173,185,185,185,185,185,37,71,71],"floor_reached":56,"playtime":3873,"items_purged":["Shame","Zap"],"score":1468,"play_id":"7458f9c8-a748-4582-9581-895815bb3c84","local_time":"20201219040334","is_ascension_mode":true,"campfire_choices":[{"data":"Consume","floor":13.0,"key":"SMITH"},{"data":"Barrage","floor":15.0,"key":"SMITH"},{"data":"Turbo","floor":24,"key":"SMITH"},{"data":"Echo Form","floor":32,"key":"SMITH"},{"floor":49,"key":"RECALL"},{"data":"Panacea","floor":52,"key":"SMITH"}],"circlet_count":0,"master_deck":["Dualcast+1","Skim","Fission+1","Turbo+1","Double Energy","Sweeping Beam","Chill","Leap","Barrage+1","Darkness","Ball Lightning","Creative AI","Coolheaded","FTL","Consume+1","Thunder Strike","Echo Form+1","Storm","Compile Driver+1","Cold Snap","Ghostly","Ghostly","Ghostly","Ghostly","Ghostly","Leap+1","Panacea+1","Turbo","Biased Cognition","Loop","Turbo+1","Defragment","Heatsinks","Leap+1","Defragment","Capacitor","Stack+1","Multi-Cast"],"relics":["Pandora\u0027s Box","Mercury Hourglass","Old Coin","Torii","Art of War","Strange Spoon","SlaversCollar","StrikeDummy","FossilizedHelix","Darkstone Periapt","Centennial Puzzle","Tiny House","TheAbacus","Orichalcum","Happy Flower","Molten Egg 2","Symbiotic Virus"],"acts_visited":["Exordium","TheCity","TheBeyond","TheEnding"],"potions_floor_usage":[23,33,35,55,55,55],"damage_taken":[{"damage":0.0,"enemies":"Jaw Worm","floor":1.0,"turns":5.0},{"damage":0.0,"enemies":"Cultist","floor":3.0,"turns":3.0},{"damage":3.0,"enemies":"Small Slimes","floor":4.0,"turns":4.0},{"damage":14.0,"enemies":"Lagavulin","floor":6.0,"turns":6.0},{"damage":0.0,"enemies":"2 Fungi Beasts","floor":8.0,"turns":2.0},{"damage":0.0,"enemies":"3 Louse","floor":10.0,"turns":2.0},{"damage":16.0,"enemies":"3 Sentries","floor":11.0,"turns":5.0},{"damage":1.0,"enemies":"Blue Slaver","floor":14.0,"turns":3.0},{"damage":30.0,"enemies":"Slime Boss","floor":16.0,"turns":7.0},{"damage":0.0,"enemies":"3 Byrds","floor":18.0,"turns":3.0},{"damage":3.0,"enemies":"Chosen","floor":19.0,"turns":4.0},{"damage":1.0,"enemies":"Sentry and Sphere","floor":20.0,"turns":5.0},{"damage":3,"enemies":"Slavers","floor":23,"turns":7},{"damage":1,"enemies":"Gremlin Leader","floor":27,"turns":7},{"damage":12,"enemies":"Centurion and Healer","floor":29,"turns":5},{"damage":3,"enemies":"Cultist and Chosen","floor":31,"turns":8},{"damage":15,"enemies":"Champ","floor":33,"turns":14},{"damage":10,"enemies":"3 Darklings","floor":35,"turns":5},{"damage":0,"enemies":"3 Shapes","floor":37,"turns":5},{"damage":6,"enemies":"Spire Growth","floor":39,"turns":9},{"damage":0,"enemies":"Reptomancer","floor":40,"turns":6},{"damage":0,"enemies":"Nemesis","floor":42,"turns":7},{"damage":0,"enemies":"Reptomancer","floor":44,"turns":7},{"damage":0,"enemies":"Sphere and 2 Shapes","floor":45,"turns":7},{"damage":0,"enemies":"Jaw Worm Horde","floor":46,"turns":5},{"damage":0,"enemies":"Maw","floor":48,"turns":9},{"damage":7,"enemies":"Time Eater","floor":50,"turns":11},{"damage":0,"enemies":"Shield and Spear","floor":54,"turns":9},{"damage":27,"enemies":"The Heart","floor":55,"turns":8}],"seed_played":"-245284890574586474","potions_obtained":[{"floor":2.0,"key":"EssenceOfDarkness"},{"floor":3.0,"key":"Strength Potion"},{"floor":10.0,"key":"FocusPotion"},{"floor":11.0,"key":"BlessingOfTheForge"},{"floor":16.0,"key":"Ancient Potion"},{"floor":20.0,"key":"DistilledChaos"},{"floor":23,"key":"Ancient Potion"},{"floor":33,"key":"Swift Potion"},{"floor":35,"key":"BlessingOfTheForge"},{"floor":48,"key":"SpeedPotion"}],"is_trial":false,"path_per_floor":["M","?","M","M","?","E","?","M","T","M","E","$","R","M","R","B",null,"M","M","M","?","?","E","R","$","T","E","?","M","?","M","R","B",null,"M","?","M","$","M","E","$","E","T","E","M","M","T","M","R","B",null,"R","$","E","B",null],"character_chosen":"DEFECT","items_purchased":["Consume","Art of War","Strange Spoon","Thunder Strike","Panacea","Defragment","TheAbacus","Heatsinks","BlessingOfTheForge"],"campfire_rested":0,"item_purchase_floors":[12,12,12,12,25,38,38,41,53],"current_hp_per_floor":[75,75,75,72,72,58,51,51,51,51,35,35,35,34,34,4,75,75,72,71,37,37,34,34,34,34,33,33,21,27,24,24,9,48,38,38,38,38,32,32,32,32,32,32,32,32,32,32,32,25,48,48,48,48,21],"gold":71,"neow_bonus":"BOSS_RELIC","is_daily":false,"chose_seed":false,"campfire_upgraded":5,"win_rate":0.0,"timestamp":1608372214,"path_taken":["M","?","?","M","?","E","?","M","T","M","E","$","R","M","R","BOSS","M","M","M","?","?","E","R","?","T","E","?","?","?","M","R","BOSS","M","?","M","$","?","E","?","E","T","E","M","M","?","M","R","BOSS","R","$","E","BOSS"],"items_purchased_type":["Card","Relic","Relic","Card","Card","Card","Relic","Card","Potion"],"build_version":"2020-12-13","purchased_purges":2,"victory":true,"max_hp_per_floor":[75,75,75,75,75,75,75,75,75,75,75,75,75,75,75,75,75,75,75,75,37,37,37,37,37,37,37,37,37,43,43,43,43,48,48,48,48,48,48,48,48,48,48,48,48,48,48,48,48,48,48,48,48,48,48],"relic_stats":{"Darkstone Periapt":6,"Strange Spoon":[105],"Centennial Puzzle":[18],"TheAbacus":[84],"Torii":18,"Happy Flower":[18],"counters":[29,178],"Pandora\u0027s Box":["Skim","Fission","Turbo","Double Energy","Reprogram","Sweeping Beam","Chill","Leap"],"Art of War":[43],"Orichalcum":[156],"obtain_stats":[{"Darkstone Periapt":27,"Tiny House":34,"Torii":11,"Happy Flower":42,"Orichalcum":40,"Mercury Hourglass":6,"Old Coin":9,"Strange Spoon":12,"SlaversCollar":17,"Centennial Puzzle":30,"TheAbacus":38,"Pandora\u0027s Box":0,"Molten Egg 2":44,"Art of War":12,"Cracked Core":0,"StrikeDummy":23,"Symbiotic Virus":47,"FossilizedHelix":26},{"Darkstone Periapt":14,"Tiny House":17,"Torii":7,"Happy Flower":22,"Orichalcum":21,"Mercury Hourglass":4,"Old Coin":5,"Strange Spoon":7,"SlaversCollar":9,"Centennial Puzzle":15,"TheAbacus":19,"Pandora\u0027s Box":0,"Molten Egg 2":23,"Art of War":7,"Cracked Core":0,"StrikeDummy":13,"Symbiotic Virus":25,"FossilizedHelix":13},{"Darkstone Periapt":63,"Tiny House":90,"Torii":27,"Happy Flower":122,"Orichalcum":115,"Mercury Hourglass":18,"Old Coin":20,"Strange Spoon":27,"SlaversCollar":37,"Centennial Puzzle":68,"TheAbacus":100,"Pandora\u0027s Box":0,"Molten Egg 2":129,"Art of War":27,"Cracked Core":0,"StrikeDummy":56,"Symbiotic Virus":141,"FossilizedHelix":56}],"Mercury Hourglass":[676]},"card_choices":[{"not_picked":["Genetic Algorithm","Consume"],"picked":"Barrage","floor":1.0},{"not_picked":["Storm","Barrage"],"picked":"Darkness","floor":3.0},{"not_picked":["Conserve Battery","BootSequence"],"picked":"Gash","floor":4.0},{"not_picked":["Darkness","Barrage"],"picked":"Ball Lightning","floor":6.0},{"not_picked":["Go for the Eyes","Reinforced Body"],"picked":"Creative AI","floor":8.0},{"not_picked":["Hello World","Streamline"],"picked":"Coolheaded","floor":10.0},{"not_picked":["Barrage","Fusion"],"picked":"FTL","floor":11.0},{"not_picked":["Rip and Tear","Barrage","Gash"],"picked":"SKIP","floor":14.0},{"not_picked":["Rainbow","Fission"],"picked":"Echo Form","floor":16.0},{"not_picked":["Go for the Eyes","Heatsinks"],"picked":"Storm","floor":18.0},{"not_picked":["Barrage","Chaos"],"picked":"Compile Driver+1","floor":19.0},{"not_picked":["Barrage","Steam"],"picked":"Cold Snap","floor":20.0},{"not_picked":["Cold Snap","Compile Driver"],"picked":"Leap+1","floor":23},{"not_picked":["Sweeping Beam","Gash+1","Coolheaded"],"picked":"SKIP","floor":27},{"not_picked":["Steam Power","Redo","Leap"],"picked":"SKIP","floor":29},{"not_picked":["Go for the Eyes","Cold Snap+1"],"picked":"Turbo","floor":31},{"not_picked":["Multi-Cast","Seek"],"picked":"Biased Cognition","floor":33},{"not_picked":["Go for the Eyes","Ball Lightning"],"picked":"Loop","floor":34},{"not_picked":["FTL+1","Cold Snap+1"],"picked":"Turbo+1","floor":35},{"not_picked":["Steam","Steam Power","Go for the Eyes"],"picked":"SKIP","floor":37},{"not_picked":["Rebound+1","Genetic Algorithm","Rip and Tear+1"],"picked":"SKIP","floor":39},{"not_picked":["Leap+1","Compile Driver+1","Loop"],"picked":"SKIP","floor":40},{"not_picked":["Turbo","Hello World"],"picked":"Leap+1","floor":42},{"not_picked":["Cold Snap+1","Steam"],"picked":"Defragment","floor":44},{"not_picked":["Buffer","Cold Snap+1","Conserve Battery"],"picked":"SKIP","floor":45},{"not_picked":["Compile Driver+1","Hologram+1"],"picked":"Capacitor","floor":46},{"not_picked":["Ball Lightning+1","Go for the Eyes+1"],"picked":"Stack+1","floor":48},{"not_picked":["Gash+1","Consume"],"picked":"Multi-Cast","floor":54}],"player_experience":3523465,"relics_obtained":[{"floor":6.0,"key":"Mercury Hourglass"},{"floor":9.0,"key":"Old Coin"},{"floor":11.0,"key":"Torii"},{"floor":23,"key":"StrikeDummy"},{"floor":26,"key":"FossilizedHelix"},{"floor":27,"key":"Darkstone Periapt"},{"floor":40,"key":"Orichalcum"},{"floor":42,"key":"Happy Flower"},{"floor":44,"key":"Molten Egg 2"},{"floor":47,"key":"Symbiotic Virus"}],"event_choices":[{"damage_healed":0.0,"max_hp_gain":0.0,"max_hp_loss":0.0,"gold_gain":0.0,"event_name":"The Woman in Blue","player_choice":"Bought 1 Potion","floor":2.0,"gold_loss":0.0,"damage_taken":0.0},{"damage_healed":0.0,"max_hp_gain":0.0,"max_hp_loss":0.0,"gold_gain":0.0,"event_name":"Liars Game","player_choice":"Ignored","floor":5.0,"gold_loss":0.0,"damage_taken":0.0},{"cards_removed":["Reprogram"],"damage_healed":0.0,"max_hp_gain":0.0,"max_hp_loss":0.0,"gold_gain":0.0,"event_name":"Golden Wing","player_choice":"Card Removal","floor":7.0,"gold_loss":0.0,"damage_taken":7.0},{"damage_healed":0,"gold_gain":0,"player_choice":"Became a Ghost","damage_taken":0,"max_hp_gain":0,"max_hp_loss":38,"event_name":"Ghosts","floor":21,"gold_loss":0,"cards_obtained":["Ghostly","Ghostly","Ghostly","Ghostly","Ghostly"]},{"cards_removed":["Gash"],"damage_healed":0,"gold_gain":0,"player_choice":"Gave Gold","damage_taken":0,"max_hp_gain":0,"max_hp_loss":0,"event_name":"Beggar","floor":22,"gold_loss":75},{"damage_healed":0,"gold_gain":0,"player_choice":"Upgraded","damage_taken":0,"max_hp_gain":0,"max_hp_loss":0,"event_name":"Upgrade Shrine","floor":28,"gold_loss":0,"cards_upgraded":["Fission"]},{"damage_healed":0,"gold_gain":0,"player_choice":"Stole Relic","damage_taken":0,"relics_obtained":["Centennial Puzzle"],"max_hp_gain":0,"max_hp_loss":0,"event_name":"Addict","floor":30,"gold_loss":0,"cards_obtained":["Shame"]},{"damage_healed":0,"gold_gain":0,"player_choice":"Ignored","damage_taken":0,"max_hp_gain":0,"max_hp_loss":0,"event_name":"NoteForYourself","floor":36,"gold_loss":0}],"is_beta":false,"boss_relics":[{"not_picked":["Cursed Key","Calling Bell"],"picked":"SlaversCollar"},{"not_picked":["Sozu","SacredBark"],"picked":"Tiny House"}],"items_purged_floors":[38,53],"is_endless":false,"potions_floor_spawned":[3,10,11,14,16,18,20,23,27,33,35,39,42,48,54],"ascension_level":1}}