{"host":"nox","time":1608385211,"event":{"mods":["Aspiration","BaseMod","Better Third Choice","Colored Powertips","Conspire","Hubris","Infinite Spire","Minty Spire (QoL Compilation)","Quick Restart","Rare Cards Sparkle","Replay The Spire","Shop Mod","Spikes Relics","StSLib","SuperFastMode","The Alterego","vexMod"],"gold_per_floor":[113,173,193,209,37,68,68,87,160,192,208,224,238,271,271,271,271],"floor_reached":16,"playtime":449,"items_purged":[],"score":149,"play_id":"622dabe5-a912-49ee-ab45-db2f44715c96","local_time":"20201219204011","is_ascension_mode":true,"campfire_choices":[{"floor":7.0,"key":"RECALL"},{"floor":15,"key":"REST"}],"circlet_count":0,"master_deck":["Strike_B","Strike_B","Strike_B","Strike_B","Defend_B","Defend_B","Defend_B","Defend_B","Zap","Dualcast","Leap","Conserve Battery","Ball Lightning","Conserve Battery","Gash","Conserve Battery","Hologram"],"relics":["Cracked Core","Ancient Tea Set","Medical Kit","Omamori","infinitespire:SolderingIron"],"acts_visited":["Exordium"],"potions_floor_usage":[16],"damage_taken":[{"damage":7.0,"enemies":"Small Slimes","floor":1.0,"turns":3.0},{"damage":4.0,"enemies":"Jaw Worm","floor":3.0,"turns":4.0},{"damage":0.0,"enemies":"Cultist","floor":4.0,"turns":3.0},{"damage":8.0,"enemies":"Gremlin Nob","floor":6.0,"turns":3.0},{"damage":0.0,"enemies":"Looter","floor":8.0,"turns":3.0},{"damage":19.0,"enemies":"3 Sentries","floor":10.0,"turns":7.0},{"damage":0.0,"enemies":"2 Fungi Beasts","floor":11.0,"turns":3.0},{"damage":10.0,"enemies":"Lots of Slimes","floor":12.0,"turns":5.0},{"damage":7.0,"enemies":"3 Louse","floor":13.0,"turns":3.0},{"damage":16,"enemies":"Gremlin Nob","floor":14,"turns":4},{"damage":0,"enemies":"Fading Forest","floor":16,"turns":3}],"seed_played":"6489776330742870517","potions_obtained":[{"floor":1.0,"key":"SkillPotion"},{"floor":2.0,"key":"Adrenaline Potion"},{"floor":2.0,"key":"LiquidBronze"},{"floor":4.0,"key":"Fire Potion"},{"floor":6.0,"key":"DistilledChaos"},{"floor":11.0,"key":"Swift Potion"},{"floor":14,"key":"Swift Potion"}],"is_trial":false,"path_per_floor":["M","?","M","M","$","E","R","M","T","E","M","M","M","E","R","B"],"character_chosen":"DEFECT","items_purchased":["Medical Kit","Ball Lightning"],"campfire_rested":1,"item_purchase_floors":[5,5],"current_hp_per_floor":[75,75,71,71,71,63,63,63,63,44,44,34,27,11,35,35,35],"gold":271,"neow_bonus":"TEN_PERCENT_HP_BONUS","is_daily":false,"chose_seed":false,"campfire_upgraded":0,"win_rate":0.0,"timestamp":1608385211,"path_taken":["M","?","?","M","$","E","R","M","T","E","M","M","M","E","R","BOSS"],"items_purchased_type":["Relic","Card"],"build_version":"2020-11-17","purchased_purges":0,"victory":false,"max_hp_per_floor":[82,82,82,82,82,82,82,82,82,82,82,82,82,82,82,82,82],"card_choices":[{"not_picked":["Stack","Scrape","Go for the Eyes"],"picked":"SKIP","floor":1.0},{"not_picked":["Streamline","Glacier"],"picked":"Leap","floor":2.0},{"not_picked":["Coolheaded","Beam Cell"],"picked":"Conserve Battery","floor":3.0},{"not_picked":["Stack","Genetic Algorithm","Thunder Strike"],"picked":"SKIP","floor":4.0},{"not_picked":["Time Bomb","Undo"],"picked":"Conserve Battery","floor":6.0},{"not_picked":["Redo","Beam Cell"],"picked":"Gash","floor":8.0},{"not_picked":["Recycle","ReplayRNGCard","Panic Button"],"picked":"SKIP","floor":10.0},{"not_picked":["ReplayTheSpireMod:System Scan","Chill"],"picked":"Conserve Battery","floor":11.0},{"not_picked":["Blizzard","Beam Cell","ReplayRNGCard"],"picked":"SKIP","floor":12.0},{"not_picked":["Sweeping Beam","Core Surge"],"picked":"Hologram","floor":13.0},{"not_picked":["Hello World","Sweeping Beam","hubris:Prefetch"],"picked":"SKIP","floor":14}],"player_experience":199296,"relics_obtained":[{"floor":2.0,"key":"Ancient Tea Set"},{"floor":10.0,"key":"Omamori"},{"floor":14,"key":"infinitespire:SolderingIron"}],"event_choices":[],"is_beta":true,"boss_relics":[],"items_purged_floors":[],"is_endless":false,"potions_floor_spawned":[1,4,6,11,14],"killed_by":"Fading Forest","ascension_level":4}}