{"host":"mm0v83pkg2fvsdgl","time":1608338130,"event":{"mods":["2.2 Compatiblity","Alarm Clock","AlwaysNeverKeys","BaseMod","Beaked The Cultist","Better Altar","Better Match","Better Note","Better Sensory Stone","Better Silent Start","Better Third Choice","Clawfect","Displayed Cursed Tome","Energized Spire","Friendly Minions","Highlight Path","Ironclad Rager","Keyboard Shortcuts","Lotus Mark","Marisa????????","Marked Mod","Mimic Mod","Minty Spire (QoL Compilation)","Permanent Neow","Railgun Mod","Remove Card Discount Mod","Shade Mod","Somnambulant","Spicy Shops","StSLib","Swap Starting Deck Mod","The Construct","The Disciple","The Hierophant","TheHeartMod","TheVacant","Transform Curses","Unceasing Turn Reminder","Wandering Minibosses"],"gold_per_floor":[114,189,0,15,30,30,30,30,30,49,87,12,50,69,69,69,69],"floor_reached":16,"playtime":770,"items_purged":["Pommel Strike","Iron Wave","Iron Wave"],"score":110,"play_id":"131d5e30-b504-4efe-a8bb-4c744c3e0766","local_time":"20201218193530","daily_mods":["Draft","Uncertain Future","Elite Swarm"],"is_ascension_mode":false,"campfire_choices":[{"data":"Armaments","floor":6,"key":"SMITH"},{"data":"Heavy Blade","floor":8,"key":"SMITH"},{"data":"Barricade","floor":15,"key":"SMITH"}],"circlet_count":0,"master_deck":["Heavy Blade+1","Headbutt","Shrug It Off","Heavy Blade","Shrug It Off+1","Armaments+1","ICR:Frenzy","Clash","Sword Boomerang","Rage","Intimidate","Evolve","Armaments","Headbutt","Warcry","ICR:VitalStrike","Barricade+1"],"relics":["Burning Blood","ClockworkSouvenir","Golden Idol","Incense Burner","construct:RocketBooster","Cauldron","Vajra"],"acts_visited":["Exordium"],"potions_floor_usage":[],"damage_taken":[{"damage":7,"enemies":"Small Slimes","floor":1,"turns":2},{"damage":0,"enemies":"2 Louse","floor":4,"turns":2},{"damage":0,"enemies":"Jaw Worm","floor":5,"turns":4},{"damage":7,"enemies":"Gremlin Gang","floor":10,"turns":4},{"damage":15,"enemies":"Gremlin Nob","floor":11,"turns":4},{"damage":31,"enemies":"3 Sentries","floor":13,"turns":6},{"damage":4,"enemies":"Blue Slaver","floor":14,"turns":3},{"damage":29,"enemies":"Slime Boss","floor":16,"turns":3}],"seed_played":"-2908382401684788831","potions_obtained":[{"floor":5,"key":"Weak Potion"},{"floor":12,"key":"Fire Potion"},{"floor":12,"key":"HeartOfIron"}],"is_trial":false,"path_per_floor":["M","?","$","M","M","R","?","R","T","M","E","$","E","M","R","B"],"character_chosen":"IRONCLAD","items_purchased":["Headbutt","ClockworkSouvenir","Cauldron"],"campfire_rested":0,"item_purchase_floors":[3,3,12],"current_hp_per_floor":[79,68,68,74,80,80,60,60,60,59,50,50,25,27,27,0,0],"gold":69,"neow_bonus":"","is_daily":true,"chose_seed":false,"campfire_upgraded":3,"win_rate":0.0,"timestamp":1608338130,"path_taken":["M","?","$","M","M","R","?","R","T","M","E","?","E","M","R","BOSS"],"items_purchased_type":["Card","Relic","Relic"],"build_version":"2020-12-13","purchased_purges":3,"victory":false,"max_hp_per_floor":[80,80,80,80,80,80,80,80,80,80,80,80,80,80,80,80,80],"card_choices":[{"not_picked":["Headbutt","Havoc"],"picked":"Heavy Blade","floor":0},{"not_picked":["Perfected Strike","Heavy Blade"],"picked":"Headbutt","floor":0},{"not_picked":["Rage","Entrench"],"picked":"Shrug It Off","floor":0},{"not_picked":["Warcry","Uppercut"],"picked":"Heavy Blade","floor":0},{"not_picked":["Body Slam","Pommel Strike"],"picked":"Shrug It Off","floor":0},{"not_picked":["Clash","Warcry"],"picked":"Armaments","floor":0},{"not_picked":["Anger","Bloodletting"],"picked":"Pommel Strike","floor":0},{"not_picked":["Warcry","Twin Strike"],"picked":"ICR:Frenzy","floor":0},{"not_picked":["Clothesline","Sword Boomerang"],"picked":"Clash","floor":0},{"not_picked":["Twin Strike","Blood for Blood"],"picked":"Sword Boomerang","floor":0},{"not_picked":["Sever Soul","Heavy Blade"],"picked":"Iron Wave","floor":0},{"not_picked":["Intimidate","Clash"],"picked":"Rage","floor":0},{"not_picked":["Anger","Sentinel"],"picked":"Intimidate","floor":0},{"not_picked":["Perfected Strike","Flex"],"picked":"Evolve","floor":0},{"not_picked":["Flex","Twin Strike"],"picked":"Iron Wave","floor":0},{"not_picked":["Intimidate","Cleave"],"picked":"Armaments","floor":1},{"not_picked":["Searing Blow","Heavy Blade"],"picked":"Warcry","floor":4},{"not_picked":["Bloodletting","Perfected Strike","Anger"],"picked":"SKIP","floor":5},{"not_picked":["Bloodletting","Twin Strike","Cleave"],"picked":"SKIP","floor":10},{"not_picked":["Barricade","Berserk"],"picked":"ICR:VitalStrike","floor":11},{"not_picked":["Juggernaut","Double Tap"],"picked":"Barricade","floor":13},{"not_picked":["Searing Blow","Inflame","Heavy Blade"],"picked":"SKIP","floor":14}],"player_experience":636304,"relics_obtained":[{"floor":9,"key":"Incense Burner"},{"floor":11,"key":"construct:RocketBooster"},{"floor":13,"key":"Vajra"}],"event_choices":[{"damage_healed":0,"gold_gain":75,"player_choice":"Gold","damage_taken":11,"max_hp_gain":0,"max_hp_loss":0,"event_name":"betterThird:BetterGoop","floor":2,"gold_loss":0},{"damage_healed":0,"gold_gain":0,"player_choice":"Take Damage","damage_taken":20,"relics_obtained":["Golden Idol"],"max_hp_gain":0,"max_hp_loss":0,"event_name":"Golden Idol","floor":7,"gold_loss":0}],"is_beta":false,"boss_relics":[],"items_purged_floors":[3,3,3],"is_endless":false,"potions_floor_spawned":[5],"killed_by":"Slime Boss","ascension_level":0}}