{"host":"1a32ffxog1zcqoh0","time":1608408357,"event":{"mods":["BaseMod","Block Reminder","Colored Map","Colored Powertips","Googly Eyes","Minty Spire (QoL Compilation)","Quick Restart","Rare Cards Sparkle","Relic Stats","StSLib","Unceasing Turn Reminder","everything is the same but u backflip on backflip","slay the spire mod where everything is the same but ironclad has a cowboy hat"],"gold_per_floor":[112,287,287,307,327,361,41,76,76,111,127,92,118,181,181,282,282,296,311,311,324,335,335,366,15,41,41,56,56,56],"floor_reached":29,"playtime":1427,"items_purged":["Doubt","Strike_G"],"score":341,"play_id":"544b3440-15bc-4e53-a9fe-2097966b2c23","local_time":"20201219150557","is_ascension_mode":true,"campfire_choices":[{"floor":15,"key":"REST"},{"floor":23,"key":"REST"}],"circlet_count":0,"master_deck":["Strike_G","Strike_G","Strike_G","Defend_G","Defend_G","Defend_G","Defend_G","Defend_G","Survivor","Neutralize","Dagger Throw","Dagger Spray","Slice","Dagger Throw","Underhanded Strike","Cloak And Dagger","Cloak And Dagger","Flying Knee","Setup","Blade Dance","Phantasmal Killer+1","Accuracy+1","Infinite Blades+1","Reflex+1","Backstab","Slice","Blade Dance","Decay","Slice"],"relics":["Ring of the Snake","Vajra","Mercury Hourglass","Kunai","Bronze Scales","The Courier","Paper Crane","Du-Vu Doll","SacredBark","StoneCalendar","CaptainsWheel","Pen Nib"],"acts_visited":["Exordium","TheCity"],"potions_floor_usage":[6,8,8,10,10,13,16,22,22,24,24],"damage_taken":[{"damage":2,"enemies":"Small Slimes","floor":1,"turns":6},{"damage":1,"enemies":"Jaw Worm","floor":4,"turns":3},{"damage":0,"enemies":"Cultist","floor":5,"turns":3},{"damage":14,"enemies":"3 Sentries","floor":6,"turns":6},{"damage":12,"enemies":"Gremlin Nob","floor":8,"turns":3},{"damage":13,"enemies":"Lagavulin","floor":10,"turns":4},{"damage":0,"enemies":"Lots of Slimes","floor":11,"turns":2},{"damage":3,"enemies":"3 Sentries","floor":13,"turns":3},{"damage":3,"enemies":"3 Sentries","floor":14,"turns":4},{"damage":13,"enemies":"Hexaghost","floor":16,"turns":8},{"damage":0,"enemies":"Spheric Guardian","floor":18,"turns":3},{"damage":7,"enemies":"Shell Parasite","floor":19,"turns":4},{"damage":12,"enemies":"3 Cultists","floor":21,"turns":3},{"damage":19,"enemies":"Snake Plant","floor":22,"turns":3},{"damage":1,"enemies":"Slavers","floor":24,"turns":3},{"damage":16,"enemies":"Centurion and Healer","floor":28,"turns":3},{"damage":35,"enemies":"Gremlin Leader","floor":29,"turns":2}],"seed_played":"7701932301214201560","potions_obtained":[{"floor":1,"key":"EntropicBrew"},{"floor":4,"key":"CunningPotion"},{"floor":6,"key":"FearPotion"},{"floor":10,"key":"Weak Potion"},{"floor":13,"key":"LiquidMemories"},{"floor":18,"key":"ColorlessPotion"},{"floor":21,"key":"Ancient Potion"},{"floor":22,"key":"CunningPotion"}],"is_trial":false,"path_per_floor":["M","?","?","M","M","E","$","E","T","E","M","?","E","?","R","B",null,"M","M","?","M","M","R","E","$","T","?","M","E"],"character_chosen":"THE_SILENT","items_purchased":["Kunai","Blade Dance","CaptainsWheel"],"campfire_rested":2,"item_purchase_floors":[7,25,25],"current_hp_per_floor":[68,68,68,67,67,53,53,41,41,28,28,45,42,39,60,47,64,64,57,57,45,26,47,46,46,46,46,30,0,0],"gold":56,"neow_bonus":"RANDOM_COMMON_RELIC","is_daily":false,"chose_seed":false,"campfire_upgraded":0,"win_rate":0.0,"timestamp":1608408357,"path_taken":["M","?","?","?","?","E","$","E","T","E","M","?","E","?","R","BOSS","M","M","?","M","?","R","E","?","T","?","M","E"],"items_purchased_type":["Relic","Card","Relic"],"build_version":"2020-12-13","purchased_purges":2,"victory":false,"max_hp_per_floor":[70,70,70,70,70,70,70,70,70,70,70,70,70,70,70,70,70,70,70,70,70,70,70,70,70,70,70,70,70,70],"relic_stats":{"counters":[17,62],"Bronze Scales":[120],"StoneCalendar":[0],"Pen Nib":[1],"Kunai":[35],"obtain_stats":[{"Du-Vu Doll":14,"CaptainsWheel":25,"Bronze Scales":8,"SacredBark":17,"Vajra":0,"StoneCalendar":24,"The Courier":10,"Pen Nib":26,"Kunai":7,"Paper Crane":13,"Ring of the Snake":0,"Mercury Hourglass":6},{"Du-Vu Doll":8,"CaptainsWheel":15,"Bronze Scales":5,"SacredBark":10,"Vajra":0,"StoneCalendar":15,"The Courier":6,"Pen Nib":15,"Kunai":4,"Paper Crane":8,"Ring of the Snake":0,"Mercury Hourglass":4},{"Du-Vu Doll":29,"CaptainsWheel":57,"Bronze Scales":21,"SacredBark":41,"Vajra":0,"StoneCalendar":57,"The Courier":24,"Pen Nib":57,"Kunai":18,"Paper Crane":29,"Ring of the Snake":0,"Mercury Hourglass":18}],"Ring of the Snake":[34],"Mercury Hourglass":[188]},"card_choices":[{"not_picked":["Riddle With Holes","Acrobatics"],"picked":"Dagger Throw","floor":1},{"not_picked":["Flying Knee","Finisher"],"picked":"Slice","floor":4},{"not_picked":["Blur","Well Laid Plans"],"picked":"Dagger Throw","floor":5},{"not_picked":["Cloak And Dagger","Backflip"],"picked":"Underhanded Strike","floor":6},{"not_picked":["Masterful Stab","Malaise"],"picked":"Cloak And Dagger","floor":8},{"not_picked":["Dash","Well Laid Plans"],"picked":"Cloak And Dagger","floor":10},{"not_picked":["Finisher","Distraction"],"picked":"Flying Knee","floor":11},{"not_picked":["Poisoned Stab","Endless Agony"],"picked":"Setup","floor":13},{"not_picked":["Poisoned Stab","Backstab"],"picked":"Blade Dance","floor":14},{"not_picked":["Die Die Die","Doppelganger"],"picked":"Phantasmal Killer","floor":16},{"not_picked":["Deadly Poison","Flying Knee+1"],"picked":"Accuracy+1","floor":18},{"not_picked":["Dodge and Roll","Bane"],"picked":"Infinite Blades+1","floor":19},{"not_picked":["Dash+1","Crippling Poison"],"picked":"Reflex+1","floor":21},{"not_picked":["PiercingWail","Deflect"],"picked":"Backstab","floor":22},{"not_picked":["After Image","Outmaneuver"],"picked":"Slice","floor":24},{"not_picked":["Footwork+1","Deflect"],"picked":"Slice","floor":28}],"player_experience":240699,"relics_obtained":[{"floor":6,"key":"Mercury Hourglass"},{"floor":8,"key":"Bronze Scales"},{"floor":10,"key":"The Courier"},{"floor":13,"key":"Paper Crane"},{"floor":24,"key":"StoneCalendar"},{"floor":26,"key":"Pen Nib"}],"event_choices":[{"damage_healed":0,"gold_gain":175,"player_choice":"AGREE","damage_taken":0,"max_hp_gain":0,"max_hp_loss":0,"event_name":"Liars Game","floor":2,"gold_loss":0,"cards_obtained":["Doubt"]},{"damage_healed":0,"gold_gain":0,"cards_transformed":["Strike_G"],"player_choice":"Transformed","damage_taken":0,"max_hp_gain":0,"max_hp_loss":0,"event_name":"Transmorgrifier","floor":3,"gold_loss":0,"cards_obtained":["Dagger Spray"]},{"damage_healed":17,"gold_gain":0,"player_choice":"Healed","damage_taken":0,"max_hp_gain":0,"max_hp_loss":0,"event_name":"The Cleric","floor":12,"gold_loss":35},{"damage_healed":0,"gold_gain":30,"player_choice":"Searched \u00273\u0027 times","damage_taken":0,"relics_obtained":["Du-Vu Doll"],"max_hp_gain":0,"max_hp_loss":0,"event_name":"Dead Adventurer","floor":14,"gold_loss":0},{"damage_healed":0,"gold_gain":0,"player_choice":"Upgraded","damage_taken":0,"max_hp_gain":0,"max_hp_loss":0,"event_name":"Upgrade Shrine","floor":20,"gold_loss":0,"cards_upgraded":["Phantasmal Killer"]},{"damage_healed":0,"gold_gain":0,"player_choice":"Smashed Altar","damage_taken":0,"max_hp_gain":0,"max_hp_loss":0,"event_name":"Forgotten Altar","floor":27,"gold_loss":0,"cards_obtained":["Decay"]}],"is_beta":false,"boss_relics":[{"not_picked":["Runic Pyramid","Ectoplasm"],"picked":"SacredBark"}],"items_purged_floors":[7,25],"is_endless":false,"potions_floor_spawned":[1,4,6,10,13,18,21,22],"killed_by":"Gremlin Leader","ascension_level":5}}