{"host":"rz01j32460kf2mtw","time":1608373542,"event":{"mods":["BaseMod","Koishi","Marisa????????","Minty Spire (QoL Compilation)","Prisma Mod","Quick Restart","StSLib","The Cursed","The Disciple","The Jungle","The Runesmith","The Servant 0.9.4"],"gold_per_floor":[112,127,127,127,3,29,39,314,314,42,42,42,76,88,88,185,185,196,206,206,121,220,220,70,70,70],"floor_reached":25,"playtime":965,"items_purged":["Runesmith:Strike_RS","Regret","Decay"],"score":232,"play_id":"57fe4922-5d0c-4cd8-a7fb-d43776c4eb4d","local_time":"20201219032542","is_ascension_mode":false,"campfire_choices":[{"data":"Runesmith:HeatExchange","floor":12,"key":"SMITH"},{"floor":15,"key":"REST"},{"data":"Runesmith:Firestorm","floor":23,"key":"SMITH"}],"circlet_count":0,"master_deck":["Runesmith:Strike_RS","Runesmith:Strike_RS","Runesmith:Strike_RS","Runesmith:Defend_RS","Runesmith:Defend_RS+1","Runesmith:Defend_RS","Runesmith:Defend_RS","Runesmith:CraftFirestone","Runesmith:Fortify","Runesmith:HeatExchange+1","Runesmith:EnergizedChisel+1","Runesmith:HammerThrow","Runesmith:HeatedChisel","Runesmith:NegativeSpace","Runesmith:FissionHammer+1","Runesmith:HeatExchange+1","Runesmith:Firestorm+1","Runesmith:Refine","Runesmith:UnlimitedPower","Runesmith:Grindstone+1","Runesmith:ShiftingStrike+1","Runesmith:RuneHurl+1"],"relics":["Runesmith:CoreCrystal","NeowsBlessing","Ornamental Fan","Centennial Puzzle","Molten Egg 2","Ginger","Akabeko"],"acts_visited":["Exordium","TheCity"],"potions_floor_usage":[14,16,16,18,19,25],"damage_taken":[{"damage":0,"enemies":"Jaw Worm","floor":1,"turns":1},{"damage":0,"enemies":"2 Louse","floor":2,"turns":1},{"damage":0,"enemies":"Gremlin Nob","floor":6,"turns":1},{"damage":0,"enemies":"Cultist","floor":7,"turns":2},{"damage":16,"enemies":"3 Sentries","floor":13,"turns":5},{"damage":0,"enemies":"3 Louse","floor":14,"turns":2},{"damage":12,"enemies":"The Guardian","floor":16,"turns":10},{"damage":29,"enemies":"Spheric Guardian","floor":18,"turns":6},{"damage":16,"enemies":"3 Byrds","floor":19,"turns":5},{"damage":34,"enemies":"Book of Stabbing","floor":25,"turns":4}],"seed_played":"-5251562055635287717","potions_obtained":[{"floor":4,"key":"SteroidPotion"},{"floor":4,"key":"Fruit Juice"},{"floor":4,"key":"BlessingOfTheForge"},{"floor":14,"key":"FearPotion"},{"floor":16,"key":"SkillPotion"},{"floor":19,"key":"PowerPotion"}],"is_trial":false,"path_per_floor":["M","M","?","?","$","E","M","?","T","$","?","R","E","M","R","B",null,"M","M","?","?","?","R","$","E"],"character_chosen":"RUNESMITH_CLASS","items_purchased":["Runesmith:HammerThrow","Runesmith:FissionHammer+1","Runesmith:HeatExchange+1","Runesmith:RuneHurl+1"],"campfire_rested":1,"item_purchase_floors":[5,10,10,24],"current_hp_per_floor":[70,70,52,52,52,52,52,52,52,52,38,38,22,22,43,31,70,41,30,30,30,30,30,30,0,0],"gold":70,"neow_bonus":"THREE_ENEMY_KILL","is_daily":false,"chose_seed":false,"campfire_upgraded":2,"win_rate":0.0,"timestamp":1608373542,"path_taken":["M","M","?","?","$","E","?","?","T","?","?","R","E","M","R","BOSS","M","M","?","?","?","R","$","E"],"items_purchased_type":["Card","Card","Card","Card"],"build_version":"2020-12-13","purchased_purges":3,"victory":false,"max_hp_per_floor":[70,70,70,70,70,70,70,70,70,70,70,70,70,70,70,70,70,70,75,75,75,75,75,75,75,75],"card_choices":[{"not_picked":["Runesmith:StaticCage","Runesmith:HammerThrow"],"picked":"Runesmith:HeatExchange","floor":1},{"not_picked":["Runesmith:GoWithTheFlow","Runesmith:HeatExchange"],"picked":"Runesmith:EnergizedChisel","floor":2},{"not_picked":["Runesmith:EarthShield","Runesmith:NegativeSpace"],"picked":"Runesmith:HeatedChisel","floor":6},{"not_picked":["Runesmith:Permafrost","Runesmith:ChargedHammer"],"picked":"Runesmith:NegativeSpace","floor":7},{"not_picked":["Runesmith:EarthShield","Runesmith:CraftProtectio"],"picked":"Runesmith:Firestorm","floor":13},{"not_picked":["Runesmith:HeatExchange+1","Runesmith:HammerThrow+1"],"picked":"Runesmith:Refine","floor":14},{"not_picked":["Runesmith:LightningRod","Runesmith:LastStand"],"picked":"Runesmith:UnlimitedPower","floor":16},{"not_picked":["Runesmith:BackupBattery","Runesmith:CraftProtectio+1"],"picked":"Runesmith:Grindstone+1","floor":18},{"not_picked":["Runesmith:EarthShield","Runesmith:RunicBlueprint"],"picked":"Runesmith:ShiftingStrike+1","floor":19}],"player_experience":928521,"relics_obtained":[{"floor":6,"key":"Centennial Puzzle"},{"floor":9,"key":"Molten Egg 2"},{"floor":13,"key":"Ginger"}],"event_choices":[{"damage_healed":0,"gold_gain":0,"player_choice":"Success","damage_taken":18,"relics_obtained":["Ornamental Fan"],"max_hp_gain":0,"max_hp_loss":0,"event_name":"Scrap Ooze","floor":3,"gold_loss":0},{"damage_healed":0,"gold_gain":0,"player_choice":"Got Potions","damage_taken":0,"max_hp_gain":0,"max_hp_loss":0,"event_name":"Lab","floor":4,"gold_loss":0},{"damage_healed":0,"gold_gain":275,"player_choice":"Desecrate","damage_taken":0,"max_hp_gain":0,"max_hp_loss":0,"event_name":"Golden Shrine","floor":8,"gold_loss":0,"cards_obtained":["Regret"]},{"damage_healed":0,"gold_gain":0,"player_choice":"Entered Light","damage_taken":14,"max_hp_gain":0,"max_hp_loss":0,"event_name":"Shining Light","floor":11,"gold_loss":0,"cards_upgraded":["Runesmith:Defend_RS","Runesmith:EnergizedChisel"]},{"damage_healed":0,"gold_gain":0,"player_choice":"Smashed Altar","damage_taken":0,"max_hp_gain":0,"max_hp_loss":0,"event_name":"Forgotten Altar","floor":20,"gold_loss":0,"cards_obtained":["Decay"]},{"damage_healed":0,"gold_gain":0,"player_choice":"Obtained Relic","damage_taken":0,"relics_obtained":["Akabeko"],"max_hp_gain":0,"max_hp_loss":0,"event_name":"Addict","floor":21,"gold_loss":85},{"damage_healed":0,"gold_gain":99,"player_choice":"Stole From Cult","damage_taken":0,"max_hp_gain":0,"max_hp_loss":0,"event_name":"Nest","floor":22,"gold_loss":0}],"is_beta":false,"boss_relics":[{"not_picked":["Snecko Eye","Empty Cage"],"picked":"Runesmith:CoreCrystal"}],"items_purged_floors":[5,10,24],"is_endless":false,"potions_floor_spawned":[7,14,16,19],"killed_by":"Book of Stabbing","ascension_level":0}}