{"host":"ilrepnd391jk07a9","time":1608342979,"event":{"mods":["Aspiration","BaseMod","Better Altar","Better Note","Better Skull","Better Third Choice","BetterRewards","Colored Powertips","DeckTracker","Defuse TimeMaze Blight","Downfall","GifTheSpireLib","Gremlin Skip","Halation","Highlight Path","Hubris","Minty Spire (QoL Compilation)","Quick Restart","Relic Stats","Replay The Spire","StSLib","Stuff the Spire","everything is the same but u backflip on backflip","vexMod"],"gold_per_floor":[99,124,124,109,37,37,37,37,63,63,79,93,93,103,115,220,220,220,54,54,54,73,173,173,84,84,84,113,113,133,149,191,191,209,310,310,310,327,345,395,244,169,193,118,144,69,81,66,80,80,98,98],"floor_reached":53,"playtime":7232,"items_purged":["champ:Strike+1","Parasite"],"score":798,"play_id":"16eb6131-fad4-41dc-ba1e-630d836aabd1","local_time":"20201219145619","is_ascension_mode":true,"campfire_choices":[{"data":"champ:Execute","floor":1.0,"key":"SMITH"},{"data":"champ:TornadoPunch","floor":6.0,"key":"SMITH"},{"data":"champ:Circumvent","floor":8.0,"key":"SMITH"},{"floor":10.0,"key":"REST"},{"data":"champ:IronFortress","floor":18.0,"key":"SMITH"},{"data":"champ:Taunt","floor":24.0,"key":"SMITH"},{"data":"champ:IronFortress","floor":27.0,"key":"SMITH"},{"data":"champ:SkillfulDodge","floor":29.0,"key":"SMITH"},{"floor":37.0,"key":"RECALL"},{"data":"champ:IronFortress","floor":42.0,"key":"SMITH"},{"data":"champ:FalseCounter","floor":44.0,"key":"SMITH"},{"floor":46.0,"key":"REST"}],"circlet_count":0,"master_deck":["champ:Defend+1","champ:Defend","champ:Defend","champ:Execute+1","champ:Taunt+1","champ:IronFortress+1","champ:TornadoPunch+1","champ:Balance","champ:Circumvent+1","champ:DefensiveStyle","champ:DefensiveStyle","champ:DefensiveShout","champ:PreciseThrust","champ:FlashCut","champ:StanceDance","champ:CrownThrow","champ:PerfectedStrike+1","champ:ShieldWall+1","champ:FanOfKnives+1","champ:FocusedDefense","champ:IronFortress+1","champ:GladiatorsShout","champ:HoldFirm","champ:Duel","champ:BladeFlurry","champ:Taunt+1","expansioncontent:AwakenDeath","champ:GladiatorStyle","champ:ShieldSigil","champ:IronFortress+1","champ:SkillfulDodge+1","champ:SwordSigil","champ:Balance+1","champ:StanceDance+1","champ:FalseCounter+1","champ:StanceDance+1","champ:ShieldSigil+1","champ:DefensiveStyle","champ:HoldFirm","champ:BringItOn"],"relics":["champ:ChampionCrown","War Paint","Ring of Hypnosis","PreservedInsect","Whetstone","Toy Ornithopter","Astrolabe","downfall:GremlinSack","vexMod:ScavengeHelm","vexMod:HeadHunter","aspiration:HummingbirdHeart","halation:PinkSoulGem","Busted Crown","aspiration:AnachronicSnailShell","downfall:HeartBlessingRed","downfall:HeartBlessingBlue","Prayer Wheel","downfall:HeartBlessingGreen"],"acts_visited":["Exordium","TheCity","TheBeyond"],"potions_floor_usage":[52],"damage_taken":[{"damage":55.0,"enemies":"Lagavulin","floor":2.0,"turns":7.0},{"damage":10.0,"enemies":"downfall:FleeingMerchant","floor":4.0,"turns":4.0},{"damage":5.0,"enemies":"downfall:FleeingMerchant","floor":5.0,"turns":4.0},{"damage":21.0,"enemies":"Gremlin Nob","floor":9.0,"turns":3.0},{"damage":0.0,"enemies":"Jaw Worm","floor":11.0,"turns":5.0},{"damage":5.0,"enemies":"Cultist","floor":12.0,"turns":3.0},{"damage":11.0,"enemies":"Small Slimes","floor":14.0,"turns":3.0},{"damage":0.0,"enemies":"Exordium Thugs","floor":15.0,"turns":3.0},{"damage":38.0,"enemies":"downfall:Ironclad","floor":16.0,"turns":10.0},{"damage":8.0,"enemies":"downfall:FleeingMerchant","floor":19.0,"turns":4.0},{"damage":4.0,"enemies":"Shell Parasite","floor":22.0,"turns":4.0},{"damage":8.0,"enemies":"Shell Parasite","floor":23.0,"turns":4.0},{"damage":0.0,"enemies":"downfall:FleeingMerchant","floor":25.0,"turns":4.0},{"damage":12.0,"enemies":"Replay:Snechameleon","floor":28.0,"turns":6.0},{"damage":4.0,"enemies":"Chosen","floor":30.0,"turns":5.0},{"damage":10.0,"enemies":"Centurion and Healer","floor":31.0,"turns":7.0},{"damage":3.0,"enemies":"Shelled Parasite and Fungi","floor":34.0,"turns":5.0},{"damage":19.0,"enemies":"downfall:Defect","floor":35.0,"turns":11.0},{"damage":13.0,"enemies":"3 Darklings","floor":38.0,"turns":6.0},{"damage":0.0,"enemies":"3 Shapes","floor":39.0,"turns":7.0},{"damage":58.0,"enemies":"Mind Bloom Boss Battle","floor":40.0,"turns":10.0},{"damage":0.0,"enemies":"downfall:FleeingMerchant","floor":41.0,"turns":4.0},{"damage":15.0,"enemies":"Nemesis","floor":45.0,"turns":10.0},{"damage":55.0,"enemies":"Transient","floor":47.0,"turns":5.0},{"damage":5.0,"enemies":"downfall:FleeingMerchant","floor":48.0,"turns":4.0},{"damage":2.0,"enemies":"Jaw Worm Horde","floor":49.0,"turns":4.0},{"damage":0,"enemies":"4 Shapes","floor":51,"turns":6},{"damage":0,"enemies":"downfall:Watcher","floor":52,"turns":8}],"seed_played":"-3392694952826191500","potions_obtained":[{"floor":9.0,"key":"GamblersBrew"},{"floor":11.0,"key":"Fire Potion"},{"floor":15.0,"key":"SpeedPotion"},{"floor":22.0,"key":"Swift Potion"},{"floor":23.0,"key":"AttackPotion"},{"floor":31.0,"key":"SneckoOil"},{"floor":35.0,"key":"SmokeBomb"},{"floor":38.0,"key":"champ:TechniquePotion"},{"floor":39.0,"key":"Reflective Coating"},{"floor":49.0,"key":"LifebloodPotion"}],"is_trial":false,"path_per_floor":["R","E","?","$","$","R","T","R","E","R","M","M","?","M","M","B",null,"R","$","PTL","PTL","M","?","R","$","T","R","E","R","M","M","?","?","M","B",null,"R","M","M","?","$","R","T","R","E","R","M","$","M","?","M","B",null],"character_chosen":"THE_CHAMP","items_purchased":["champ:DefensiveStyle","champ:IronFortress","champ:IronFortress","champ:DefensiveStyle"],"campfire_rested":2,"item_purchase_floors":[5,19,25,41],"current_hp_per_floor":[90,55,55,55,55,55,55,55,39,66,66,66,66,55,55,22,90,90,87,87,87,83,83,83,88,88,88,79,79,75,65,65,65,65,49,90,90,80,80,32,32,32,32,42,30,59,9,14,17,26,26,31],"gold":98,"neow_bonus":"TRANSFORM_CARD","is_daily":false,"chose_seed":false,"campfire_upgraded":9,"win_rate":0.0,"timestamp":1608342979,"path_taken":["R","E","?","$","$","R","T","R","E","R","M","M","?","M","M","BOSS","R","$","PTL","PTL","?","?","R","?","T","R","E","R","M","M","?","?","M","BOSS","R","M","M","?","$","R","T","R","E","R","M","$","M","?","M","BOSS"],"items_purchased_type":["Card","Card","Card","Card"],"build_version":"2020-12-13","purchased_purges":2,"victory":true,"max_hp_per_floor":[90,90,90,90,90,90,90,90,90,90,90,90,90,90,90,90,90,90,90,90,90,90,90,90,90,90,90,90,90,90,90,90,90,90,90,90,90,90,90,90,87,87,87,97,97,97,97,97,97,97,97,97],"relic_stats":{"Busted Crown":24,"counters":[28,156],"Astrolabe":["champ:PerfectedStrike","champ:ShieldWall","champ:FanOfKnives"],"Prayer Wheel":3,"PreservedInsect":182,"Whetstone":["champ:Strike","champ:Strike"],"War Paint":["champ:Defend","champ:Taunt"],"obtain_stats":[{"Ring of Hypnosis":3,"downfall:HeartBlessingRed":42,"vexMod:ScavengeHelm":26,"Astrolabe":17,"champ:ChampionCrown":0,"downfall:HeartBlessingGreen":46,"PreservedInsect":7,"aspiration:HummingbirdHeart":32,"Whetstone":9,"War Paint":2,"Busted Crown":36,"downfall:GremlinSack":23,"downfall:HeartBlessingBlue":44,"vexMod:HeadHunter":28,"aspiration:AnachronicSnailShell":40,"Prayer Wheel":45,"halation:PinkSoulGem":33,"Toy Ornithopter":13},{"Ring of Hypnosis":1,"downfall:HeartBlessingRed":22,"vexMod:ScavengeHelm":13,"Astrolabe":9,"champ:ChampionCrown":0,"downfall:HeartBlessingGreen":23,"PreservedInsect":3,"aspiration:HummingbirdHeart":16,"Whetstone":4,"War Paint":1,"Busted Crown":18,"downfall:GremlinSack":12,"downfall:HeartBlessingBlue":22,"vexMod:HeadHunter":14,"aspiration:AnachronicSnailShell":21,"Prayer Wheel":23,"halation:PinkSoulGem":16,"Toy Ornithopter":6},{"Ring of Hypnosis":7,"downfall:HeartBlessingRed":119,"vexMod:ScavengeHelm":58,"Astrolabe":42,"champ:ChampionCrown":0,"downfall:HeartBlessingGreen":129,"PreservedInsect":15,"aspiration:HummingbirdHeart":76,"Whetstone":18,"War Paint":7,"Busted Crown":92,"downfall:GremlinSack":54,"downfall:HeartBlessingBlue":119,"vexMod:HeadHunter":64,"aspiration:AnachronicSnailShell":115,"Prayer Wheel":129,"halation:PinkSoulGem":76,"Toy Ornithopter":26}],"Toy Ornithopter":30},"card_choices":[{"not_picked":["champ:PreciseThrust","champ:FanOfKnives"],"picked":"champ:TornadoPunch","floor":2.0},{"not_picked":["champ:RageSigil","champ:FalseCounter"],"picked":"champ:Balance","floor":4.0},{"not_picked":["champ:Riposte","champ:TornadoPunch"],"picked":"champ:Circumvent","floor":5.0},{"not_picked":["champ:ShieldSigil","champ:SwordThrow"],"picked":"champ:DefensiveShout","floor":9.0},{"not_picked":["champ:BerserkersShout","champ:DefensiveShout"],"picked":"champ:PreciseThrust","floor":11.0},{"not_picked":["champ:TornadoPunch","champ:RageSigil"],"picked":"champ:FlashCut","floor":12.0},{"not_picked":["champ:Haymaker","champ:Shatter"],"picked":"champ:StanceDance","floor":14.0},{"not_picked":["champ:ArenaPreparation","champ:Aggression","champ:RisingSlash"],"picked":"SKIP","floor":15.0},{"not_picked":["champ:SteelEdge","champ:ShieldSlam"],"picked":"champ:CrownThrow","floor":16.0},{"not_picked":["champ:BerserkersShout","champ:DefensiveStyle"],"picked":"champ:FocusedDefense","floor":19.0},{"not_picked":["champ:Circumvent","champ:Shatter"],"picked":"champ:GladiatorsShout","floor":22.0},{"not_picked":["champ:Aggression","champ:BerserkersShout"],"picked":"champ:GladiatorStyle","floor":23.0},{"not_picked":["champ:Encircle+1","champ:SwordThrow"],"picked":"champ:ShieldSigil","floor":25.0},{"not_picked":["champ:ShieldSigil+1","champ:GladiatorsShout+1"],"picked":"champ:SkillfulDodge","floor":28.0},{"not_picked":["champ:TornadoPunch","champ:BerserkersShout+1"],"picked":"champ:SwordSigil","floor":30.0},{"not_picked":["champ:Encircle","champ:Haymaker+1","champ:BladeFlurry"],"picked":"SKIP","floor":31.0},{"not_picked":["champ:DeathBlow","champ:RisingSlash+1"],"picked":"champ:Balance+1","floor":32.0},{"not_picked":["champ:BerserkersShout+1","champ:CalledShot"],"picked":"champ:StanceDance+1","floor":34.0},{"not_picked":[],"picked":"champ:FalseCounter","floor":38.0},{"not_picked":["champ:BerserkerStyle+1"],"picked":"SKIP","floor":39.0},{"not_picked":[],"picked":"champ:StanceDance+1","floor":40.0},{"not_picked":[],"picked":"champ:ShieldSigil+1","floor":41.0},{"not_picked":[],"picked":"champ:HoldFirm","floor":45.0},{"not_picked":["champ:BringItOn"],"picked":"SKIP","floor":45.0},{"not_picked":["champ:BerserkersShout"],"picked":"SKIP","floor":47.0},{"not_picked":["champ:DeathBlow"],"picked":"SKIP","floor":47.0},{"not_picked":[],"picked":"champ:BringItOn","floor":49.0},{"not_picked":["champ:Encircle+1"],"picked":"SKIP","floor":49.0},{"not_picked":["champ:ShieldSigil"],"picked":"SKIP","floor":51},{"not_picked":["champ:PerfectedStrike+1"],"picked":"SKIP","floor":51}],"player_experience":810755,"relics_obtained":[{"floor":2.0,"key":"War Paint"},{"floor":3.0,"key":"Ring of Hypnosis"},{"floor":7.0,"key":"PreservedInsect"},{"floor":9.0,"key":"Whetstone"},{"floor":13.0,"key":"Toy Ornithopter"},{"floor":23.0,"key":"downfall:GremlinSack"},{"floor":26.0,"key":"vexMod:ScavengeHelm"},{"floor":28.0,"key":"vexMod:HeadHunter"},{"floor":32.0,"key":"aspiration:HummingbirdHeart"},{"floor":40.0,"key":"aspiration:AnachronicSnailShell"},{"floor":45.0,"key":"Prayer Wheel"}],"event_choices":[{"damage_healed":0.0,"max_hp_gain":0.0,"max_hp_loss":0.0,"gold_gain":0.0,"event_name":"Wheel of Change","player_choice":"Relic","floor":13.0,"gold_loss":0.0,"damage_taken":0.0}],"is_beta":false,"boss_relics":[{"not_picked":["Runic Dome","halation:PinkAlligatorPlush"],"picked":"Astrolabe"},{"not_picked":["halation:MonkeysPaw","aspiration:RunicSpoon"],"picked":"Busted Crown"}],"items_purged_floors":[19,41],"is_endless":false,"potions_floor_spawned":[9,11,15,22,23,31,35,38,39,49],"ascension_level":1}}