{"host":"3jpwrwmmgyabjceh","time":1608405389,"event":{"mods":["AchievementEnabler","BaseMod","Colored Map","Colored Powertips","Highlight Path","Minty Spire (QoL Compilation)","StSLib"],"gold_per_floor":[113,127,142,154,79,79,93,93,148,223,241,254,254,254,254,350,350,370,388,388,406,406,406,406,406],"floor_reached":24,"playtime":736,"items_purged":["Strike_B"],"score":219,"play_id":"301332d6-4c43-4af2-9725-8ada9feb0d23","local_time":"20201219221629","is_ascension_mode":true,"campfire_choices":[{"data":"Rainbow","floor":6,"key":"SMITH"},{"data":"Dualcast","floor":8,"key":"SMITH"},{"floor":13,"key":"REST"},{"floor":15,"key":"REST"},{"floor":23,"key":"REST"}],"circlet_count":0,"master_deck":["Strike_B","Defend_B","Defend_B+1","Defend_B","Defend_B","Zap+1","Dualcast+1","Ball Lightning","Redo","Compile Driver","Rainbow+1","Barrage","Cold Snap","Chaos","Rainbow","Auto Shields","Darkness+1","Defragment","Core Surge"],"relics":["FrozenCore","Lantern"],"acts_visited":["Exordium","TheCity"],"potions_floor_usage":[4],"damage_taken":[{"damage":0,"enemies":"2 Louse","floor":1,"turns":2},{"damage":2,"enemies":"Jaw Worm","floor":2,"turns":3},{"damage":7,"enemies":"Small Slimes","floor":3,"turns":2},{"damage":4,"enemies":"Red Slaver","floor":4,"turns":3},{"damage":28,"enemies":"Gremlin Gang","floor":7,"turns":5},{"damage":11,"enemies":"Large Slime","floor":11,"turns":4},{"damage":5,"enemies":"2 Fungi Beasts","floor":12,"turns":2},{"damage":22,"enemies":"Slime Boss","floor":16,"turns":11},{"damage":12,"enemies":"2 Thieves","floor":18,"turns":4},{"damage":5,"enemies":"Chosen","floor":19,"turns":4},{"damage":38,"enemies":"Centurion and Healer","floor":21,"turns":8},{"damage":42,"enemies":"3 Cultists","floor":24,"turns":5}],"seed_played":"5755966303659202682","potions_obtained":[{"floor":3,"key":"Regen Potion"},{"floor":11,"key":"FearPotion"}],"is_trial":false,"path_per_floor":["M","M","M","M","$","R","M","R","T","?","M","M","R","?","R","B",null,"M","M","?","M","?","R","M"],"character_chosen":"DEFECT","items_purchased":[],"campfire_rested":3,"item_purchase_floors":[],"current_hp_per_floor":[75,73,66,71,71,71,43,43,43,32,21,16,38,23,45,23,75,63,58,58,20,20,42,0,0],"gold":406,"neow_bonus":"REMOVE_CARD","is_daily":false,"chose_seed":false,"campfire_upgraded":2,"win_rate":0.0,"timestamp":1608405389,"path_taken":["M","M","M","M","$","R","M","R","T","?","M","M","R","?","R","BOSS","M","M","?","M","?","R","M"],"items_purchased_type":[],"build_version":"2020-12-13","purchased_purges":1,"victory":false,"max_hp_per_floor":[75,75,75,75,75,75,75,75,75,75,75,75,75,75,75,75,75,75,75,75,75,75,75,75,75],"card_choices":[{"not_picked":["Steam","Beam Cell"],"picked":"Ball Lightning","floor":1},{"not_picked":["Rebound","Go for the Eyes"],"picked":"Redo","floor":2},{"not_picked":["Beam Cell","Rebound"],"picked":"Compile Driver","floor":3},{"not_picked":["Rebound","Melter"],"picked":"Rainbow","floor":4},{"not_picked":["Stack","Recycle"],"picked":"Barrage","floor":7},{"not_picked":["Blizzard","Double Energy"],"picked":"Cold Snap","floor":11},{"not_picked":["Go for the Eyes","Auto Shields"],"picked":"Chaos","floor":12},{"not_picked":["Creative AI","Hyperbeam"],"picked":"Rainbow","floor":16},{"not_picked":["Steam","Streamline+1"],"picked":"Auto Shields","floor":18},{"not_picked":["Gash","Go for the Eyes+1"],"picked":"Darkness+1","floor":19},{"not_picked":["Fusion","Consume","Beam Cell"],"picked":"SKIP","floor":21}],"player_experience":229217,"relics_obtained":[{"floor":9,"key":"Lantern"}],"event_choices":[{"damage_healed":0,"gold_gain":75,"player_choice":"Gather Gold","damage_taken":11,"max_hp_gain":0,"max_hp_loss":0,"event_name":"World of Goop","floor":10,"gold_loss":0},{"damage_healed":0,"gold_gain":0,"player_choice":"Entered Light","damage_taken":15,"max_hp_gain":0,"max_hp_loss":0,"event_name":"Shining Light","floor":14,"gold_loss":0,"cards_upgraded":["Zap","Defend_B"]},{"damage_healed":0,"gold_gain":0,"player_choice":"Read","damage_taken":0,"max_hp_gain":0,"max_hp_loss":0,"event_name":"The Library","floor":20,"gold_loss":0,"cards_obtained":["Defragment"]},{"damage_healed":0,"gold_gain":0,"cards_transformed":["Strike_B"],"player_choice":"Transformed","damage_taken":0,"max_hp_gain":0,"max_hp_loss":0,"event_name":"Transmorgrifier","floor":22,"gold_loss":0,"cards_obtained":["Core Surge"]}],"is_beta":false,"boss_relics":[{"not_picked":["Coffee Dripper","Busted Crown"],"picked":"FrozenCore"}],"items_purged_floors":[5],"is_endless":false,"potions_floor_spawned":[3,11],"killed_by":"3 Cultists","ascension_level":3}}