{"host":"irtkyucquvte0m2t","time":1608336928,"event":{"mods":["BaseMod","Better Note","BetterRewards","Colored Map","Colored Powertips","Downfall","Minty Spire (QoL Compilation)","Quick Restart","Rare Cards Sparkle","StSLib","everything is the same but u backflip on backflip"],"gold_per_floor":[99,199,124,15,41,59,59,75,91,91,91,104,104,117,130,228,228,153,170,170,170,9,9,9,35,35,35,35,35,35,20,31,131,131,131,131,131,97,97,129,207,218,40,40,53,53,71,71,83,83],"floor_reached":51,"playtime":2067,"items_purged":["Slimebound:Defend_Slimebound","Slimebound:Strike_Slimebound"],"score":739,"play_id":"7d894e2d-d224-41e2-a6e3-710ef3d3298b","local_time":"20201218191528","is_ascension_mode":false,"campfire_choices":[{"floor":1,"key":"RECALL"},{"data":"Slimebound:Split","floor":3,"key":"SMITH"},{"data":"Slimebound:CorrosiveSpit","floor":10,"key":"SMITH"},{"data":"Slimebound:Repurpose","floor":18,"key":"SMITH"},{"data":"Slimebound:WasteNot","floor":21,"key":"SMITH"},{"data":"Slimebound:ViciousTackle","floor":23,"key":"SMITH"},{"floor":27,"key":"REST"},{"data":"Slimebound:SlimeSlap","floor":35,"key":"SMITH"},{"data":"Slimebound:OozeBath","floor":37,"key":"SMITH"},{"data":"Slimebound:Defend_Slimebound","floor":39,"key":"SMITH"},{"data":"Slimebound:PrepareCrush","floor":44,"key":"SMITH"}],"circlet_count":0,"master_deck":["Slimebound:Strike_Slimebound","Slimebound:Strike_Slimebound","Slimebound:Tackle","Slimebound:Defend_Slimebound","Slimebound:Defend_Slimebound+1","Slimebound:Defend_Slimebound+1","Slimebound:Split+1","Slimebound:CorrosiveSpit+1","Slimebound:SplitLeeching","Slimebound:Repurpose+1","Bandage Up","Slimebound:WasteNot+1","Slimebound:SamplingLick","Slimebound:RollThrough+1","Slimebound:ViciousTackle+1","Slimebound:SamplingLick","Slimebound:SamplingLick","Slimebound:MassFeed","Slimebound:FormOfPuddle+1","Slimebound:LeechingTouch","Slimebound:Nibble","Slimebound:OozeBath+1","Slimebound:SlimeSlap+1","Slimebound:DouseInSlime+1","Slimebound:PrepareCrush+1","Slimebound:Repurpose+1","Slimebound:GoopSpray","Slimebound:ProtectTheBoss+1","expansioncontent:AwakenDeath+1"],"relics":["Slimebound:AbsorbEndCombatUpgraded","downfall:HeartBlessingRed","Slimebound:AggressiveSlimeRelic","Slimebound:PotencyRelic","SacredBark","downfall:HeartBlessingBlue","Bird Faced Urn","MealTicket","downfall:RedIOU","War Paint","InkBottle","Frozen Egg 2"],"acts_visited":["Exordium","TheCity","TheBeyond"],"potions_floor_usage":[16,33,40,45,50],"damage_taken":[{"damage":13,"enemies":"downfall:FleeingMerchant","floor":4,"turns":4},{"damage":28,"enemies":"3 Sentries","floor":5,"turns":7},{"damage":9,"enemies":"2 Louse","floor":6,"turns":2},{"damage":20,"enemies":"Cultist","floor":8,"turns":3},{"damage":18,"enemies":"Small Slimes","floor":9,"turns":2},{"damage":14,"enemies":"3 Louse","floor":12,"turns":2},{"damage":28,"enemies":"Blue Slaver","floor":14,"turns":3},{"damage":21,"enemies":"Exordium Thugs","floor":15,"turns":3},{"damage":78,"enemies":"downfall:Defect","floor":16,"turns":6},{"damage":23,"enemies":"Shell Parasite","floor":19,"turns":4},{"damage":24,"enemies":"downfall:FleeingMerchant","floor":22,"turns":4},{"damage":65,"enemies":"Gremlin Leader","floor":25,"turns":8},{"damage":21,"enemies":"downfall:FleeingMerchant","floor":31,"turns":4},{"damage":12,"enemies":"Chosen","floor":32,"turns":5},{"damage":86,"enemies":"downfall:Silent","floor":33,"turns":10},{"damage":32,"enemies":"downfall:FleeingMerchant","floor":38,"turns":4},{"damage":47,"enemies":"Nemesis","floor":40,"turns":5},{"damage":26,"enemies":"Orb Walker","floor":42,"turns":3},{"damage":34,"enemies":"3 Darklings","floor":45,"turns":3},{"damage":25,"enemies":"Spire Growth","floor":47,"turns":5},{"damage":43,"enemies":"Writhing Mass","floor":49,"turns":7},{"damage":18,"enemies":"downfall:Watcher","floor":50,"turns":5}],"seed_played":"5643214346912727796","potions_obtained":[{"floor":8,"key":"Dexterity Potion"},{"floor":12,"key":"PowerPotion"},{"floor":33,"key":"hexamod:EctoCoolerPotion"},{"floor":42,"key":"DistilledChaos"},{"floor":45,"key":"Strength Potion"},{"floor":47,"key":"SkillPotion"},{"floor":49,"key":"Ancient Potion"}],"is_trial":false,"path_per_floor":["R","?","R","$","E","M","T","M","M","R","T","M","?","M","M","B",null,"R","M","?","R","$","R","T","E","?","R","?","?","?","$","M","B",null,"R","?","R","$","R","E","T","M","$","R","M","?","M","$","M","B",null],"character_chosen":"SLIMEBOUND","items_purchased":["Bandage Up","Juzu Bracelet","Slimebound:PrepareCrush","War Paint","Slimebound:ProtectTheBoss+1"],"campfire_rested":1,"item_purchase_floors":[4,22,38,38,43],"current_hp_per_floor":[60,60,60,59,54,55,55,60,60,60,60,60,60,56,59,40,60,70,70,70,70,70,70,70,37,37,58,58,58,45,73,75,44,75,75,75,75,75,75,60,60,73,75,75,72,72,75,75,75,75],"gold":83,"neow_bonus":"THREE_CARDS","is_daily":false,"chose_seed":false,"campfire_upgraded":9,"win_rate":0.0,"timestamp":1608336928,"path_taken":["R","?","R","$","E","M","T","?","M","R","?","M","?","M","M","BOSS","R","M","?","R","$","R","T","E","?","R","?","?","?","?","M","BOSS","R","?","R","$","R","E","T","M","$","R","M","?","M","?","M","BOSS"],"items_purchased_type":["Card","Relic","Card","Relic","Card"],"build_version":"2020-12-13","purchased_purges":2,"victory":true,"max_hp_per_floor":[60,60,60,60,60,60,60,60,60,60,60,60,60,60,60,60,60,70,70,70,70,70,70,70,70,70,70,70,70,75,75,75,75,75,75,75,75,75,75,75,75,75,75,75,75,75,75,75,75,75],"card_choices":[{"not_picked":["Slimebound:PressTheAttack","Slimebound:LeechingTouch"],"picked":"Slimebound:SplitLeeching","floor":0},{"not_picked":["Slimebound:SlimeSpikes","Slimebound:Schlurp"],"picked":"Slimebound:Repurpose","floor":4},{"not_picked":["Slimebound:ComboTackle","Slimebound:RollThrough"],"picked":"Slimebound:WasteNot","floor":5},{"not_picked":["Slimebound:LeechEnergy","Slimebound:ComboTackle"],"picked":"Slimebound:SamplingLick","floor":6},{"not_picked":["Slimebound:SlimeBrawl","Slimebound:SplitMire"],"picked":"Slimebound:RollThrough","floor":8},{"not_picked":["Slimebound:PressTheAttack","Slimebound:SplitBruiser"],"picked":"Slimebound:ViciousTackle","floor":9},{"not_picked":["Slimebound:SplitAcid","Slimebound:ComboTackle"],"picked":"Slimebound:SamplingLick","floor":12},{"not_picked":["Slimebound:ViciousTackle","Slimebound:FormOfPuddle"],"picked":"Slimebound:SamplingLick","floor":14},{"not_picked":["Slimebound:PressTheAttack","Slimebound:SpikyOuterGoop","Slimebound:GrowthPunch"],"picked":"SKIP","floor":15},{"not_picked":["Slimebound:CheckThePlaybook","Slimebound:DuplicatedForm"],"picked":"Slimebound:MassFeed","floor":16},{"not_picked":["Slimebound:Prepare","Slimebound:ComboTackle"],"picked":"Slimebound:FormOfPuddle+1","floor":19},{"not_picked":["Slimebound:SlimeBrawl","Slimebound:LeechEnergy+1"],"picked":"Slimebound:LeechingTouch","floor":22},{"not_picked":["Slimebound:SlimeTap+1","Slimebound:ProtectTheBoss+1"],"picked":"Slimebound:Nibble","floor":25},{"not_picked":["Slimebound:RollThrough","Slimebound:SlimeBrawl"],"picked":"Slimebound:OozeBath","floor":31},{"not_picked":["Slimebound:SpikyOuterGoop+1","Slimebound:HungryTackle+1","Slimebound:Recollect"],"picked":"SKIP","floor":32},{"not_picked":["Slimebound:MassFeed","Slimebound:DuplicatedForm"],"picked":"Slimebound:SlimeSlap","floor":33},{"not_picked":["Slimebound:RejuvenatingLick","Slimebound:SplitAcid+1"],"picked":"Slimebound:DouseInSlime","floor":38},{"not_picked":["Slimebound:Prepare","Slimebound:GrowthPunch+1"],"picked":"Slimebound:Repurpose+1","floor":40},{"not_picked":["Slimebound:ItLooksTasty+1","Slimebound:PressTheAttack"],"picked":"Slimebound:GoopSpray","floor":42},{"not_picked":["Slimebound:SlimeTap","Slimebound:ViciousTackle+1","Slimebound:SplitAcid"],"picked":"SKIP","floor":45},{"not_picked":["expansioncontent:PolyBeam","expansioncontent:Torchfire"],"picked":"expansioncontent:AwakenDeath+1","floor":46},{"not_picked":["Slimebound:LeechingTouch+1","Slimebound:Schlurp","Slimebound:Gluttony+1"],"picked":"SKIP","floor":47},{"not_picked":["Slimebound:Grow+1","Slimebound:GrowthPunch+1","Slimebound:ViciousTackle+1"],"picked":"SKIP","floor":49}],"player_experience":1376193,"relics_obtained":[{"floor":5,"key":"Slimebound:AggressiveSlimeRelic"},{"floor":7,"key":"Slimebound:PotencyRelic"},{"floor":24,"key":"Bird Faced Urn"},{"floor":25,"key":"MealTicket"},{"floor":40,"key":"InkBottle"},{"floor":41,"key":"Frozen Egg 2"}],"event_choices":[{"damage_healed":0,"gold_gain":0,"player_choice":"Forge","damage_taken":0,"max_hp_gain":0,"max_hp_loss":0,"event_name":"Accursed Blacksmith","floor":28,"gold_loss":0,"cards_upgraded":["Slimebound:RollThrough"]}],"is_beta":false,"boss_relics":[{"not_picked":["Philosopher\u0027s Stone","Slimebound:TarBlob"],"picked":"SacredBark"},{"not_picked":["Sozu","Velvet Choker"],"picked":"Slimebound:AbsorbEndCombatUpgraded"}],"items_purged_floors":[38,43],"is_endless":false,"potions_floor_spawned":[8,12,33,42,45,47,49],"ascension_level":0}}