{"host":"8h3glbk9j4k4ylc4","time":1608408830,"event":{"mods":["AchievementEnabler","Act Like it!","BaseMod","Colored Map","Colored Powertips","Energized Spire","Gensokyo","Hallownest","Hermit","Hubris","Infinite Spire","Jorbs\u0027s Wanderer Trilogy","Lobotomy","Marisa????????","Minty Spire (QoL Compilation)","Replay The Spire","Somnambulant","StSLib","Td1madao Mod","The Bug Knight","The Judge","The Senshi"],"gold_per_floor":[111,43,43,57,57,57,91,91,118,118,131,151,151,116,116,221,171,184,202,213,213,230,230,256,268,280,292,322,334,446,489,501,617,629,658,249,264,4,23,23,35,35,35,52,62,77,77,93,93,93,93],"floor_reached":50,"playtime":4375,"items_purged":["GalaxyChild","SpiderBud"],"score":584,"play_id":"4e9d2231-9e36-4458-a740-827d5b670ee9","local_time":"20201219221350","is_ascension_mode":false,"campfire_choices":[{"floor":10.0,"key":"REST"},{"data":"Apotheosis","floor":40,"key":"SMITH"},{"data":"Laetitia","floor":42,"key":"PURGE"},{"floor":49,"key":"REST"}],"circlet_count":0,"master_deck":["SpecialBullet","SpecialBullet","SpecialBullet","SpecialBullet","SpecialBullet","SpecialBullet","SpecialBullet","SpecialBullet","InformationCode","WelfareCode","DisciplinaryCode","Replay:Bootleg Shield Generator+1","LaLuna","ShedSkin","Reverberation","GreenStem+1","CrimsonScar","Twilight+1","SpecialBullet","UniverseFragment","Penitence","Amita","RecordCode","Justitia","Moonlight","HappyTeddy","Heaven","Soda","Horn+1","VoidDream","Regret_ego","TrainingCode","Diffraction","CentralCode","Master of Strategy","Regret_ego","Apotheosis+1","Parasite","Parasite","CherryBlossom+1"],"relics":["CogitoBucket","Replay:Wax Seal","Toy Ornithopter","energizedSpire:HugeHouse","BackwardClock","MawBank","hubris:PeanutButter","AdjustmentMirror","Replay:Multitool","hubris:BottledRain","hubris:DeckOfHolding","Sozu","AtMidnight","HellTrain","Strawberry","BargainBundle","hubris:MysteriousPyramids"],"acts_visited":["Exordium","TheCity","TheBeyond"],"potions_floor_usage":[24],"damage_taken":[{"damage":3.0,"enemies":"Cultist","floor":1.0,"turns":3.0},{"damage":7.0,"enemies":"Small Slimes","floor":4.0,"turns":3.0},{"damage":39.0,"enemies":"3 Sentries","floor":7.0,"turns":8.0},{"damage":4.0,"enemies":"Jaw Worm","floor":11.0,"turns":2.0},{"damage":0.0,"enemies":"Gremlin Gang","floor":12.0,"turns":5.0},{"damage":6.0,"enemies":"Slime Boss","floor":16.0,"turns":10.0},{"damage":0,"enemies":"2 Thieves","floor":18,"turns":2},{"damage":22,"enemies":"Shell Parasite","floor":19,"turns":7},{"damage":21,"enemies":"Chosen and Byrds","floor":20,"turns":7},{"damage":1,"enemies":"Cultist and Chosen","floor":22,"turns":5},{"damage":1,"enemies":"Replay:Snechameleon","floor":24,"turns":8},{"damage":49,"enemies":"Snake Plant","floor":28,"turns":9},{"damage":34,"enemies":"Colosseum Slavers","floor":30,"turns":5},{"damage":52,"enemies":"Colosseum Nobs","floor":30,"turns":7},{"damage":0,"enemies":"Nightmare","floor":31,"turns":10},{"damage":28,"enemies":"Automaton","floor":33,"turns":17},{"damage":14,"enemies":"Orb Walker","floor":35,"turns":32},{"damage":2,"enemies":"3 Darklings","floor":37,"turns":3},{"damage":0,"enemies":"Writhing Mass","floor":39,"turns":5},{"damage":25,"enemies":"Transient","floor":41,"turns":5},{"damage":0,"enemies":"Sphere and 2 Shapes","floor":44,"turns":5},{"damage":19,"enemies":"Writhing Mass","floor":45,"turns":8},{"damage":0,"enemies":"Spire Growth","floor":46,"turns":5},{"damage":75,"enemies":"Transient","floor":48,"turns":5},{"damage":114,"enemies":"Donu and Deca","floor":50,"turns":5}],"seed_played":"513901250457427845","potions_obtained":[{"floor":11.0,"key":"Fire Potion"},{"floor":12.0,"key":"ColorlessPotion"},{"floor":20,"key":"Swift Potion"},{"floor":32,"key":"Flashbang"},{"floor":32,"key":"Doom Potion"}],"is_trial":false,"path_per_floor":["M","$","?","M","?","R","E","?","T","R","M","M","?","?","R","B",null,"M","M","M","?","M","R","E","R","T","R","M","R","?","NM","R","B",null,"M","$","M","$","M","R","M","R","T","M","M","M","?","M","R","B"],"character_chosen":"Angela","items_purchased":["Reverberation","Strawberry","Master of Strategy","BargainBundle","Regret_ego","Apotheosis"],"campfire_rested":2,"item_purchase_floors":[2,36,36,38,38,38],"current_hp_per_floor":[67,67,67,60,46,46,7,7,7,28,24,24,24,41,41,40,65,69,51,37,37,41,41,81,81,81,81,81,81,46,81,81,81,81,81,88,88,88,88,88,88,88,88,88,88,88,88,45,71,0,0],"gold":93,"neow_bonus":"RANDOM_COLORLESS","is_daily":false,"chose_seed":false,"campfire_upgraded":1,"win_rate":0.0,"timestamp":1608408830,"path_taken":["M","?","?","?","?","R","E","?","T","R","M","?","?","?","R","BOSS","M","M","M","?","?","R","E","R","T","R","M","R","?","NM","R","BOSS","M","$","M","$","M","R","M","R","T","?","M","M","?","M","R","BOSS"],"items_purchased_type":["Card","Relic","Card","Relic","Card","Card"],"build_version":"2020-12-13","purchased_purges":2,"victory":false,"max_hp_per_floor":[70,70,70,70,70,70,70,70,70,70,70,70,70,70,70,70,65,69,73,73,73,77,77,81,81,81,81,81,81,81,81,81,81,81,81,88,88,88,88,88,88,88,88,88,88,88,88,88,88,88,88],"card_choices":[{"not_picked":["Enlightenment","ReplayTheSpireMod:Trickstab"],"picked":"Replay:Bootleg Shield Generator","floor":0.0},{"not_picked":["BlackSwan","Wellcheers"],"picked":"LaLuna","floor":1.0},{"not_picked":["Noise"],"picked":"ShedSkin","floor":1.0},{"not_picked":["MeatLantern","WallGazer"],"picked":"SpiderBud","floor":4.0},{"not_picked":["CrimsonScar"],"picked":"GreenStem","floor":4.0},{"not_picked":["Scorched","FairyFestival"],"picked":"Laetitia","floor":7.0},{"not_picked":["TodaysExpression"],"picked":"CrimsonScar","floor":7.0},{"not_picked":["Rudolta","MeatLantern"],"picked":"UniverseFragment","floor":11.0},{"not_picked":["TheSmile"],"picked":"Penitence","floor":11.0},{"not_picked":["Logging"],"picked":"Amita","floor":12.0},{"not_picked":["QueenBee","Alriune"],"picked":"SilentOrchestra","floor":16.0},{"not_picked":["ParadiseLost"],"picked":"Justitia","floor":16.0},{"not_picked":["Freischutz","Bloodbath"],"picked":"HappyTeddy","floor":18},{"not_picked":["Tough"],"picked":"Heaven","floor":18},{"not_picked":["CrumblingArmor","VoidDream"],"picked":"GalaxyChild","floor":19},{"not_picked":["FeatherOfHonor"],"picked":"Soda","floor":19},{"not_picked":["FourthMatchFlame"],"picked":"Horn+1","floor":20},{"not_picked":["OSAHOGD","BodiesMountain"],"picked":"VoidDream","floor":22},{"not_picked":["CherryBlossom"],"picked":"Regret_ego","floor":22},{"not_picked":["WhitesApple","CrumblingArmor"],"picked":"CherryBlossoms","floor":24},{"not_picked":["BlackSwan_ego+1","Ecstasy"],"picked":"SKIP","floor":24},{"not_picked":["Beak"],"picked":"Diffraction","floor":28},{"not_picked":["Pinks","SomewhereSpear"],"picked":"SKIP","floor":31},{"not_picked":["SomewhereSpear+1","Hypocrisy"],"picked":"SKIP","floor":35},{"not_picked":["Noise","Pleasure"],"picked":"SKIP","floor":37},{"not_picked":["Noise","CUTE"],"picked":"SKIP","floor":39},{"not_picked":["GrinderMk4+1","Pinks"],"picked":"SKIP","floor":41},{"not_picked":["Penitence+1","RedEyes"],"picked":"SKIP","floor":44},{"not_picked":["Tough+1","Beak+1"],"picked":"SKIP","floor":45},{"not_picked":["SomewhereSpear"],"picked":"CherryBlossom+1","floor":46},{"not_picked":["ScreamingWedge+1","Justitia"],"picked":"SKIP","floor":48}],"player_experience":302838,"relics_obtained":[{"floor":7.0,"key":"Replay:Wax Seal"},{"floor":9.0,"key":"Toy Ornithopter"},{"floor":24,"key":"MawBank"},{"floor":26,"key":"hubris:PeanutButter"},{"floor":30,"key":"Replay:Multitool"},{"floor":30,"key":"hubris:BottledRain"},{"floor":31,"key":"hubris:DeckOfHolding"},{"floor":35,"key":"AtMidnight"},{"floor":43,"key":"hubris:MysteriousPyramids"}],"event_choices":[{"damage_healed":0.0,"max_hp_gain":0.0,"max_hp_loss":0.0,"gold_gain":0.0,"event_name":"NoteForYourself","player_choice":"Ignored","floor":3.0,"gold_loss":0.0,"damage_taken":0.0},{"damage_healed":0.0,"max_hp_gain":0.0,"max_hp_loss":0.0,"gold_gain":0.0,"event_name":"Shining Light","player_choice":"Entered Light","floor":5.0,"gold_loss":0.0,"damage_taken":14.0,"cards_upgraded":["Replay:Bootleg Shield Generator","GreenStem"]},{"damage_healed":0.0,"max_hp_gain":0.0,"max_hp_loss":0.0,"gold_gain":0.0,"event_name":"Match and Keep!","player_choice":"1 cards matched","floor":8.0,"gold_loss":0.0,"damage_taken":0.0,"cards_obtained":["Twilight"]},{"damage_healed":17.0,"max_hp_gain":0.0,"max_hp_loss":0.0,"gold_gain":0.0,"event_name":"The Cleric","player_choice":"Healed","floor":14.0,"gold_loss":35.0,"damage_taken":0.0},{"cards_removed":["Strike_R"],"damage_healed":0,"gold_gain":0,"player_choice":"Card Removal","damage_taken":0,"max_hp_gain":0,"max_hp_loss":0,"event_name":"Wheel of Change","floor":21,"gold_loss":0},{"damage_healed":0,"gold_gain":0,"player_choice":"Fight","damage_taken":0,"max_hp_gain":0,"max_hp_loss":0,"event_name":"Colosseum","floor":30,"gold_loss":0},{"damage_healed":0,"gold_gain":0,"player_choice":"Fought Nobs","damage_taken":0,"max_hp_gain":0,"max_hp_loss":0,"event_name":"Colosseum","floor":30,"gold_loss":0}],"is_beta":false,"boss_relics":[{"not_picked":["Tiny House","Ring of Chaos"],"picked":"energizedSpire:HugeHouse"},{"not_picked":["hubris:TerracottaHorce","energizedSpire:EnergizedDie"],"picked":"Sozu"}],"items_purged_floors":[36,38],"is_endless":true,"potions_floor_spawned":[11,12,20,30,41,44,45],"killed_by":"Donu and Deca","ascension_level":0}}