{"host":"9tzam4717zt8ei1o","time":1608402782,"event":{"mods":["BaseMod","Colored Map","Keyboard Shortcuts","Minty Spire (QoL Compilation)","Quick Restart","StSLib","SuperFastMode"],"gold_per_floor":[113,113,38,58,75,75,103,103,154,172,184,79,79,91,91,91,91],"floor_reached":16,"playtime":300,"items_purged":["Strike_G"],"score":204,"play_id":"b7c81e4f-42c2-46db-bac2-b394bb1966a3","local_time":"20201220033302","is_ascension_mode":true,"campfire_choices":[{"data":"Bouncing Flask","floor":6.0,"key":"SMITH"},{"floor":8.0,"key":"REST"},{"data":"Cloak And Dagger","floor":15,"key":"SMITH"}],"circlet_count":0,"master_deck":["AscendersBane","Strike_G","Strike_G","Strike_G","Defend_G","Defend_G","Defend_G","Defend_G","Defend_G","Survivor","Neutralize","Bouncing Flask+1","Noxious Fumes","Eviscerate","Backflip","Acrobatics","Cloak And Dagger+1"],"relics":["Ring of the Snake","Lizard Tail","Kunai","Omamori"],"acts_visited":["Exordium"],"potions_floor_usage":[],"damage_taken":[{"damage":11.0,"enemies":"Cultist","floor":1.0,"turns":5.0},{"damage":11.0,"enemies":"Jaw Worm","floor":4.0,"turns":4.0},{"damage":4.0,"enemies":"2 Louse","floor":5.0,"turns":4.0},{"damage":27.0,"enemies":"3 Sentries","floor":7.0,"turns":6.0},{"damage":15.0,"enemies":"Gremlin Gang","floor":10.0,"turns":5.0},{"damage":5.0,"enemies":"Large Slime","floor":11.0,"turns":6.0},{"damage":29,"enemies":"Lots of Slimes","floor":14,"turns":6},{"damage":31,"enemies":"Slime Boss","floor":16,"turns":3}],"seed_played":"-6704507351679531548","potions_obtained":[{"floor":0.0,"key":"LiquidMemories"},{"floor":0.0,"key":"Swift Potion"},{"floor":7.0,"key":"Swift Potion"},{"floor":10.0,"key":"Swift Potion"}],"is_trial":false,"path_per_floor":["M","T","$","M","M","R","E","R","T","M","M","$","?","M","R","B"],"character_chosen":"THE_SILENT","items_purchased":["Noxious Fumes","Acrobatics"],"campfire_rested":1,"item_purchase_floors":[3,12],"current_hp_per_floor":[48,48,48,37,33,33,6,25,25,10,5,5,5,10,10,0,0],"gold":91,"neow_bonus":"THREE_SMALL_POTIONS","is_daily":false,"chose_seed":false,"campfire_upgraded":2,"win_rate":0.0,"timestamp":1608402782,"path_taken":["M","?","$","M","?","R","E","R","T","M","M","$","?","M","R","BOSS"],"items_purchased_type":["Card","Card"],"build_version":"2020-12-13","purchased_purges":1,"victory":false,"max_hp_per_floor":[66,66,66,66,66,66,66,66,66,66,66,66,66,66,66,66,66],"card_choices":[{"not_picked":["PiercingWail","Deadly Poison"],"picked":"Bouncing Flask","floor":1.0},{"not_picked":["Dagger Throw","Slice","Outmaneuver"],"picked":"SKIP","floor":4.0},{"not_picked":["Dagger Spray","Slice","Caltrops"],"picked":"SKIP","floor":5.0},{"not_picked":["Caltrops","Outmaneuver","Sucker Punch"],"picked":"SKIP","floor":7.0},{"not_picked":["Slice","Dagger Throw"],"picked":"Eviscerate","floor":10.0},{"not_picked":["Burst","Deflect"],"picked":"Backflip","floor":11.0},{"not_picked":["Underhanded Strike","Infinite Blades"],"picked":"Cloak And Dagger","floor":14}],"player_experience":99229,"relics_obtained":[{"floor":2.0,"key":"Lizard Tail"},{"floor":7.0,"key":"Kunai"},{"floor":9.0,"key":"Omamori"}],"event_choices":[{"cards_removed":["Strike_G"],"damage_healed":0.0,"max_hp_gain":0.0,"max_hp_loss":0.0,"gold_gain":0.0,"event_name":"Living Wall","player_choice":"Forget","floor":13.0,"gold_loss":0.0,"damage_taken":0.0}],"is_beta":false,"boss_relics":[],"items_purged_floors":[12],"is_endless":false,"potions_floor_spawned":[5,7,10],"killed_by":"Slime Boss","ascension_level":20}}