{"host":"usewcu4ohw2wtmxk","time":1608355805,"event":{"mods":["AchievementEnabler","BaseMod","Colored Powertips","Minty Spire (QoL Compilation)","Permanent Neow","Quick Restart","Relic Stats","StSLib"],"gold_per_floor":[115,40,315,44,60,89,89,164,164,164,1,11,11,37,37,37,37],"floor_reached":16,"playtime":287,"items_purged":["Strike_G","Regret"],"score":262,"play_id":"592fc660-4192-4e52-889c-50ef4741706f","local_time":"20201219133005","is_ascension_mode":true,"campfire_choices":[{"data":"Predator","floor":10.0,"key":"SMITH"},{"data":"Acrobatics","floor":15,"key":"SMITH"}],"circlet_count":0,"master_deck":["AscendersBane","Strike_G","Strike_G","Strike_G","Strike_G","Defend_G","Defend_G","Defend_G","Defend_G","Defend_G","Survivor","Neutralize+1","Predator+1","Acrobatics+1","Backstab","Prepared"],"relics":["Ring of the Snake","NeowsBlessing","Omamori","Eternal Feather","Tough Bandages","Orrery","Pen Nib"],"acts_visited":["Exordium"],"potions_floor_usage":[],"damage_taken":[{"damage":0.0,"enemies":"Cultist","floor":1.0,"turns":1.0},{"damage":0.0,"enemies":"2 Louse","floor":5.0,"turns":1.0},{"damage":0.0,"enemies":"Gremlin Nob","floor":6.0,"turns":1.0},{"damage":1.0,"enemies":"Small Slimes","floor":12.0,"turns":3.0},{"damage":43,"enemies":"Lagavulin","floor":14,"turns":9},{"damage":0,"enemies":"Slime Boss","floor":16,"turns":3}],"seed_played":"-4099913376728523910","potions_obtained":[{"floor":1.0,"key":"Dexterity Potion"},{"floor":12.0,"key":"BlessingOfTheForge"},{"floor":14,"key":"Energy Potion"}],"is_trial":false,"path_per_floor":["M","$","?","$","M","E","?","?","T","R","$","M","?","E","R","B"],"character_chosen":"THE_SILENT","items_purchased":["Omamori","Orrery"],"campfire_rested":0,"item_purchase_floors":[4,11],"current_hp_per_floor":[59,59,59,59,59,59,64,53,53,59,59,58,58,15,24,24,24],"gold":37,"neow_bonus":"THREE_ENEMY_KILL","is_daily":false,"chose_seed":false,"campfire_upgraded":2,"win_rate":0.0,"timestamp":1608355805,"path_taken":["M","?","?","$","?","E","?","?","T","R","$","M","?","E","R","BOSS"],"items_purchased_type":["Relic","Relic"],"build_version":"2020-12-13","purchased_purges":2,"victory":false,"max_hp_per_floor":[66,66,66,66,66,66,71,71,71,71,71,71,71,71,71,71,71],"relic_stats":{"Tough Bandages":[18],"counters":[6,18],"Eternal Feather":15,"Pen Nib":[0],"obtain_stats":[{"Tough Bandages":9,"NeowsBlessing":0,"Orrery":11,"Eternal Feather":6,"Pen Nib":14,"Omamori":4,"Ring of the Snake":0},{"Tough Bandages":3,"NeowsBlessing":0,"Orrery":3,"Eternal Feather":3,"Pen Nib":5,"Omamori":1,"Ring of the Snake":0},{"Tough Bandages":3,"NeowsBlessing":0,"Orrery":3,"Eternal Feather":3,"Pen Nib":15,"Omamori":1,"Ring of the Snake":0}],"Ring of the Snake":[12]},"card_choices":[{"not_picked":["Heel Hook","Cloak And Dagger","Dodge and Roll"],"picked":"SKIP","floor":1.0},{"not_picked":["Choke","Quick Slash"],"picked":"Predator","floor":5.0},{"not_picked":["Catalyst","Choke"],"picked":"Acrobatics","floor":6.0},{"not_picked":["Dodge and Roll","Bouncing Flask"],"picked":"Backstab","floor":12.0},{"not_picked":["Leg Sweep","Finisher","Prepared"],"picked":"SKIP","floor":14},{"not_picked":["Leg Sweep","Finisher"],"picked":"Prepared","floor":14}],"player_experience":218875,"relics_obtained":[{"floor":6.0,"key":"Eternal Feather"},{"floor":9.0,"key":"Tough Bandages"},{"floor":14,"key":"Pen Nib"}],"event_choices":[{"damage_healed":0.0,"max_hp_gain":0.0,"max_hp_loss":0.0,"gold_gain":275.0,"event_name":"Golden Shrine","player_choice":"Desecrate","floor":3.0,"gold_loss":0.0,"damage_taken":0.0,"cards_obtained":["Regret"]},{"damage_healed":0.0,"max_hp_gain":5.0,"max_hp_loss":0.0,"gold_gain":0.0,"event_name":"Big Fish","player_choice":"Donut","floor":7.0,"gold_loss":0.0,"damage_taken":0.0},{"damage_healed":0.0,"max_hp_gain":0.0,"max_hp_loss":0.0,"gold_gain":75.0,"event_name":"World of Goop","player_choice":"Gather Gold","floor":8.0,"gold_loss":0.0,"damage_taken":11.0},{"damage_healed":0,"gold_gain":0,"player_choice":"Grow","damage_taken":0,"max_hp_gain":0,"max_hp_loss":0,"event_name":"Living Wall","floor":13,"gold_loss":0,"cards_upgraded":["Neutralize"]}],"is_beta":false,"boss_relics":[],"items_purged_floors":[2,4],"is_endless":false,"potions_floor_spawned":[1,12,14],"killed_by":"Slime Boss","ascension_level":20}}