{"host":"hfxp6ue4pvwo3fit","time":1608420669,"event":{"mods":["AchievementEnabler","BaseMod","Colored Map","Colored Powertips","Highlight Path","Minty Spire (QoL Compilation)","StSLib","SuperFastMode"],"gold_per_floor":[114,125,125,125,125,168,168,209,209,224,249,290,290,305,305,398,398,419,322,247,266,191,191,234,259,259,259,282,20,36,77,77,172,172,190,209,209,209,51,91,91,91,91],"floor_reached":42,"playtime":1569,"items_purged":["Strike_B","Strike_B"],"score":1028,"play_id":"9af08536-ac8a-42b7-9abe-a5a9fd6ad3af","local_time":"20201219173109","is_ascension_mode":true,"campfire_choices":[{"data":"Conserve Battery","floor":7,"key":"SMITH"},{"data":"Creative AI","floor":13,"key":"SMITH"},{"data":"Reinforced Body","floor":15,"key":"SMITH"},{"data":"Coolheaded","floor":23,"key":"SMITH"},{"data":"Capacitor","floor":27,"key":"SMITH"},{"floor":32,"key":"REST"},{"floor":41,"key":"REST"}],"circlet_count":0,"master_deck":["AscendersBane","Defend_B","Defend_B","Defend_B","Zap+1","Dualcast","Conserve Battery+1","Cold Snap","Doom and Gloom","Coolheaded+1","Creative AI+1","Reinforced Body+1","Electrodynamics","Storm","Capacitor+1","Coolheaded","Genetic Algorithm","White Noise","Cold Snap","Machine Learning"],"relics":["Cracked Core","NeowsBlessing","Golden Idol","Pear","DataDisk","Mercury Hourglass","Centennial Puzzle","Blood Vial","Busted Crown","Strawberry","Potion Belt","HornCleat","Empty Cage","OrangePellets"],"acts_visited":["Exordium","TheCity","TheBeyond"],"potions_floor_usage":[8,16,16,42],"damage_taken":[{"damage":0,"enemies":"Cultist","floor":1,"turns":1},{"damage":0,"enemies":"Jaw Worm","floor":2,"turns":1},{"damage":0,"enemies":"3 Sentries","floor":6,"turns":1},{"damage":16,"enemies":"Lagavulin","floor":8,"turns":7},{"damage":5,"enemies":"Small Slimes","floor":10,"turns":2},{"damage":5,"enemies":"Gremlin Nob","floor":12,"turns":4},{"damage":6,"enemies":"Exordium Wildlife","floor":14,"turns":2},{"damage":0,"enemies":"Hexaghost","floor":16,"turns":9},{"damage":0,"enemies":"3 Byrds","floor":18,"turns":2},{"damage":1,"enemies":"Shell Parasite","floor":21,"turns":5},{"damage":19,"enemies":"Gremlin Leader","floor":24,"turns":6},{"damage":9,"enemies":"Cultist and Chosen","floor":25,"turns":5},{"damage":2,"enemies":"Centurion and Healer","floor":28,"turns":4},{"damage":7,"enemies":"Shelled Parasite and Fungi","floor":30,"turns":5},{"damage":20,"enemies":"Book of Stabbing","floor":31,"turns":7},{"damage":9,"enemies":"Champ","floor":33,"turns":11},{"damage":10,"enemies":"Orb Walker","floor":35,"turns":3},{"damage":0,"enemies":"3 Shapes","floor":36,"turns":4},{"damage":22,"enemies":"Reptomancer","floor":40,"turns":6},{"damage":90,"enemies":"Giant Head","floor":42,"turns":9}],"seed_played":"-2245031563795470256","potions_obtained":[{"floor":2,"key":"CultistPotion"},{"floor":6,"key":"SteroidPotion"},{"floor":14,"key":"PowerPotion"},{"floor":16,"key":"BlessingOfTheForge"},{"floor":21,"key":"BlessingOfTheForge"},{"floor":28,"key":"Swift Potion"},{"floor":31,"key":"ColorlessPotion"},{"floor":35,"key":"BlessingOfTheForge"},{"floor":36,"key":"Dexterity Potion"}],"is_trial":false,"path_per_floor":["M","M","?","?","?","E","R","E","T","M","T","E","R","M","R","B",null,"M","$","$","M","?","R","E","M","T","R","M","$","M","E","R","B",null,"M","M","?","?","$","E","R","E"],"character_chosen":"DEFECT","items_purchased":["Capacitor","Coolheaded","Potion Belt","OrangePellets"],"campfire_rested":2,"item_purchase_floors":[19,19,29,39],"current_hp_per_floor":[64,64,69,43,43,53,53,37,37,32,32,27,27,23,23,25,71,73,73,73,74,74,74,64,57,57,57,57,57,52,34,61,54,83,75,77,77,77,77,57,84,0,0],"gold":91,"neow_bonus":"THREE_ENEMY_KILL","is_daily":false,"chose_seed":false,"campfire_upgraded":5,"win_rate":0.0,"timestamp":1608420669,"path_taken":["M","M","?","?","?","E","R","E","T","?","?","E","R","M","R","BOSS","M","?","$","M","?","R","E","M","T","R","M","$","M","E","R","BOSS","M","M","?","?","$","E","R","E"],"items_purchased_type":["Card","Card","Relic","Relic"],"build_version":"2020-12-13","purchased_purges":2,"victory":false,"max_hp_per_floor":[71,71,76,76,76,86,86,86,86,86,86,86,86,86,86,86,86,86,86,86,86,86,86,93,93,93,93,93,93,93,93,93,93,93,93,93,93,93,93,93,93,93,93],"card_choices":[{"not_picked":["Rebound","Redo"],"picked":"Conserve Battery","floor":1},{"not_picked":["Auto Shields","Tempest"],"picked":"Cold Snap","floor":2},{"not_picked":["Force Field","Aggregate","Stack"],"picked":"SKIP","floor":6},{"not_picked":["Conserve Battery","Leap"],"picked":"Doom and Gloom","floor":8},{"not_picked":["Cold Snap","Consume"],"picked":"Coolheaded","floor":10},{"not_picked":["Leap","Stack"],"picked":"Creative AI","floor":12},{"not_picked":["Rebound","Lockon"],"picked":"Reinforced Body","floor":14},{"not_picked":["Seek","Thunder Strike"],"picked":"Electrodynamics","floor":16},{"not_picked":[],"picked":"Storm","floor":18},{"not_picked":[],"picked":"Genetic Algorithm","floor":21},{"not_picked":["Thunder Strike"],"picked":"SKIP","floor":24},{"not_picked":["Steam"],"picked":"SKIP","floor":25},{"not_picked":[],"picked":"White Noise","floor":28},{"not_picked":[],"picked":"Cold Snap","floor":30},{"not_picked":["Stack"],"picked":"SKIP","floor":31},{"not_picked":[],"picked":"Machine Learning","floor":33},{"not_picked":["Rebound"],"picked":"SKIP","floor":35},{"not_picked":["BootSequence"],"picked":"SKIP","floor":36},{"not_picked":["Hologram"],"picked":"SKIP","floor":40}],"player_experience":393292,"relics_obtained":[{"floor":6,"key":"Pear"},{"floor":8,"key":"DataDisk"},{"floor":9,"key":"Mercury Hourglass"},{"floor":11,"key":"Centennial Puzzle"},{"floor":12,"key":"Blood Vial"},{"floor":24,"key":"Strawberry"},{"floor":31,"key":"HornCleat"}],"event_choices":[{"damage_healed":0,"gold_gain":0,"player_choice":"Donut","damage_taken":0,"max_hp_gain":5,"max_hp_loss":0,"event_name":"Big Fish","floor":3,"gold_loss":0},{"damage_healed":0,"gold_gain":0,"player_choice":"Take Damage","damage_taken":26,"relics_obtained":["Golden Idol"],"max_hp_gain":0,"max_hp_loss":0,"event_name":"Golden Idol","floor":4,"gold_loss":0},{"damage_healed":0,"gold_gain":0,"player_choice":"Upgraded","damage_taken":0,"max_hp_gain":0,"max_hp_loss":0,"event_name":"Upgrade Shrine","floor":5,"gold_loss":0,"cards_upgraded":["Zap"]},{"cards_removed":["Strike_B"],"damage_healed":0,"gold_gain":0,"player_choice":"Gave Gold","damage_taken":0,"max_hp_gain":0,"max_hp_loss":0,"event_name":"Beggar","floor":22,"gold_loss":75},{"damage_healed":0,"gold_gain":0,"player_choice":"Memory 1","damage_taken":0,"max_hp_gain":0,"max_hp_loss":0,"event_name":"SensoryStone","floor":37,"gold_loss":0},{"damage_healed":0,"gold_gain":0,"player_choice":"Ignored","damage_taken":0,"max_hp_gain":0,"max_hp_loss":0,"event_name":"Tomb of Lord Red Mask","floor":38,"gold_loss":0}],"is_beta":false,"boss_relics":[{"not_picked":["Runic Dome","Calling Bell"],"picked":"Busted Crown"},{"not_picked":["Tiny House","Pandora\u0027s Box"],"picked":"Empty Cage"}],"items_purged_floors":[20,29],"is_endless":false,"potions_floor_spawned":[2,6,14,16,21,25,28,31,35,36],"killed_by":"Giant Head","ascension_level":16}}