{"host":"ds3v42j7tpaaz1mg","time":1608345172,"event":{"mods":["AchievementEnabler","Aspiration","BaseMod","Bestiary","Better Altar","Better Note","Better Sensory Stone","BetterRewards","Block Reminder","Colored Powertips","Conspire","Downfall","Energized Spire","Halation","Hermit","Highlight Path","Hubris","Infinite Spire","Jorbs\u0027s Wanderer Trilogy","Minty Spire (QoL Compilation)","Relic Stats","Replay The Spire","StSLib","The Elementalist","The Servant 0.9.4","vexMod"],"gold_per_floor":[118,31,6,56,81,93,105,117,117],"floor_reached":8,"playtime":270,"items_purged":[],"score":62,"play_id":"25a06d78-452d-4695-87fb-58b0f2e97315","local_time":"20201218213252","is_ascension_mode":true,"campfire_choices":[{"data":"FIFO Queue","floor":6,"key":"SMITH"}],"circlet_count":0,"master_deck":["Strike_B","Strike_B","Strike_B","Strike_B","Defend_B","Defend_B","Defend_B","Defend_B","Zap","Dualcast","Slimebound:Defend_Slimebound","stsjorbsmod:CoupDeGrace","BootSequence","Storm","FIFO Queue+1","Hallucinations","Cold Snap"],"relics":["Cracked Core","Prayer Wheel","Ring of Greed","Membership Card","MawBank","ReplayTheSpireMod:Ring of Collecting"],"acts_visited":["Exordium"],"potions_floor_usage":[],"damage_taken":[{"damage":23,"enemies":"Jaw Worm","floor":1,"turns":5},{"damage":1,"enemies":"Small Slimes","floor":5,"turns":4},{"damage":69,"enemies":"Gremlin Nob","floor":8,"turns":5}],"seed_played":"-2922205019044270546","potions_obtained":[{"floor":1,"key":"Elixir"}],"is_trial":false,"path_per_floor":["M","$","?","?","M","R","?","E"],"character_chosen":"DEFECT","items_purchased":["FIFO Queue","Fire Potion"],"campfire_rested":0,"item_purchase_floors":[2,2],"current_hp_per_floor":[45,45,45,45,44,44,44,0,0],"gold":117,"neow_bonus":"THREE_RARE_CARDS","is_daily":false,"chose_seed":false,"campfire_upgraded":1,"win_rate":0.0,"timestamp":1608345172,"path_taken":["M","$","?","?","M","R","?","E"],"items_purchased_type":["Card","Potion"],"build_version":"2020-12-13","purchased_purges":0,"victory":false,"max_hp_per_floor":[75,75,75,75,75,75,75,75,75],"relic_stats":{"counters":[3,14],"Prayer Wheel":2,"MawBank":48,"obtain_stats":[{"ReplayTheSpireMod:Ring of Collecting":4,"Prayer Wheel":1,"Ring of Greed":4,"Membership Card":4,"Cracked Core":0,"MawBank":4},{"ReplayTheSpireMod:Ring of Collecting":1,"Prayer Wheel":1,"Ring of Greed":1,"Membership Card":1,"Cracked Core":0,"MawBank":1},{"ReplayTheSpireMod:Ring of Collecting":5,"Prayer Wheel":3,"Ring of Greed":5,"Membership Card":5,"Cracked Core":0,"MawBank":5}]},"card_choices":[{"not_picked":["Meteor Strike","hubris:DoWhile"],"picked":"ReplayTheSpireMod:Fabricate Wheel","floor":0},{"not_picked":["Compile Driver","Rebound"],"picked":"BootSequence","floor":1},{"not_picked":["Conserve Battery","Rebound"],"picked":"Storm","floor":1},{"not_picked":["BasicCrystalCard","Rebound"],"picked":"Cold Snap","floor":5},{"not_picked":["Lockon","Beam Cell","Turbo"],"picked":"SKIP","floor":5}],"player_experience":553411,"relics_obtained":[{"floor":4,"key":"Ring of Greed"},{"floor":4,"key":"Membership Card"},{"floor":4,"key":"MawBank"},{"floor":4,"key":"ReplayTheSpireMod:Ring of Collecting"}],"event_choices":[{"damage_healed":0,"gold_gain":0,"player_choice":"Disagree","damage_taken":0,"max_hp_gain":0,"max_hp_loss":0,"event_name":"conspire:LoneGhost","floor":7,"gold_loss":0}],"is_beta":false,"boss_relics":[],"items_purged_floors":[],"is_endless":false,"potions_floor_spawned":[1],"killed_by":"Gremlin Nob","ascension_level":8}}