{"host":"dvpvhz1t6etneyb3","time":1608342442,"event":{"mods":["AchievementEnabler","BaseMod","Colored Map","Highlight Path","Minty Spire (QoL Compilation)","Permanent Neow","Quick Restart"],"gold_per_floor":[13,13,0,10,30,58,58,58,81,81,109,129,138,168,168,168,168],"floor_reached":16,"playtime":479,"items_purged":[],"score":220,"play_id":"703a5467-7127-46be-b492-f1ad4822de25","local_time":"20201218204722","is_ascension_mode":true,"campfire_choices":[{"floor":8,"key":"REST"},{"data":"Seek","floor":10,"key":"SMITH"},{"floor":13,"key":"REST"},{"data":"Hologram","floor":15,"key":"SMITH"}],"circlet_count":0,"master_deck":["AscendersBane","Strike_B","Strike_B","Strike_B","Strike_B","Defend_B","Defend_B","Defend_B","Defend_B","Zap","Dualcast","Hyperbeam+1","Genetic Algorithm","Genetic Algorithm","Seek+1","Sweeping Beam","Hologram+1","Go for the Eyes"],"relics":["Cracked Core","MealTicket","Dream Catcher","CeramicFish","Blood Vial"],"acts_visited":["Exordium"],"potions_floor_usage":[16],"damage_taken":[{"damage":0.0,"enemies":"2 Louse","floor":1.0,"turns":2.0},{"damage":0.0,"enemies":"Small Slimes","floor":4.0,"turns":1.0},{"damage":2.0,"enemies":"Jaw Worm","floor":5.0,"turns":2.0},{"damage":37.0,"enemies":"Gremlin Nob","floor":6.0,"turns":5.0},{"damage":9,"enemies":"Large Slime","floor":11,"turns":5},{"damage":14,"enemies":"Exordium Wildlife","floor":12,"turns":2},{"damage":3,"enemies":"3 Sentries","floor":14,"turns":3},{"damage":43,"enemies":"The Guardian","floor":16,"turns":9}],"seed_played":"5740484520593490832","potions_obtained":[{"floor":4.0,"key":"Block Potion"},{"floor":5.0,"key":"Weak Potion"},{"floor":12,"key":"SneckoOil"}],"is_trial":false,"path_per_floor":["M","?","?","M","M","E","?","R","T","R","M","M","R","E","R","B"],"character_chosen":"DEFECT","items_purchased":[],"campfire_rested":2,"item_purchase_floors":[],"current_hp_per_floor":[64,64,64,64,62,25,25,46,46,46,37,23,44,41,41,0,0],"gold":168,"neow_bonus":"THREE_RARE_CARDS","is_daily":false,"chose_seed":false,"campfire_upgraded":2,"win_rate":0.0,"timestamp":1608342442,"path_taken":["M","?","?","M","M","E","?","R","T","R","M","M","R","E","R","BOSS"],"items_purchased_type":[],"build_version":"2020-12-13","purchased_purges":0,"victory":false,"max_hp_per_floor":[71,71,71,71,71,71,71,71,71,71,71,71,71,71,71,71,71],"card_choices":[{"not_picked":["Creative AI","All For One"],"picked":"Hyperbeam","floor":0.0},{"not_picked":["Steam","Hello World"],"picked":"Genetic Algorithm","floor":1.0},{"not_picked":["Steam Power","Tempest","Streamline"],"picked":"SKIP","floor":4.0},{"not_picked":["Go for the Eyes","Leap"],"picked":"Genetic Algorithm","floor":5.0},{"not_picked":["Creative AI","Ball Lightning"],"picked":"Seek","floor":6.0},{"not_picked":["Hello World","Steam"],"picked":"Sweeping Beam","floor":8},{"not_picked":["Reinforced Body","Consume"],"picked":"Hologram","floor":11},{"not_picked":["Streamline","Static Discharge","Redo"],"picked":"SKIP","floor":12},{"not_picked":["Coolheaded","Gash"],"picked":"Go for the Eyes","floor":13},{"not_picked":["Storm","Compile Driver","Sunder"],"picked":"SKIP","floor":14}],"player_experience":1897135,"relics_obtained":[{"floor":6.0,"key":"MealTicket"},{"floor":9,"key":"CeramicFish"},{"floor":14,"key":"Blood Vial"}],"event_choices":[{"damage_healed":0.0,"max_hp_gain":0.0,"max_hp_loss":0.0,"gold_gain":0.0,"event_name":"Living Wall","player_choice":"Grow","floor":2.0,"gold_loss":0.0,"damage_taken":0.0,"cards_upgraded":["Hyperbeam"]},{"damage_healed":0.0,"max_hp_gain":0.0,"max_hp_loss":0.0,"gold_gain":0.0,"event_name":"World of Goop","player_choice":"Left Gold","floor":3.0,"gold_loss":13.0,"damage_taken":0.0},{"damage_healed":0,"gold_gain":0,"player_choice":"Searched \u00272\u0027 times","damage_taken":0,"relics_obtained":["Dream Catcher"],"max_hp_gain":0,"max_hp_loss":0,"event_name":"Dead Adventurer","floor":7,"gold_loss":0}],"is_beta":false,"boss_relics":[],"items_purged_floors":[],"is_endless":false,"potions_floor_spawned":[4,5,12],"killed_by":"The Guardian","ascension_level":20}}