{"host":"kw4o7b3ro2ktmmbe","time":1608349410,"event":{"mods":["BaseMod","Minty Spire (QoL Compilation)","Robot Space Explorer","StSLib","Treasure Hunter"],"gold_per_floor":[149,163,176,251,251,251,272,272,319,319,319,342,342,342,342,470,470,491,491,55,79,97,97,135,135,161,161,194,194,219,254,254,383,383,397,0,18,42,55,55,86,86,166,191,234,259,38,51,51,51],"floor_reached":51,"playtime":3897,"items_purged":["RobotSpaceExplorer:Strike"],"score":943,"play_id":"cc608c37-0a64-4505-8e7c-b9c31cd21090","local_time":"20201219164330","is_ascension_mode":true,"campfire_choices":[{"data":"RobotSpaceExplorer:Fix","floor":6.0,"key":"SMITH"},{"data":"RobotSpaceExplorer:MiniBoosters","floor":8.0,"key":"SMITH"},{"data":"TH:CursedSword","floor":10.0,"key":"SMITH"},{"floor":15.0,"key":"REST"},{"data":"RobotSpaceExplorer:Comet","floor":23.0,"key":"SMITH"},{"data":"RobotSpaceExplorer:Comet","floor":27.0,"key":"SMITH"},{"data":"RobotSpaceExplorer:Comet","floor":29.0,"key":"SMITH"},{"floor":32.0,"key":"REST"},{"data":"RobotSpaceExplorer:DroneSwarm","floor":49.0,"key":"SMITH"}],"circlet_count":0,"master_deck":["RobotSpaceExplorer:Strike","RobotSpaceExplorer:Strike+1","RobotSpaceExplorer:Strike+1","RobotSpaceExplorer:Defend","RobotSpaceExplorer:Defend","RobotSpaceExplorer:Scan","RobotSpaceExplorer:MiniLasers","RobotSpaceExplorer:ScrapMissile","RobotSpaceExplorer:Fix+1","RobotSpaceExplorer:RigExplosive","RobotSpaceExplorer:MiniBoosters+1","TH:CursedSword+1","RobotSpaceExplorer:MiniBoosters","RobotSpaceExplorer:Comet+1","TH:TreasureMap","RobotSpaceExplorer:Comet+1","RobotSpaceExplorer:StarLightning","TH:CursedSword","RobotSpaceExplorer:Comet+1","TH:TreasureMap","TH:Mimic","RobotSpaceExplorer:LuckyStrike","TH:TreasureMap","TH:TreasureMap","RobotSpaceExplorer:DroneSwarm+1","RobotSpaceExplorer:Fix","TH:CursedSword","RobotSpaceExplorer:PlasmaMissile+1","TH:ElvenBoots","Apotheosis","TH:Mimic","TH:TreasureMap","TH:Mimic","TH:ElvenBoots","RobotSpaceExplorer:RigExplosive"],"relics":["RobotSpaceExplorer:Reprocessor","Golden Idol","Pen Nib","Dream Catcher","SacredBark","Mango","Toolbox","Juzu Bracelet","Bronze Scales","Bag of Marbles","Shuriken","Velvet Choker","TH:Strongbox","HandDrill","Lantern","Vajra","Bottled Flame","Incense Burner","Happy Flower","StrikeDummy"],"acts_visited":["Exordium","TheCity","TheBeyond"],"potions_floor_usage":[50,50,50,50],"damage_taken":[{"damage":0.0,"enemies":"Jaw Worm","floor":1.0,"turns":5.0},{"damage":0.0,"enemies":"Small Slimes","floor":2.0,"turns":3.0},{"damage":0.0,"enemies":"Cultist","floor":3.0,"turns":4.0},{"damage":4.0,"enemies":"Gremlin Gang","floor":7.0,"turns":4.0},{"damage":5.0,"enemies":"Red Slaver","floor":12.0,"turns":4.0},{"damage":18.0,"enemies":"The Guardian","floor":16.0,"turns":10.0},{"damage":0.0,"enemies":"Shell Parasite","floor":18.0,"turns":1.0},{"damage":7.0,"enemies":"Chosen","floor":21.0,"turns":3.0},{"damage":0.0,"enemies":"3 Cultists","floor":22.0,"turns":3.0},{"damage":0.0,"enemies":"Gremlin Leader","floor":24.0,"turns":4.0},{"damage":23.0,"enemies":"Book of Stabbing","floor":28.0,"turns":4.0},{"damage":36.0,"enemies":"Shelled Parasite and Fungi","floor":30.0,"turns":4.0},{"damage":1.0,"enemies":"Slavers","floor":31.0,"turns":2.0},{"damage":26.0,"enemies":"Champ","floor":33.0,"turns":9.0},{"damage":18.0,"enemies":"Orb Walker","floor":35.0,"turns":3.0},{"damage":9.0,"enemies":"3 Shapes","floor":37.0,"turns":2.0},{"damage":2.0,"enemies":"Sphere and 2 Shapes","floor":39.0,"turns":3.0},{"damage":45.0,"enemies":"Reptomancer","floor":41.0,"turns":5.0},{"damage":1.0,"enemies":"4 Shapes","floor":44.0,"turns":2.0},{"damage":109.0,"enemies":"Giant Head","floor":45.0,"turns":9.0},{"damage":37.0,"enemies":"Maw","floor":46.0,"turns":7.0},{"damage":6.0,"enemies":"Transient","floor":48.0,"turns":5.0},{"damage":16,"enemies":"Donu and Deca","floor":50,"turns":5}],"seed_played":"-3899230384960975635","potions_obtained":[{"floor":1.0,"key":"Weak Potion"},{"floor":3.0,"key":"AttackPotion"},{"floor":16.0,"key":"Energy Potion"},{"floor":21.0,"key":"DuplicationPotion"},{"floor":25.0,"key":"Dexterity Potion"},{"floor":25.0,"key":"FairyPotion"},{"floor":25.0,"key":"PowerPotion"},{"floor":28.0,"key":"Dexterity Potion"},{"floor":30.0,"key":"DistilledChaos"},{"floor":33.0,"key":"RobotSpaceExplorer:PlasmaFlask"},{"floor":35.0,"key":"FairyPotion"},{"floor":39.0,"key":"Swift Potion"},{"floor":45.0,"key":"Strength Potion"},{"floor":46.0,"key":"PowerPotion"},{"floor":48.0,"key":"RobotSpaceExplorer:LiquidFusion"}],"is_trial":false,"path_per_floor":["M","M","M","?","?","R","M","R","T","R","?","M","?","?","R","B",null,"M","?","$","M","M","R","E","?","T","R","E","R","M","E","R","B",null,"M","$","M","T","M","?","E","?","T","M","E","M","$","M","R","B",null],"character_chosen":"RobotSpaceExplorer","items_purchased":["Mango","Toolbox","TH:Strongbox","HandDrill","Happy Flower"],"campfire_rested":2,"item_purchase_floors":[20,20,36,36,47],"current_hp_per_floor":[75,75,75,64,46,46,48,48,48,48,48,49,24,9,31,19,75,75,75,89,82,82,82,88,88,88,88,65,65,35,34,60,40,89,77,77,78,78,86,86,45,35,35,38,53,28,28,26,26,20],"gold":51,"neow_bonus":"BOSS_RELIC","is_daily":false,"chose_seed":false,"campfire_upgraded":7,"win_rate":0.0,"timestamp":1608349410,"path_taken":["M","M","M","?","?","R","M","R","T","R","?","M","?","?","R","BOSS","M","?","$","?","M","R","E","?","T","R","E","R","M","E","R","BOSS","M","$","M","?","M","?","E","?","T","M","E","M","$","M","R","BOSS"],"items_purchased_type":["Relic","Relic","Relic","Relic","Relic"],"build_version":"2020-12-13","purchased_purges":1,"victory":true,"max_hp_per_floor":[75,75,75,75,75,75,75,75,75,75,75,75,75,75,75,75,75,75,75,89,89,89,89,89,89,89,89,89,89,89,89,89,89,89,89,89,89,89,89,89,89,89,89,89,89,89,89,89,89,89],"card_choices":[{"not_picked":["RobotSpaceExplorer:SurgingStrike","RobotSpaceExplorer:Counterblock"],"picked":"RobotSpaceExplorer:ScrapMissile","floor":1.0},{"not_picked":["RobotSpaceExplorer:GlueSpray","RobotSpaceExplorer:ScrapMissile"],"picked":"RobotSpaceExplorer:Fix","floor":2.0},{"not_picked":["RobotSpaceExplorer:GlueShot","RobotSpaceExplorer:ShockKick"],"picked":"RobotSpaceExplorer:RigExplosive","floor":3.0},{"not_picked":["RobotSpaceExplorer:Probe","RobotSpaceExplorer:Pulsar"],"picked":"RobotSpaceExplorer:MiniBoosters","floor":7.0},{"not_picked":["TH:ElvenBoots"],"picked":"TH:CursedSword","floor":9.0},{"not_picked":["RobotSpaceExplorer:Calculate","RobotSpaceExplorer:IronShell"],"picked":"RobotSpaceExplorer:MiniBoosters","floor":12.0},{"not_picked":["RobotSpaceExplorer:GlueShot","RobotSpaceExplorer:Pulsar"],"picked":"RobotSpaceExplorer:Comet","floor":15.0},{"not_picked":["TH:DeckOfManyThings"],"picked":"TH:TreasureMap","floor":16.0},{"not_picked":["RobotSpaceExplorer:ShockMissile","RobotSpaceExplorer:Exploration"],"picked":"RobotSpaceExplorer:Comet","floor":16.0},{"not_picked":["RobotSpaceExplorer:Probe","RobotSpaceExplorer:BigMissile"],"picked":"RobotSpaceExplorer:StarLightning","floor":18.0},{"not_picked":["RobotSpaceExplorer:Counterblock+1","RobotSpaceExplorer:FreezeRay+1","RobotSpaceExplorer:ShovelStrike"],"picked":"SKIP","floor":21.0},{"not_picked":["RobotSpaceExplorer:FranticSearch+1","RobotSpaceExplorer:GlueShot","RobotSpaceExplorer:StunGrenade"],"picked":"SKIP","floor":22.0},{"not_picked":["TH:Mimic"],"picked":"TH:CursedSword","floor":24.0},{"not_picked":["RobotSpaceExplorer:RigExplosive","RobotSpaceExplorer:Blitz"],"picked":"RobotSpaceExplorer:Comet","floor":24.0},{"not_picked":["TH:Mimic"],"picked":"TH:TreasureMap","floor":26.0},{"not_picked":["TH:BikiniMail"],"picked":"TH:Mimic","floor":28.0},{"not_picked":["RobotSpaceExplorer:Ammunition","RobotSpaceExplorer:SurgingShield"],"picked":"RobotSpaceExplorer:LuckyStrike","floor":28.0},{"not_picked":["RobotSpaceExplorer:Counterblock","RobotSpaceExplorer:ImprovisedAttack+1","RobotSpaceExplorer:ShockKick"],"picked":"SKIP","floor":30.0},{"not_picked":["TH:BikiniMail"],"picked":"TH:TreasureMap","floor":31.0},{"not_picked":["RobotSpaceExplorer:FranticSearch","RobotSpaceExplorer:SlimeMissile+1","RobotSpaceExplorer:SurgingStrike"],"picked":"SKIP","floor":31.0},{"not_picked":["TH:CursedSword"],"picked":"TH:TreasureMap","floor":33.0},{"not_picked":["RobotSpaceExplorer:HighVoltage","RobotSpaceExplorer:ChargingLaser"],"picked":"RobotSpaceExplorer:DroneSwarm","floor":33.0},{"not_picked":["RobotSpaceExplorer:ShovelStrike+1","RobotSpaceExplorer:ImprovisedAttack+1"],"picked":"RobotSpaceExplorer:Fix","floor":35.0},{"not_picked":["RobotSpaceExplorer:ScrapMissile","RobotSpaceExplorer:SlimeMissile","RobotSpaceExplorer:Counterblock+1"],"picked":"SKIP","floor":37.0},{"not_picked":["TH:EnergyPotion"],"picked":"TH:CursedSword","floor":38.0},{"not_picked":["RobotSpaceExplorer:Ammunition+1","RobotSpaceExplorer:Electroshield+1"],"picked":"RobotSpaceExplorer:PlasmaMissile+1","floor":39.0},{"not_picked":["TH:Mimic"],"picked":"TH:ElvenBoots","floor":41.0},{"not_picked":["RobotSpaceExplorer:PlasmaMissile","RobotSpaceExplorer:ShockKick+1","RobotSpaceExplorer:IronShell"],"picked":"SKIP","floor":41.0},{"not_picked":["Thinking Ahead","Violence"],"picked":"Apotheosis","floor":42.0},{"not_picked":["Master of Strategy","Forethought"],"picked":"TH:Mimic","floor":42.0},{"not_picked":["Dark Shackles","Madness"],"picked":"TH:TreasureMap","floor":42.0},{"not_picked":["TH:EnergyPotion"],"picked":"TH:Mimic","floor":43.0},{"not_picked":["RobotSpaceExplorer:ShockKick+1","RobotSpaceExplorer:MiniDrones","RobotSpaceExplorer:DoubleFind+1"],"picked":"SKIP","floor":44.0},{"not_picked":["TH:DeckOfManyThings"],"picked":"TH:ElvenBoots","floor":45.0},{"not_picked":["RobotSpaceExplorer:Probe","RobotSpaceExplorer:ShockKick+1","RobotSpaceExplorer:SlimeMissile+1"],"picked":"SKIP","floor":45.0},{"not_picked":["RobotSpaceExplorer:IronShell","RobotSpaceExplorer:Counterblock+1"],"picked":"RobotSpaceExplorer:Exploration","floor":46.0},{"not_picked":["RobotSpaceExplorer:SelfCleaning+1","RobotSpaceExplorer:ShovelStrike"],"picked":"RobotSpaceExplorer:RigExplosive","floor":48.0}],"player_experience":1776353,"relics_obtained":[{"floor":9.0,"key":"Pen Nib"},{"floor":24.0,"key":"Juzu Bracelet"},{"floor":26.0,"key":"Bronze Scales"},{"floor":28.0,"key":"Bag of Marbles"},{"floor":31.0,"key":"Shuriken"},{"floor":38.0,"key":"Lantern"},{"floor":41.0,"key":"Vajra"},{"floor":43.0,"key":"Bottled Flame"},{"floor":45.0,"key":"Incense Burner"},{"floor":48.0,"key":"StrikeDummy"}],"event_choices":[{"damage_healed":0.0,"max_hp_gain":0.0,"max_hp_loss":0.0,"gold_gain":75.0,"event_name":"World of Goop","player_choice":"Gather Gold","floor":4.0,"gold_loss":0.0,"damage_taken":11.0},{"damage_healed":0.0,"max_hp_gain":0.0,"max_hp_loss":0.0,"gold_gain":0.0,"event_name":"Golden Idol","player_choice":"Take Damage","floor":5.0,"gold_loss":0.0,"damage_taken":18.0,"relics_obtained":["Golden Idol"]},{"cards_removed":["RobotSpaceExplorer:Defend"],"damage_healed":0.0,"max_hp_gain":0.0,"max_hp_loss":0.0,"gold_gain":0.0,"event_name":"Living Wall","player_choice":"Forget","floor":11.0,"gold_loss":0.0,"damage_taken":0.0},{"damage_healed":0.0,"max_hp_gain":0.0,"max_hp_loss":0.0,"gold_gain":0.0,"event_name":"Scrap Ooze","player_choice":"Success","floor":13.0,"gold_loss":0.0,"damage_taken":25.0,"relics_obtained":["Dream Catcher"]},{"damage_healed":0.0,"max_hp_gain":0.0,"max_hp_loss":0.0,"gold_gain":0.0,"event_name":"Shining Light","player_choice":"Entered Light","floor":14.0,"gold_loss":0.0,"damage_taken":15.0,"cards_upgraded":["RobotSpaceExplorer:Strike","RobotSpaceExplorer:Strike"]},{"damage_healed":0.0,"max_hp_gain":0.0,"max_hp_loss":0.0,"gold_gain":0.0,"event_name":"N\u0027loth","player_choice":"Ignored","floor":19.0,"gold_loss":0.0,"damage_taken":0.0},{"damage_healed":0.0,"max_hp_gain":0.0,"max_hp_loss":0.0,"gold_gain":0.0,"event_name":"Lab","player_choice":"Got Potions","floor":25.0,"gold_loss":0.0,"damage_taken":0.0},{"cards_removed":["RobotSpaceExplorer:Defend"],"damage_healed":0.0,"max_hp_gain":0.0,"max_hp_loss":0.0,"gold_gain":0.0,"event_name":"Falling","player_choice":"Removed Skill","floor":40.0,"gold_loss":0.0,"damage_taken":0.0},{"damage_healed":0.0,"max_hp_gain":0.0,"max_hp_loss":0.0,"gold_gain":0.0,"event_name":"SensoryStone","player_choice":"Memory 3","floor":42.0,"gold_loss":0.0,"damage_taken":10.0}],"is_beta":false,"boss_relics":[{"not_picked":["Cursed Key","Ectoplasm"],"picked":"SacredBark"},{"not_picked":["Astrolabe","Black Star"],"picked":"Velvet Choker"}],"items_purged_floors":[47],"is_endless":false,"potions_floor_spawned":[1,3,16,21,28,30,33,35,39,45,46,48],"ascension_level":3}}