{"host":"sum4dy402bbv9y4o","time":1608389879,"event":{"mods":["Aspiration","BaseMod","Conspire","Highlight Path","Minty Spire (QoL Compilation)","StSLib"],"gold_per_floor":[118,133,103,118,18,18,46,66,89,120,132,132,142,170,170,243,243,256,267,112,131,131,164,164,197,197,197,197,230,8,28,28,100,100,120,132,28,78,90,90,118,131,185,201,95,95,120,150,150,150,150],"floor_reached":50,"playtime":1880,"items_purged":["Strike_P","Strike_P","Defend_P"],"score":1435,"play_id":"de579799-b88a-4fa5-8356-34c419b47f56","local_time":"20201219175759","is_ascension_mode":true,"campfire_choices":[{"data":"Eruption","floor":6,"key":"SMITH"},{"data":"SashWhip","floor":12,"key":"SMITH"},{"data":"MentalFortress","floor":15,"key":"SMITH"},{"data":"Perseverance","floor":24,"key":"SMITH"},{"floor":32,"key":"REST"},{"data":"Vigilance","floor":40,"key":"SMITH"},{"floor":49,"key":"REST"}],"circlet_count":0,"master_deck":["AscendersBane","Defend_P","Vigilance+1","EmptyFist","FlurryOfBlows+1","BowlingBash","FollowUp","SashWhip+1","Prostrate","FollowUp+1","Halt","MentalFortress+1","WindmillStrike","Perseverance+1","FlurryOfBlows","EmptyFist+1","Vengeance","EmptyFist","Halt","Tantrum+1","MentalFortress","Halt+1","Brilliance","Consecrate","MentalFortress","EmptyFist","FlurryOfBlows","ReachHeaven"],"relics":["PureWater","aspiration:Nostalgia","Burning Blood","conspire:DecoderRing","Vajra","aspiration:Lifesprig","Whetstone","VioletLotus","Gambling Chip","Juzu Bracelet","StrikeDummy","Unceasing Top","Empty Cage","Pen Nib","PreservedInsect","Thread and Needle","FossilizedHelix"],"acts_visited":["Exordium","TheCity","TheBeyond"],"potions_floor_usage":[7,19,19,21,23,31,31,39,41,50,50],"damage_taken":[{"damage":1,"enemies":"2 Louse","floor":1,"turns":3},{"damage":0,"enemies":"Cultist","floor":2,"turns":2},{"damage":1,"enemies":"Small Slimes","floor":4,"turns":2},{"damage":15,"enemies":"3 Sentries","floor":7,"turns":4},{"damage":0,"enemies":"Blue Slaver","floor":8,"turns":2},{"damage":0,"enemies":"Gremlin Nob","floor":10,"turns":2},{"damage":0,"enemies":"Exordium Thugs","floor":11,"turns":2},{"damage":11,"enemies":"Gremlin Gang","floor":13,"turns":2},{"damage":0,"enemies":"Lagavulin","floor":14,"turns":3},{"damage":0,"enemies":"Slime Boss","floor":16,"turns":4},{"damage":12,"enemies":"2 Thieves","floor":18,"turns":3},{"damage":7,"enemies":"Shell Parasite","floor":19,"turns":3},{"damage":0,"enemies":"Centurion and Healer","floor":21,"turns":4},{"damage":15,"enemies":"Gremlin Leader","floor":23,"turns":3},{"damage":0,"enemies":"Slavers","floor":25,"turns":2},{"damage":6,"enemies":"Colosseum Slavers","floor":28,"turns":2},{"damage":35,"enemies":"Book of Stabbing","floor":29,"turns":3},{"damage":0,"enemies":"Snecko","floor":31,"turns":4},{"damage":9,"enemies":"Automaton","floor":33,"turns":5},{"damage":10,"enemies":"3 Darklings","floor":35,"turns":3},{"damage":7,"enemies":"3 Shapes","floor":36,"turns":5},{"damage":7,"enemies":"Sphere and 2 Shapes","floor":39,"turns":3},{"damage":28,"enemies":"Reptomancer","floor":41,"turns":4},{"damage":0,"enemies":"Maw","floor":42,"turns":6},{"damage":12,"enemies":"Writhing Mass","floor":44,"turns":6},{"damage":11,"enemies":"Mind Bloom Boss Battle","floor":47,"turns":6},{"damage":10,"enemies":"Nemesis","floor":48,"turns":5},{"damage":50,"enemies":"Time Eater","floor":50,"turns":6}],"seed_played":"-3896447063451604733","potions_obtained":[{"floor":3,"key":"StancePotion"},{"floor":3,"key":"Swift Potion"},{"floor":4,"key":"Strength Potion"},{"floor":8,"key":"BlessingOfTheForge"},{"floor":16,"key":"SkillPotion"},{"floor":19,"key":"Fire Potion"},{"floor":29,"key":"LiquidMemories"},{"floor":33,"key":"BlessingOfTheForge"},{"floor":35,"key":"BlessingOfTheForge"},{"floor":36,"key":"AttackPotion"},{"floor":44,"key":"Swift Potion"},{"floor":47,"key":"DuplicationPotion"}],"is_trial":false,"path_per_floor":["M","M","?","M","$","R","E","M","T","E","M","R","M","E","R","B",null,"M","M","$","M","?","E","R","E","T","?","?","E","$","M","R","B",null,"M","M","$","?","M","R","E","M","T","M","$","?","?","E","R","B"],"character_chosen":"WATCHER","items_purchased":["FollowUp","AttackPotion","MentalFortress","SkillPotion","MentalFortress","EmptyFist","CultistPotion"],"campfire_rested":2,"item_purchase_floors":[5,20,30,30,37,37,45],"current_hp_per_floor":[66,68,68,68,68,68,59,65,65,68,68,68,63,68,68,68,68,62,61,61,67,67,58,58,64,64,64,64,35,35,41,61,58,66,62,61,61,61,60,60,38,44,44,38,38,38,33,29,49,0,0],"gold":150,"neow_bonus":"NOSTALGIA","is_daily":false,"chose_seed":false,"campfire_upgraded":5,"win_rate":0.0,"timestamp":1608389879,"path_taken":["M","M","?","M","?","R","E","M","T","E","M","R","M","E","R","BOSS","M","M","$","M","?","E","R","E","T","?","?","E","$","M","R","BOSS","M","M","$","?","M","R","E","M","T","M","?","?","?","E","R","BOSS"],"items_purchased_type":["Card","Potion","Card","Potion","Card","Card","Potion"],"build_version":"2020-12-13","purchased_purges":3,"victory":false,"max_hp_per_floor":[68,68,68,68,68,68,68,68,68,68,68,68,68,68,68,68,68,68,68,68,68,68,68,68,68,68,68,68,68,68,68,68,68,68,68,68,68,68,68,68,68,68,68,68,68,68,68,68,68,68,68],"card_choices":[{"not_picked":["Crescendo","PathToVictory"],"picked":"EmptyFist","floor":1},{"not_picked":["WreathOfFlame","FollowUp"],"picked":"FlurryOfBlows","floor":2},{"not_picked":["Halt","Prostrate"],"picked":"BowlingBash","floor":4},{"not_picked":["Study","Devotion"],"picked":"SashWhip","floor":7},{"not_picked":["Study","ThirdEye","CutThroughFate"],"picked":"SKIP","floor":8},{"not_picked":["JustLucky","Crescendo"],"picked":"Prostrate","floor":10},{"not_picked":["EmptyFist","Worship"],"picked":"FollowUp","floor":11},{"not_picked":["JustLucky","Crescendo"],"picked":"Halt","floor":13},{"not_picked":["Ragnarok","PathToVictory"],"picked":"MentalFortress","floor":14},{"not_picked":["CrushJoints","SignatureMove"],"picked":"WindmillStrike","floor":18},{"not_picked":["WindmillStrike","Evaluate"],"picked":"Perseverance","floor":19},{"not_picked":["BattleHymn+1","Sanctity"],"picked":"FlurryOfBlows","floor":21},{"not_picked":["Weave","Swivel"],"picked":"EmptyFist+1","floor":23},{"not_picked":["Wish","Collect"],"picked":"Vengeance","floor":25},{"not_picked":["ThirdEye","FlyingSleeves"],"picked":"Tantrum+1","floor":29},{"not_picked":["Crescendo+1","Protect"],"picked":"Halt+1","floor":31},{"not_picked":["Vault","Wish"],"picked":"Brilliance","floor":33},{"not_picked":["WreathOfFlame","EmptyFist"],"picked":"Consecrate","floor":35},{"not_picked":["Evaluate","FollowUp","JustLucky"],"picked":"SKIP","floor":36},{"not_picked":["FollowUp","PathToVictory","Halt"],"picked":"SKIP","floor":39},{"not_picked":["JustLucky","ForeignInfluence","Crescendo"],"picked":"SKIP","floor":41},{"not_picked":["MasterReality","ClearTheMind","PathToVictory"],"picked":"SKIP","floor":42},{"not_picked":["FlurryOfBlows","Wireheading","FlyingSleeves"],"picked":"SKIP","floor":44},{"not_picked":["PathToVictory","ThirdEye"],"picked":"FlurryOfBlows","floor":47},{"not_picked":["Consecrate+1","JustLucky+1"],"picked":"ReachHeaven","floor":48}],"player_experience":2826444,"relics_obtained":[{"floor":7,"key":"conspire:DecoderRing"},{"floor":9,"key":"Vajra"},{"floor":10,"key":"aspiration:Lifesprig"},{"floor":14,"key":"Whetstone"},{"floor":23,"key":"Gambling Chip"},{"floor":25,"key":"Juzu Bracelet"},{"floor":26,"key":"StrikeDummy"},{"floor":29,"key":"Unceasing Top"},{"floor":41,"key":"Pen Nib"},{"floor":43,"key":"PreservedInsect"},{"floor":47,"key":"Thread and Needle"},{"floor":48,"key":"FossilizedHelix"}],"event_choices":[{"damage_healed":0,"gold_gain":0,"player_choice":"Bought 2 Potions","damage_taken":0,"max_hp_gain":0,"max_hp_loss":0,"event_name":"The Woman in Blue","floor":3,"gold_loss":0},{"damage_healed":0,"gold_gain":0,"player_choice":"Ignored","damage_taken":0,"max_hp_gain":0,"max_hp_loss":0,"event_name":"Vampires","floor":22,"gold_loss":0},{"damage_healed":0,"gold_gain":0,"cards_transformed":["Strike_P","Defend_P"],"player_choice":"Became Test Subject","damage_taken":0,"max_hp_gain":0,"max_hp_loss":0,"event_name":"Drug Dealer","floor":27,"gold_loss":0,"cards_obtained":["EmptyFist","Halt"]},{"damage_healed":0,"gold_gain":0,"player_choice":"Fight","damage_taken":0,"max_hp_gain":0,"max_hp_loss":0,"event_name":"Colosseum","floor":28,"gold_loss":0},{"damage_healed":0,"gold_gain":0,"player_choice":"Fled From Nobs","damage_taken":0,"max_hp_gain":0,"max_hp_loss":0,"event_name":"Colosseum","floor":28,"gold_loss":0},{"damage_healed":0,"gold_gain":50,"player_choice":"Pray","damage_taken":0,"max_hp_gain":0,"max_hp_loss":0,"event_name":"Golden Shrine","floor":38,"gold_loss":0},{"cards_removed":["Eruption"],"damage_healed":0,"gold_gain":0,"player_choice":"Removed Attack","damage_taken":0,"max_hp_gain":0,"max_hp_loss":0,"event_name":"Falling","floor":46,"gold_loss":0},{"damage_healed":0,"gold_gain":0,"player_choice":"Fight","damage_taken":0,"max_hp_gain":0,"max_hp_loss":0,"event_name":"MindBloom","floor":47,"gold_loss":0}],"is_beta":false,"boss_relics":[{"not_picked":["Fusion Hammer","Astrolabe"],"picked":"VioletLotus"},{"not_picked":["conspire:RoyalGoblet","Pandora\u0027s Box"],"picked":"Empty Cage"}],"items_purged_floors":[5,20,30],"is_endless":false,"potions_floor_spawned":[4,8,10,11,16,19,29,33,35,36,44,47],"killed_by":"Time Eater","ascension_level":20}}