{"host":"jak4ncvfzor9mys0","time":1608405318,"event":{"mods":["2.2 Compatiblity","AchievementEnabler","BaseMod","Better Altar","Better Match","Better Note","Better Sensory Stone","Better Skull","Better Third Choice","BetterRewards","Block Reminder","Colored Map","Colored Powertips","Energized Spire","Gold Saver","Hubris","Infinite Spire","Key Reminder","Minty Spire (QoL Compilation)","Rare Cards Sparkle","Red Circlet Mod","Relic Sorter","Relic Stats","Replay The Spire","Retaliation","StSLib","SuperFastMode","The Blue Laboratory"],"gold_per_floor":[427,439,294,311,329,329,329,192,192,192,192,224,224,235,235,339,339,353,353,353,402,111,143,18,36,36,36,36,49,75,87,87,184,184,196,196,196,51,63,63,80,97,97,120,146,157,108,121,121,221,221,232,148,148,148,167,186,193,200,247,94,94,94,118,118,118,185,185,185,185,185,185,191,191,206,206,258,263,270,277,289,296,296,367,367,374,378,378,375,376,376,373,373,373,373,373,373,373,375,375,341,341],"floor_reached":101,"playtime":3763,"items_purged":["Strike_G","Strike_G","Strike_G","Strike_G","Parasite"],"score":1857,"play_id":"64c13cd8-31f3-40df-974a-729fce71220b","local_time":"20201219111518","is_ascension_mode":false,"campfire_choices":[{"data":"Accuracy","floor":6.0,"key":"SMITH"},{"data":"Blade Dance","floor":11.0,"key":"SMITH"},{"data":"Neutralize","floor":13.0,"key":"SMITH"},{"data":"Finisher","floor":15.0,"key":"SMITH"},{"data":"Cloak And Dagger","floor":32.0,"key":"SMITH"},{"data":"A Thousand Cuts","floor":40.0,"key":"SMITH"},{"data":"Cloak And Dagger","floor":49.0,"key":"SMITH"},{"data":"Footwork","floor":63.0,"key":"SMITH"},{"data":"Blade Dance","floor":66.0,"key":"SMITH"},{"data":"infinitespire:Gouge","floor":74.0,"key":"SMITH"},{"data":"Survivor","floor":76.0,"key":"SMITH"},{"data":"Finisher","floor":83,"key":"SMITH"},{"data":"Defend_G","floor":91,"key":"SMITH"},{"data":"Specialist","floor":93,"key":"SMITH"},{"data":"Defend_G+1","floor":95,"key":"SMITH"},{"data":"Defend_G+1","floor":98,"key":"SMITH"},{"data":"Defend_G+1","floor":100,"key":"SMITH"}],"circlet_count":0,"master_deck":["Defend_G+1","Defend_G+2","Defend_G+2","Defend_G+2","Survivor+1","Neutralize+1","Slice+1","Accuracy+1","Blade Dance+1","Hidden Blade+1","Finisher+1","Storm of Steel+1","hubris:Sniper+1","Footwork+1","Cloak And Dagger+1","Blade Dance+1","A Thousand Cuts+1","Cloak And Dagger+1","Blade Dance+1","Specialist+1","infinitespire:Gouge+1","ReplayTheSpireMod:Speed Training+1","Finisher+1","hubris:Sniper+1","ReplayTheSpireMod:Scrap Shanks+1"],"relics":["Ring of the Snake","hubris:Spice","Du-Vu Doll","infinitespire:ShieldingShard","Simple Rune","HoveringKite","War Paint","Tingsha","hubris:PeanutButter","hubris:ScarierMask","Orichalcum","Snecko Scales","Juzu Bracelet","ClockworkSouvenir","Whetstone","Odd Mushroom","PreservedInsect","hubris:SlimyHat","Pantograph","MutagenicStrength","Replay:Rubber Ducky","Onion Ring","Bottled Tornado"],"acts_visited":["Exordium","TheCity","TheBeyond","Exordium","TheCity","TheBeyond"],"potions_floor_usage":[89,89,101,101],"damage_taken":[{"damage":0.0,"enemies":"Cultist","floor":1.0,"turns":5.0},{"damage":0.0,"enemies":"Jaw Worm","floor":2.0,"turns":4.0},{"damage":10.0,"enemies":"Small Slimes","floor":4.0,"turns":5.0},{"damage":3.0,"enemies":"3 Louse","floor":5.0,"turns":3.0},{"damage":7.0,"enemies":"Gremlin Nob","floor":12.0,"turns":3.0},{"damage":0.0,"enemies":"2 Fungi Beasts","floor":14.0,"turns":2.0},{"damage":9.0,"enemies":"Fading Forest","floor":16.0,"turns":11.0},{"damage":0.0,"enemies":"Chosen","floor":18.0,"turns":3.0},{"damage":0.0,"enemies":"Nightmare","floor":23.0,"turns":5.0},{"damage":0.0,"enemies":"Shell Parasite","floor":25.0,"turns":3.0},{"damage":0.0,"enemies":"Sentry and Sphere","floor":29.0,"turns":2.0},{"damage":4.0,"enemies":"Gremlin Leader","floor":30.0,"turns":4.0},{"damage":0.0,"enemies":"Cultist and Chosen","floor":31.0,"turns":4.0},{"damage":0.0,"enemies":"Collector","floor":33.0,"turns":7.0},{"damage":0.0,"enemies":"Orb Walker","floor":35.0,"turns":1.0},{"damage":0.0,"enemies":"3 Darklings","floor":39.0,"turns":3.0},{"damage":0.0,"enemies":"Writhing Mass","floor":41.0,"turns":3.0},{"damage":0.0,"enemies":"Sphere and 2 Shapes","floor":42.0,"turns":2.0},{"damage":0.0,"enemies":"R_Hoarder","floor":45.0,"turns":3.0},{"damage":0.0,"enemies":"Spire Growth","floor":46.0,"turns":2.0},{"damage":0.0,"enemies":"4 Shapes","floor":48.0,"turns":1.0},{"damage":0.0,"enemies":"Donu and Deca","floor":50.0,"turns":4.0},{"damage":0.0,"enemies":"2 Louse","floor":52.0,"turns":1.0},{"damage":0.0,"enemies":"Cultist","floor":55.0,"turns":1.0},{"damage":0.0,"enemies":"The Mushroom Lair","floor":56.0,"turns":1.0},{"damage":0.0,"enemies":"3 Sentries","floor":57.0,"turns":2.0},{"damage":0.0,"enemies":"infinitespire:Voidling","floor":58.0,"turns":1.0},{"damage":0.0,"enemies":"Large Slime","floor":59.0,"turns":1.0},{"damage":0.0,"enemies":"Gremlin Nob","floor":64.0,"turns":2.0},{"damage":5.0,"enemies":"The Guardian","floor":67.0,"turns":4.0},{"damage":0.0,"enemies":"Shell Parasite","floor":69.0,"turns":1.0},{"damage":0.0,"enemies":"3 Byrds","floor":73.0,"turns":1.0},{"damage":0.0,"enemies":"Slavers","floor":75.0,"turns":1.0},{"damage":0.0,"enemies":"Centurion and Healer","floor":78.0,"turns":1.0},{"damage":0,"enemies":"Snecko","floor":79,"turns":2},{"damage":0,"enemies":"3 Cultists","floor":80,"turns":1},{"damage":0,"enemies":"Gremlin Leader","floor":81,"turns":2},{"damage":0,"enemies":"Snake Plant","floor":82,"turns":2},{"damage":0,"enemies":"Champ","floor":84,"turns":3},{"damage":0,"enemies":"Orb Walker","floor":86,"turns":2},{"damage":0,"enemies":"3 Darklings","floor":87,"turns":1},{"damage":0,"enemies":"Writhing Mass","floor":89,"turns":2},{"damage":0,"enemies":"Maw","floor":90,"turns":2},{"damage":0,"enemies":"3 Darklings","floor":92,"turns":1},{"damage":0,"enemies":"Writhing Mass","floor":99,"turns":2},{"damage":70,"enemies":"infinitespire:MassOfShapes","floor":101,"turns":4}],"seed_played":"-3968940245162487853","potions_obtained":[{"floor":2.0,"key":"blueLaboratory:BlinkPotion"},{"floor":12.0,"key":"blueLaboratory:BlinkPotion"},{"floor":14.0,"key":"Languid Potion"},{"floor":16.0,"key":"Adrenaline Potion"},{"floor":30.0,"key":"blueLaboratory:BottledHope"},{"floor":31.0,"key":"DistilledChaos"},{"floor":33.0,"key":"Adrenaline Potion"},{"floor":41.0,"key":"Strength Potion"},{"floor":45.0,"key":"BlessingOfTheForge"},{"floor":46.0,"key":"EssenceOfSteel"},{"floor":52.0,"key":"blueLaboratory:HummingbirdPotion"},{"floor":55.0,"key":"blueLaboratory:PhilterOfMotion"},{"floor":69.0,"key":"Toxic Potion"},{"floor":90,"key":"LiquidBronze"},{"floor":99,"key":"Toxic Potion"}],"is_trial":false,"path_per_floor":["M","M","$","M","M","R","?","$","T","?","R","E","R","M","R","B",null,"M","?","?","T","$","NM","$","M","T","?","AVR","M","E","M","R","B",null,"M","?","?","$","M","R","M","M","T","T","E","M","$","M","R","B",null,"M","$","?","M","?","E","M","M","T","$","?","R","E","?","R","B",null,"M","?","T","AVR","M","R","E","R","T","M","M","M","E","M","R","B",null,"M","M","?","M","M","R","M","R","T","R","?","AVR","R","M","R","B"],"character_chosen":"THE_SILENT","items_purchased":["Accuracy","Finisher","Tingsha","ClockworkSouvenir","Cloak And Dagger","Specialist","hubris:SlimyHat"],"campfire_rested":0,"item_purchase_floors":[3,8,22,38,47,53,61],"current_hp_per_floor":[70,70,70,60,57,57,57,57,57,57,57,50,50,50,50,41,70,70,70,70,70,70,70,70,70,70,70,78,78,74,74,74,74,78,78,78,78,78,78,78,78,78,86,78,78,78,78,78,78,78,78,78,78,78,78,78,78,78,78,78,78,78,78,78,78,78,73,78,78,78,70,67,67,67,67,67,67,67,67,67,67,67,67,67,67,67,67,67,67,67,67,67,67,67,67,67,67,67,67,67,0,0],"gold":341,"neow_bonus":"HUNDRED_GOLD","is_daily":false,"chose_seed":false,"campfire_upgraded":17,"win_rate":0.0,"timestamp":1608405318,"path_taken":["M","M","$","?","M","R","?","$","T","?","R","E","R","M","R","BOSS","M","?","?","?","$","NM","$","M","T","?","AVR","M","E","?","R","BOSS","M","?","?","$","M","R","M","M","T","?","E","M","$","M","R","BOSS","M","$","?","M","?","E","M","M","T","$","?","R","E","?","R","BOSS","M","?","?","AVR","M","R","E","R","T","M","M","M","E","M","R","BOSS","M","M","?","M","M","R","M","R","T","R","?","AVR","R","M","R","BOSS"],"items_purchased_type":["Card","Card","Relic","Relic","Card","Card","Relic"],"build_version":"2020-12-13","purchased_purges":5,"victory":false,"max_hp_per_floor":[70,70,70,70,70,70,70,70,70,70,70,70,70,70,70,70,70,70,70,70,70,70,70,70,70,70,70,78,78,78,78,78,78,78,78,78,78,78,78,78,78,78,86,78,78,78,78,78,78,78,78,78,78,78,78,78,78,78,78,78,78,78,78,78,78,78,78,78,78,78,70,67,67,67,67,67,67,67,67,67,67,67,67,67,67,67,67,67,67,67,67,67,67,67,67,67,67,67,67,67,67,67],"relic_stats":{"counters":[46,121],"Pantograph":0,"HoveringKite":[70],"Tingsha":[791],"PreservedInsect":160,"Juzu Bracelet":2,"Whetstone":["Strike_G","Slice"],"War Paint":["Defend_G","Defend_G"],"Orichalcum":[102],"obtain_stats":[{"HoveringKite":17,"Tingsha":22,"PreservedInsect":60,"Juzu Bracelet":36,"hubris:SlimyHat":61,"Whetstone":45,"War Paint":21,"Orichalcum":30,"Odd Mushroom":56,"Bottled Tornado":94,"ClockworkSouvenir":38,"Replay:Rubber Ducky":77,"Du-Vu Doll":23,"infinitespire:ShieldingShard":12,"Snecko Scales":34,"hubris:Spice":28,"Pantograph":64,"MutagenicStrength":70,"hubris:ScarierMask":28,"Simple Rune":9,"hubris:PeanutButter":26,"Onion Ring":81,"Ring of the Snake":0},{"HoveringKite":7,"Tingsha":8,"PreservedInsect":28,"Juzu Bracelet":15,"hubris:SlimyHat":28,"Whetstone":19,"War Paint":8,"Orichalcum":12,"Odd Mushroom":25,"Bottled Tornado":44,"ClockworkSouvenir":15,"Replay:Rubber Ducky":33,"Du-Vu Doll":9,"infinitespire:ShieldingShard":5,"Snecko Scales":14,"hubris:Spice":10,"Pantograph":29,"MutagenicStrength":31,"hubris:ScarierMask":10,"Simple Rune":4,"hubris:PeanutButter":10,"Onion Ring":37,"Ring of the Snake":0},{"HoveringKite":33,"Tingsha":36,"PreservedInsect":87,"Juzu Bracelet":62,"hubris:SlimyHat":87,"Whetstone":73,"War Paint":36,"Orichalcum":50,"Odd Mushroom":83,"Bottled Tornado":115,"ClockworkSouvenir":62,"Replay:Rubber Ducky":96,"Du-Vu Doll":41,"infinitespire:ShieldingShard":20,"Snecko Scales":61,"hubris:Spice":44,"Pantograph":89,"MutagenicStrength":94,"hubris:ScarierMask":44,"Simple Rune":17,"hubris:PeanutButter":44,"Onion Ring":102,"Ring of the Snake":0}],"Ring of the Snake":[78]},"card_choices":[{"not_picked":["Riddle With Holes","PiercingWail"],"picked":"Slice","floor":1.0},{"not_picked":["Acrobatics","ReplayTheSpireMod:The Works","Fluid Movement"],"picked":"SKIP","floor":2.0},{"not_picked":["Setup","Poisoned Stab"],"picked":"Blade Dance","floor":4.0},{"not_picked":["Sucker Punch","Acrobatics"],"picked":"Hidden Blade","floor":5.0},{"not_picked":["Leg Sweep","Quick Slash","Venomology"],"picked":"SKIP","floor":12.0},{"not_picked":["Acrobatics","Outmaneuver","Concentrate"],"picked":"SKIP","floor":14.0},{"not_picked":["Venomology","Bullet Time"],"picked":"Storm of Steel","floor":16.0},{"not_picked":["Backflip","Quick Slash","Dagger Spray"],"picked":"SKIP","floor":18.0},{"not_picked":["hubris:Counter","Replay:Poison Smokescreen","Slice"],"picked":"SKIP","floor":23.0},{"not_picked":["Slice","Dodge and Roll"],"picked":"hubris:Sniper+1","floor":25.0},{"not_picked":["Bane","Replay:Poison Smokescreen"],"picked":"Footwork","floor":29.0},{"not_picked":["Hidden Blade+1","Die Die Die"],"picked":"Cloak And Dagger","floor":30.0},{"not_picked":["Poisoned Stab","ReplayTheSpireMod:Exploit Weakness"],"picked":"Blade Dance+1","floor":31.0},{"not_picked":["hubris:SlightOfHand","Backflip","Prepared"],"picked":"SKIP","floor":35.0},{"not_picked":["Dagger Throw+1","Terror"],"picked":"A Thousand Cuts","floor":39.0},{"not_picked":["Prepared+1","Caltrops+1","Underhanded Strike"],"picked":"SKIP","floor":41.0},{"not_picked":["Bouncing Flask","Flying Knee","Flechettes"],"picked":"SKIP","floor":42.0},{"not_picked":["Backflip+1","Finisher","Underhanded Strike"],"picked":"SKIP","floor":45.0},{"not_picked":["Endless Agony","Dagger Spray","Dodge and Roll+1"],"picked":"SKIP","floor":46.0},{"not_picked":["Glass Knife","Slice","Flying Knee"],"picked":"SKIP","floor":48.0},{"not_picked":["Dagger Spray","Outmaneuver"],"picked":"Blade Dance","floor":52.0},{"not_picked":["Quick Slash","Poisoned Stab","Dagger Spray"],"picked":"SKIP","floor":55.0},{"not_picked":["Bane","Acrobatics","Deflect"],"picked":"SKIP","floor":57.0},{"not_picked":["Outmaneuver","hubris:SpiceAddiction","Backflip"],"picked":"SKIP","floor":58.0},{"not_picked":["Deadly Poison","Burst","hubris:SpiceAddiction"],"picked":"SKIP","floor":59.0},{"not_picked":["Outmaneuver","Predator","Bane"],"picked":"SKIP","floor":64.0},{"not_picked":["infinitespire:UltimateForm","infinitespire:TheBestDefense"],"picked":"infinitespire:Gouge","floor":68.0},{"not_picked":["Masterful Stab","Dodge and Roll","Prepared"],"picked":"SKIP","floor":69.0},{"not_picked":["hubris:SpiceAddiction","Poisoned Stab","Dash+1"],"picked":"SKIP","floor":73.0},{"not_picked":["Dodge and Roll","Bane+1"],"picked":"ReplayTheSpireMod:Speed Training+1","floor":75.0},{"not_picked":["hubris:TrickCloak","Infinite Blades"],"picked":"Finisher","floor":78},{"not_picked":["Dagger Spray","Fluid Movement","Escape Plan+1"],"picked":"SKIP","floor":79},{"not_picked":["Underhanded Strike","hubris:SpiceAddiction","Sneak Up"],"picked":"SKIP","floor":80},{"not_picked":["Eviscerate+1","hubris:SpiceAddiction","hubris:Counter+1"],"picked":"SKIP","floor":81},{"not_picked":["PiercingWail+1","hubris:SpiceAddiction","Slice"],"picked":"SKIP","floor":82},{"not_picked":["hubris:SpiceAddiction","Poisoned Stab+1","Dagger Throw"],"picked":"SKIP","floor":86},{"not_picked":["hubris:SpiceAddiction","Poisoned Stab"],"picked":"hubris:Sniper+1","floor":87},{"not_picked":["hubris:SlightOfHand+1","ReplayTheSpireMod:The Works","Calculated Gamble"],"picked":"SKIP","floor":89},{"not_picked":["Underhanded Strike","Tactician+1","Crippling Poison"],"picked":"SKIP","floor":90},{"not_picked":["Sucker Punch","hubris:SpiceAddiction"],"picked":"ReplayTheSpireMod:Scrap Shanks+1","floor":92},{"not_picked":["hubris:SpiceAddiction","hubris:SpiceAddiction","Outmaneuver+1"],"picked":"SKIP","floor":99}],"player_experience":2646442,"relics_obtained":[{"floor":9.0,"key":"Simple Rune"},{"floor":12.0,"key":"infinitespire:ShieldingShard"},{"floor":21.0,"key":"War Paint"},{"floor":23.0,"key":"Du-Vu Doll"},{"floor":26.0,"key":"hubris:PeanutButter"},{"floor":30.0,"key":"Orichalcum"},{"floor":43.0,"key":"hubris:Spice"},{"floor":44.0,"key":"hubris:Spice"},{"floor":45.0,"key":"Whetstone"},{"floor":56.0,"key":"Odd Mushroom"},{"floor":60.0,"key":"PreservedInsect"},{"floor":64.0,"key":"Pantograph"},{"floor":71.0,"key":"hubris:Spice"},{"floor":77.0,"key":"Replay:Rubber Ducky"},{"floor":81,"key":"Onion Ring"},{"floor":94,"key":"Bottled Tornado"}],"event_choices":[{"damage_healed":0.0,"max_hp_gain":0.0,"max_hp_loss":0.0,"gold_gain":0.0,"event_name":"betterThird:BetterSerpent","player_choice":"Ignored","floor":7.0,"gold_loss":0.0,"damage_taken":329.0},{"damage_healed":0.0,"max_hp_gain":0.0,"max_hp_loss":0.0,"gold_gain":0.0,"event_name":"Accursed Blacksmith","player_choice":"Forge","floor":19.0,"gold_loss":0.0,"damage_taken":0.0,"cards_upgraded":["Hidden Blade"]},{"damage_healed":0.0,"max_hp_gain":0.0,"max_hp_loss":0.0,"gold_gain":0.0,"event_name":"Transmorgrifier","player_choice":"Ignored","floor":20.0,"gold_loss":0.0,"damage_taken":0.0},{"cards_removed":["Strike_G"],"damage_healed":0.0,"max_hp_gain":0.0,"max_hp_loss":0.0,"gold_gain":0.0,"event_name":"betterNote:BetterNote","player_choice":"Give","floor":27.0,"gold_loss":0.0,"damage_taken":0.0,"cards_obtained":["Strike_G"]},{"cards_removed":["Strike_G"],"damage_healed":0.0,"max_hp_gain":0.0,"max_hp_loss":0.0,"gold_gain":0.0,"event_name":"Bonfire Elementals","player_choice":"Offered Basic","floor":54.0,"gold_loss":0.0,"damage_taken":0.0},{"damage_healed":0.0,"max_hp_gain":0.0,"max_hp_loss":0.0,"gold_gain":0.0,"event_name":"Mushrooms","player_choice":"Fought Mushrooms","floor":56.0,"gold_loss":0.0,"damage_taken":0.0},{"damage_healed":4.0,"max_hp_gain":0.0,"max_hp_loss":0.0,"gold_gain":0.0,"event_name":"betterSkull:BetterSkull","player_choice":"LEAVE ","floor":62.0,"gold_loss":0.0,"damage_taken":0.0,"cards_upgraded":[],"relics_obtained":[]},{"damage_healed":0.0,"max_hp_gain":0.0,"max_hp_loss":0.0,"gold_gain":0.0,"event_name":"Drug Dealer","player_choice":"Inject Mutagens","floor":70.0,"gold_loss":0.0,"damage_taken":0.0,"relics_obtained":["MutagenicStrength"]},{"cards_removed":["Defend_G"],"damage_healed":0,"gold_gain":0,"player_choice":"Purged","damage_taken":0,"max_hp_gain":0,"max_hp_loss":0,"event_name":"Purifier","floor":96,"gold_loss":0}],"is_beta":false,"boss_relics":[{"not_picked":["hubris:RunicObelisk","Replay:Ancient Bell"],"picked":"HoveringKite"},{"not_picked":["Honey Jar","Abe\u0027s Treasure"],"picked":"Snecko Scales"},{"not_picked":["Replay:Bronze Core","hubris:Spice","hubris:Spice"]},{"not_picked":["hubris:Spice","hubris:Spice","hubris:Spice"]},{"not_picked":["hubris:Spice","hubris:Spice","ReplayTheSpireMod:DimensionalGlitch"]}],"items_purged_floors":[3,8,24,28,72],"is_endless":true,"potions_floor_spawned":[2,12,14,16,30,31,33,41,45,46,50,52,55,67,69,79,80,82,89,90,99],"killed_by":"infinitespire:MassOfShapes","ascension_level":0}}