{"host":"tf8owpcxhp2xn1j6","time":1608396422,"event":{"mods":["AchievementEnabler","BaseMod","Colored Map","Colored Powertips","Custom Start","DeckTracker","Minty Spire (QoL Compilation)","Permanent Neow","Quick Restart","StSLib","SuperFastMode"],"gold_per_floor":[118,131,56,56,75,101,120,120,197,225,243,263,277,277,277,378,378,392,409,427,460,205,205,237,237,291,319,334,345,345,345,345,444,444,458,476,221,240,256,256,286,286,357,357,170,229,247,289,289,289,289,289,11,46,46,46],"floor_reached":55,"playtime":3913,"items_purged":["Defend_B","Machine Learning","Parasite","Self Repair+1"],"score":890,"play_id":"8bac1369-c043-41bd-966d-7ee9f1ac731f","local_time":"20201220014702","is_ascension_mode":true,"campfire_choices":[{"floor":8.0,"key":"REST"},{"data":"Zap","floor":15,"key":"SMITH"},{"data":"Coolheaded","floor":23,"key":"SMITH"},{"data":"Electrodynamics","floor":25,"key":"SMITH"},{"floor":30,"key":"RECALL"},{"data":"Dualcast","floor":32,"key":"SMITH"},{"floor":40,"key":"REST"},{"floor":42,"key":"REST"},{"data":"Creative AI","floor":44,"key":"SMITH"},{"data":"Double Energy","floor":49,"key":"SMITH"},{"data":"Madness","floor":52,"key":"SMITH"}],"circlet_count":0,"master_deck":["Zap+1","Dualcast+1","Rip and Tear","Stack","Coolheaded+1","Sweeping Beam+1","Turbo","BootSequence","Go for the Eyes+1","Electrodynamics+1","Skim","Steam","Rebound+1","Hologram+1","Ball Lightning","Coolheaded+1","Creative AI+1","Go for the Eyes+1","FTL","Cold Snap+1","Double Energy+1","Turbo+1","Madness+1","Madness","Coolheaded+1","BootSequence+1"],"relics":["Cracked Core","Lizard Tail","Akabeko","Pandora\u0027s Box","Red Mask","Anchor","Bronze Scales","Whetstone","Regal Pillow","SlaversCollar","Bag of Marbles","CeramicFish","InkBottle","Unceasing Top","DataDisk","Ornamental Fan"],"acts_visited":["Exordium","TheCity","TheBeyond","TheEnding"],"potions_floor_usage":[10,10,24,28,39,41,50,50,55,55,55,55,55],"damage_taken":[{"damage":10.0,"enemies":"2 Louse","floor":1.0,"turns":3.0},{"damage":7.0,"enemies":"Jaw Worm","floor":2.0,"turns":3.0},{"damage":5.0,"enemies":"Small Slimes","floor":5.0,"turns":2.0},{"damage":32.0,"enemies":"3 Sentries","floor":6.0,"turns":6.0},{"damage":0.0,"enemies":"Gremlin Gang","floor":7.0,"turns":3.0},{"damage":0,"enemies":"Gremlin Nob","floor":10,"turns":2},{"damage":8,"enemies":"Blue Slaver","floor":11,"turns":2},{"damage":2,"enemies":"Red Slaver","floor":12,"turns":2},{"damage":2,"enemies":"Exordium Thugs","floor":13,"turns":3},{"damage":25,"enemies":"The Guardian","floor":16,"turns":16},{"damage":0,"enemies":"Spheric Guardian","floor":18,"turns":3},{"damage":2,"enemies":"Chosen","floor":19,"turns":3},{"damage":0,"enemies":"Centurion and Healer","floor":20,"turns":4},{"damage":8,"enemies":"Masked Bandits","floor":21,"turns":3},{"damage":18,"enemies":"Gremlin Leader","floor":24,"turns":5},{"damage":2,"enemies":"Slavers","floor":27,"turns":3},{"damage":14,"enemies":"Shelled Parasite and Fungi","floor":28,"turns":3},{"damage":3,"enemies":"3 Cultists","floor":29,"turns":3},{"damage":32,"enemies":"Collector","floor":33,"turns":9},{"damage":9,"enemies":"3 Darklings","floor":35,"turns":3},{"damage":0,"enemies":"3 Shapes","floor":36,"turns":2},{"damage":37,"enemies":"Writhing Mass","floor":38,"turns":7},{"damage":63,"enemies":"Maw","floor":39,"turns":9},{"damage":56,"enemies":"Giant Head","floor":41,"turns":10},{"damage":0,"enemies":"Mind Bloom Boss Battle","floor":46,"turns":3},{"damage":6,"enemies":"Reptomancer","floor":48,"turns":6},{"damage":14,"enemies":"Donu and Deca","floor":50,"turns":10},{"damage":43,"enemies":"Shield and Spear","floor":54,"turns":5},{"damage":81,"enemies":"The Heart","floor":55,"turns":8}],"seed_played":"-6154522108467697866","potions_obtained":[{"floor":1.0,"key":"DistilledChaos"},{"floor":2.0,"key":"Weak Potion"},{"floor":5.0,"key":"SteroidPotion"},{"floor":10,"key":"SpeedPotion"},{"floor":13,"key":"Strength Potion"},{"floor":20,"key":"EntropicBrew"},{"floor":24,"key":"Regen Potion"},{"floor":27,"key":"Explosive Potion"},{"floor":33,"key":"Strength Potion"},{"floor":35,"key":"EssenceOfSteel"},{"floor":39,"key":"Block Potion"},{"floor":46,"key":"AttackPotion"}],"is_trial":false,"path_per_floor":["M","M","$","?","M","E","M","R","T","E","M","M","M","?","R","B",null,"M","M","M","?","$","R","E","R","T","E","M","M","R","?","R","B",null,"M","M","$","M","M","R","E","R","T","R","$","?","?","E","R","B",null,"R","$","E","B"],"character_chosen":"DEFECT","items_purchased":["Anchor","Fruit Juice","Bag of Marbles","Double Energy","BlessingOfTheForge","DistilledChaos"],"campfire_rested":3,"item_purchase_floors":[22,22,37,45,53,53],"current_hp_per_floor":[65,58,58,51,46,14,14,36,36,36,28,26,24,29,29,4,80,80,78,78,80,80,80,77,77,77,85,81,85,85,85,85,63,85,85,85,85,58,20,60,14,54,54,54,54,64,54,58,58,54,82,82,82,39,0,0],"gold":46,"neow_bonus":"TRANSFORM_CARD","is_daily":false,"chose_seed":false,"campfire_upgraded":7,"win_rate":0.0,"timestamp":1608396422,"path_taken":["M","M","$","?","M","E","M","R","T","E","M","M","M","?","R","BOSS","M","M","M","?","$","R","E","R","T","E","M","M","R","?","R","BOSS","M","?","$","M","M","R","E","R","T","R","$","?","?","E","R","BOSS","R","$","E","BOSS"],"items_purchased_type":["Relic","Potion","Relic","Card","Potion","Potion"],"build_version":"2020-12-13","purchased_purges":4,"victory":false,"max_hp_per_floor":[75,75,75,75,75,75,75,75,75,75,75,75,75,80,80,80,80,80,80,80,80,80,80,85,85,85,85,85,85,85,85,85,85,85,85,85,85,85,85,85,85,85,85,85,82,82,82,82,82,82,82,82,82,82,82,82],"card_choices":[{"not_picked":["Chaos","Reprogram"],"picked":"Stack","floor":1.0},{"not_picked":["Loop","Reprogram"],"picked":"Coolheaded","floor":2.0},{"not_picked":["Gash","Recycle"],"picked":"Sweeping Beam","floor":5.0},{"not_picked":["Stack","Fusion","Force Field"],"picked":"SKIP","floor":6.0},{"not_picked":["Genetic Algorithm","Recycle"],"picked":"Turbo","floor":7.0},{"not_picked":["Stack","Coolheaded","Amplify"],"picked":"SKIP","floor":10},{"not_picked":["Leap","Compile Driver"],"picked":"BootSequence","floor":11},{"not_picked":["Sweeping Beam","Streamline","BootSequence"],"picked":"SKIP","floor":12},{"not_picked":["Hologram","Heatsinks"],"picked":"Go for the Eyes","floor":13},{"not_picked":["Biased Cognition","All For One"],"picked":"Electrodynamics","floor":16},{"not_picked":["Sunder","Scrape"],"picked":"Skim","floor":18},{"not_picked":["Stack","Leap"],"picked":"Steam","floor":19},{"not_picked":["Compile Driver+1","Leap"],"picked":"Self Repair+1","floor":20},{"not_picked":["Gash","Turbo"],"picked":"Rebound+1","floor":24},{"not_picked":["Barrage","Rip and Tear+1"],"picked":"Machine Learning","floor":27},{"not_picked":["Rebound","Cold Snap"],"picked":"Hologram+1","floor":28},{"not_picked":["Compile Driver","Redo"],"picked":"Ball Lightning","floor":29},{"not_picked":["Electrodynamics","Buffer"],"picked":"Creative AI","floor":33},{"not_picked":["Stack","Fusion"],"picked":"Go for the Eyes+1","floor":35},{"not_picked":["Sweeping Beam+1","Leap+1"],"picked":"FTL","floor":36},{"not_picked":["Compile Driver+1","Gash+1"],"picked":"Cold Snap+1","floor":38},{"not_picked":["Leap","Static Discharge","Melter"],"picked":"SKIP","floor":39},{"not_picked":["Barrage+1","Sweeping Beam+1","Genetic Algorithm+1"],"picked":"SKIP","floor":41},{"not_picked":["Chill+1","Streamline"],"picked":"Turbo+1","floor":46},{"not_picked":["Fusion+1","Steam"],"picked":"Coolheaded+1","floor":48},{"not_picked":["Static Discharge+1","Consume"],"picked":"BootSequence+1","floor":54}],"player_experience":250851,"relics_obtained":[{"floor":6.0,"key":"Lizard Tail"},{"floor":10,"key":"Akabeko"},{"floor":21,"key":"Red Mask"},{"floor":24,"key":"Bronze Scales"},{"floor":26,"key":"Whetstone"},{"floor":27,"key":"Regal Pillow"},{"floor":41,"key":"CeramicFish"},{"floor":43,"key":"InkBottle"},{"floor":46,"key":"Unceasing Top"},{"floor":48,"key":"DataDisk"},{"floor":54,"key":"Ornamental Fan"}],"event_choices":[{"cards_removed":["Strike_B"],"damage_healed":0.0,"max_hp_gain":0.0,"max_hp_loss":0.0,"gold_gain":0.0,"event_name":"Golden Wing","player_choice":"Card Removal","floor":4.0,"gold_loss":0.0,"damage_taken":7.0},{"damage_healed":0,"gold_gain":0,"player_choice":"Donut","damage_taken":0,"max_hp_gain":5,"max_hp_loss":0,"event_name":"Big Fish","floor":14,"gold_loss":0},{"damage_healed":0,"gold_gain":0,"player_choice":"Fought Bandits","damage_taken":0,"max_hp_gain":0,"max_hp_loss":0,"event_name":"Masked Bandits","floor":21,"gold_loss":0},{"damage_healed":0,"gold_gain":0,"player_choice":"Copied","damage_taken":0,"max_hp_gain":0,"max_hp_loss":0,"event_name":"Duplicator","floor":31,"gold_loss":0,"cards_obtained":["Coolheaded"]},{"damage_healed":0,"gold_gain":0,"player_choice":"Fight","damage_taken":0,"max_hp_gain":0,"max_hp_loss":0,"event_name":"MindBloom","floor":46,"gold_loss":0},{"damage_healed":0,"gold_gain":0,"player_choice":"Embrace Madness","damage_taken":10,"max_hp_gain":0,"max_hp_loss":0,"event_name":"Winding Halls","floor":47,"gold_loss":0,"cards_obtained":["Madness","Madness"]}],"is_beta":false,"boss_relics":[{"not_picked":["Cursed Key","Runic Dome"],"picked":"Pandora\u0027s Box"},{"not_picked":["Fusion Hammer","Tiny House"],"picked":"SlaversCollar"}],"items_purged_floors":[3,37,45,53],"is_endless":false,"potions_floor_spawned":[1,2,5,10,13,20,24,27,33,35,39,46],"killed_by":"The Heart","ascension_level":3}}