{"host":"5dk97cf2ubw2v967","time":1608393900,"event":{"mods":["AlwaysNeverKeys","BaseMod","Better Altar","Better Vampires","Block Reminder","Colored Powertips","Downfall","Googly Eyes","Highlight Path","Minty Spire (QoL Compilation)","Permanent Neow","Potion Indicator Mod","Quick Restart","Relic Filter","Relic Stats","Say the Spire","Spicy Shops","StSLib","Waifu the Spire","everything is the same but u backflip on backflip"],"gold_per_floor":[363,24,24,24,24,24,44,84,84,97,20,20,36,50,50,146,146,161,161,341,16,30,71,71,110,136,157,245,265,279,300,300,300,300],"floor_reached":33,"playtime":1507,"items_purged":["Guardian:Aged","Defend_R","Strike_R"],"score":664,"play_id":"d5e459dc-6300-4cc0-b89c-04186d25a95a","local_time":"20201219160500","is_ascension_mode":true,"campfire_choices":[{"data":"Twin Strike","floor":6,"key":"SMITH"},{"data":"Whirlwind","floor":12,"key":"SMITH"},{"data":"Infernal Blade","floor":15,"key":"SMITH"},{"data":"Clash","floor":24,"key":"PURGE"},{"data":"Strike_R","floor":32,"key":"PURGE"}],"circlet_count":0,"master_deck":["AscendersBane","Strike_R","Strike_R","Defend_R+1","Defend_R","Defend_R","Bash","Twin Strike+1","Thunderclap","Whirlwind+1","Infernal Blade+1","Iron Wave","Immolate","Necronomicurse","Anger","Pummel","Disarm+1","Pommel Strike","Flame Barrier+1","Double Tap+1","Second Wind+1"],"relics":["Black Blood","Membership Card","Kunai","Potion Belt","Golden Idol","Paper Frog","Self Forming Clay","Necronomicon","Toxic Egg 2","Lee\u0027s Waffle","Peace Pipe","Red Skull","Tiny House"],"acts_visited":["Exordium","TheCity"],"potions_floor_usage":[8,14,16,18,22,23,23,25,25,25,25,29,33],"damage_taken":[{"damage":7,"enemies":"2 Louse","floor":1,"turns":4},{"damage":4,"enemies":"Jaw Worm","floor":7,"turns":3},{"damage":21,"enemies":"Lagavulin","floor":8,"turns":8},{"damage":0,"enemies":"Cultist","floor":10,"turns":3},{"damage":8,"enemies":"Blue Slaver","floor":13,"turns":2},{"damage":1,"enemies":"Looter","floor":14,"turns":2},{"damage":31,"enemies":"Slime Boss","floor":16,"turns":6},{"damage":5,"enemies":"Spheric Guardian","floor":18,"turns":3},{"damage":13,"enemies":"2 Thieves","floor":22,"turns":3},{"damage":15,"enemies":"Slavers","floor":23,"turns":2},{"damage":3,"enemies":"Book of Stabbing","floor":25,"turns":4},{"damage":18,"enemies":"Snecko","floor":27,"turns":4},{"damage":0,"enemies":"Gremlin Leader","floor":28,"turns":3},{"damage":28,"enemies":"Shelled Parasite and Fungi","floor":29,"turns":3},{"damage":7,"enemies":"3 Cultists","floor":30,"turns":3},{"damage":0,"enemies":"Snecko","floor":31,"turns":2},{"damage":110,"enemies":"Champ","floor":33,"turns":15}],"seed_played":"3029791920301073466","potions_obtained":[{"floor":1,"key":"DistilledChaos"},{"floor":10,"key":"SteroidPotion"},{"floor":14,"key":"Energy Potion"},{"floor":16,"key":"Energy Potion"},{"floor":22,"key":"DistilledChaos"},{"floor":23,"key":"EntropicBrew"},{"floor":28,"key":"Fruit Juice"}],"is_trial":false,"path_per_floor":["M","$","?","?","?","R","M","E","T","M","$","R","M","M","R","B",null,"M","?","?","$","M","E","R","E","T","M","E","M","M","M","R","B"],"character_chosen":"IRONCLAD","items_purchased":["Membership Card","Kunai","Fire Potion","Toxic Egg 2","Lee\u0027s Waffle","Anger","PowerPotion"],"campfire_rested":0,"item_purchase_floors":[2,2,11,21,21,21,21],"current_hp_per_floor":[67,67,41,41,41,41,43,28,28,34,34,34,32,37,37,12,54,61,40,15,75,74,71,71,75,75,69,80,64,69,80,80,0,0],"gold":300,"neow_bonus":"TWO_FIFTY_GOLD","is_daily":false,"chose_seed":false,"campfire_upgraded":3,"win_rate":0.0,"timestamp":1608393900,"path_taken":["M","$","?","?","?","R","?","E","T","M","?","R","M","M","R","BOSS","M","?","?","$","?","E","R","E","T","M","E","M","?","M","R","BOSS"],"items_purchased_type":["Relic","Relic","Potion","Relic","Relic","Card","Potion"],"build_version":"2020-12-13","purchased_purges":3,"victory":false,"max_hp_per_floor":[75,75,75,75,68,68,68,68,68,68,68,68,68,68,68,68,68,68,68,68,75,75,75,75,75,75,75,80,80,80,80,80,80,80],"relic_stats":{"Peace Pipe":2,"Lee\u0027s Waffle":60,"counters":[17,70],"Golden Idol":85,"Self Forming Clay":[69],"Black Blood":138,"Necronomicon":[19],"Kunai":[39],"obtain_stats":[{"Potion Belt":3,"Lee\u0027s Waffle":21,"Tiny House":28,"Golden Idol":5,"Self Forming Clay":9,"Black Blood":17,"Burning Blood":0,"Peace Pipe":23,"Necronomicon":19,"Membership Card":2,"Kunai":2,"Toxic Egg 2":21,"Red Skull":25,"Paper Frog":8},{"Potion Belt":1,"Lee\u0027s Waffle":8,"Tiny House":13,"Golden Idol":1,"Self Forming Clay":3,"Black Blood":7,"Burning Blood":0,"Peace Pipe":10,"Necronomicon":8,"Membership Card":1,"Kunai":1,"Toxic Egg 2":8,"Red Skull":11,"Paper Frog":3},{"Potion Belt":4,"Lee\u0027s Waffle":31,"Tiny House":47,"Golden Idol":4,"Self Forming Clay":15,"Black Blood":28,"Burning Blood":0,"Peace Pipe":36,"Necronomicon":31,"Membership Card":4,"Kunai":4,"Toxic Egg 2":31,"Red Skull":40,"Paper Frog":15}]},"card_choices":[{"not_picked":["Clothesline","Thunderclap"],"picked":"Twin Strike","floor":1},{"not_picked":["Armaments","Perfected Strike"],"picked":"Thunderclap","floor":7},{"not_picked":["Pommel Strike","Perfected Strike"],"picked":"Whirlwind","floor":8},{"not_picked":["Rampage","Limit Break"],"picked":"Clash","floor":10},{"not_picked":["Clothesline","Rampage"],"picked":"Infernal Blade","floor":13},{"not_picked":["Clothesline","True Grit"],"picked":"Iron Wave","floor":14},{"not_picked":["Berserk","Juggernaut"],"picked":"Immolate","floor":16},{"not_picked":["Thunderclap","True Grit","Perfected Strike"],"picked":"SKIP","floor":18},{"not_picked":["Wild Strike","Body Slam","Clothesline"],"picked":"SKIP","floor":22},{"not_picked":["Thunderclap","Feel No Pain+1"],"picked":"Pummel","floor":23},{"not_picked":["Bludgeon","Exhume+1"],"picked":"Disarm+1","floor":25},{"not_picked":["Perfected Strike","Flex+1"],"picked":"Pommel Strike","floor":27},{"not_picked":["Sever Soul","Fire Breathing","Perfected Strike"],"picked":"SKIP","floor":28},{"not_picked":["Reckless Charge","Pummel"],"picked":"Flame Barrier+1","floor":29},{"not_picked":["Shockwave+1","Clash"],"picked":"Double Tap+1","floor":30},{"not_picked":["Hemokinesis+1","Body Slam"],"picked":"Second Wind+1","floor":31}],"player_experience":1242246,"relics_obtained":[{"floor":8,"key":"Paper Frog"},{"floor":9,"key":"Self Forming Clay"},{"floor":19,"key":"Necronomicon"},{"floor":23,"key":"Peace Pipe"},{"floor":25,"key":"Red Skull"},{"floor":28,"key":"Tiny House"}],"event_choices":[{"damage_healed":0,"gold_gain":0,"player_choice":"Success","damage_taken":26,"relics_obtained":["Potion Belt"],"max_hp_gain":0,"max_hp_loss":0,"event_name":"Scrap Ooze","floor":3,"gold_loss":0},{"cards_removed":["Strike_R"],"damage_healed":0,"gold_gain":0,"player_choice":"Forget","damage_taken":0,"max_hp_gain":0,"max_hp_loss":0,"event_name":"Living Wall","floor":4,"gold_loss":0},{"damage_healed":0,"gold_gain":0,"player_choice":"Lose Max HP","damage_taken":0,"relics_obtained":["Golden Idol"],"max_hp_gain":0,"max_hp_loss":7,"event_name":"Golden Idol","floor":5,"gold_loss":0},{"damage_healed":0,"gold_gain":0,"player_choice":"Obtained Book","damage_taken":21,"max_hp_gain":0,"max_hp_loss":0,"event_name":"Cursed Tome","floor":19,"gold_loss":0},{"damage_healed":0,"gold_gain":180,"player_choice":"GOLD POTION GOLD ","damage_taken":25,"max_hp_gain":0,"max_hp_loss":0,"event_name":"Knowing Skull","floor":20,"potions_obtained":["HeartOfIron"],"gold_loss":0,"cards_obtained":[]}],"is_beta":false,"boss_relics":[{"not_picked":["Runic Dome","Coffee Dripper"],"picked":"Black Blood"}],"items_purged_floors":[2,11,21],"is_endless":false,"potions_floor_spawned":[1,10,14,16,22,23,28],"killed_by":"Champ","ascension_level":20}}