{"host":"1s2i2u841ofwoqaa","time":1608339806,"event":{"mods":["AchievementEnabler","Aspiration","BaseMod","Better Third Choice","Colored Powertips","Downfall","Hubris","Minty Spire (QoL Compilation)","StSLib","SuperFastMode","The Animator"],"gold_per_floor":[199,214,139,173,173,187,187,198,224,224,235,248,6,56,69,69,69],"floor_reached":16,"playtime":560,"items_purged":["Slimebound:Strike_Slimebound"],"score":204,"play_id":"377fd145-5f1f-4424-95be-9e04d710b56b","local_time":"20201219140326","is_ascension_mode":true,"campfire_choices":[{"floor":1,"key":"RECALL"},{"data":"Slimebound:Split","floor":3,"key":"SMITH"},{"data":"Slimebound:SlimeSpikes","floor":10,"key":"SMITH"}],"circlet_count":0,"master_deck":["AscendersBane","Slimebound:Strike_Slimebound","Slimebound:Strike_Slimebound","Slimebound:Tackle","Slimebound:Defend_Slimebound","Slimebound:Defend_Slimebound","Slimebound:Defend_Slimebound","Slimebound:Defend_Slimebound","Slimebound:Split+1","Slimebound:CorrosiveSpit","Slimebound:SlimeSpikes+1","Slimebound:HauntingLick","Slimebound:SplitBruiser","Slimebound:SamplingLick","Slimebound:HauntingLick","Slimebound:Nibble","Slimebound:Schlurp","Slimebound:Teamwork","Slimebound:LeechingTouch"],"relics":["Slimebound:AbsorbEndCombat","downfall:HeartBlessingRed","Juzu Bracelet","hubris:Towel","Slimebound:MaxSlimesRelic","Oddly Smooth Stone"],"acts_visited":["Exordium"],"potions_floor_usage":[16,16],"damage_taken":[{"damage":11,"enemies":"Small Slimes","floor":2,"turns":3},{"damage":46,"enemies":"Lagavulin","floor":4,"turns":8},{"damage":13,"enemies":"Jaw Worm","floor":6,"turns":3},{"damage":8,"enemies":"Cultist","floor":8,"turns":3},{"damage":8,"enemies":"3 Louse","floor":11,"turns":3},{"damage":15,"enemies":"Exordium Thugs","floor":12,"turns":3},{"damage":18,"enemies":"downfall:FleeingMerchant","floor":13,"turns":4},{"damage":24,"enemies":"Large Slime","floor":15,"turns":5},{"damage":32,"enemies":"downfall:Ironclad","floor":16,"turns":3}],"seed_played":"-7356396904750405863","potions_obtained":[{"floor":4,"key":"Slimebound:SlimyTonguePotion"},{"floor":8,"key":"Slimebound:SlimedPotion"}],"is_trial":false,"path_per_floor":["R","M","R","E","?","M","T","M","T","R","M","M","$","?","M","B"],"character_chosen":"SLIMEBOUND","items_purchased":["Slimebound:Teamwork"],"campfire_rested":0,"item_purchase_floors":[13],"current_hp_per_floor":[49,46,46,16,16,17,17,21,21,21,23,22,24,24,16,0,0],"gold":69,"neow_bonus":"HUNDRED_GOLD","is_daily":false,"chose_seed":false,"campfire_upgraded":2,"win_rate":0.0,"timestamp":1608339806,"path_taken":["R","M","R","E","?","M","T","M","?","R","M","M","$","?","M","BOSS"],"items_purchased_type":["Card"],"build_version":"2020-12-13","purchased_purges":1,"victory":false,"max_hp_per_floor":[54,54,54,54,54,54,54,54,54,54,54,54,54,54,54,54,54],"card_choices":[{"not_picked":["Slimebound:FinishingTackle","Slimebound:ServeAndProtect"],"picked":"Slimebound:SlimeSpikes","floor":2},{"not_picked":["Slimebound:FinishingTackle","Slimebound:ViciousTackle"],"picked":"Slimebound:HauntingLick","floor":4},{"not_picked":["Slimebound:Schlurp","Slimebound:DivideAndConquer"],"picked":"Slimebound:SplitBruiser","floor":6},{"not_picked":["Slimebound:ViciousTackle","Slimebound:RollThrough"],"picked":"Slimebound:SamplingLick","floor":8},{"not_picked":["Slimebound:ViciousTackle","Slimebound:Grow"],"picked":"Slimebound:HauntingLick","floor":11},{"not_picked":["Slimebound:ForwardTackle","Slimebound:SlimeSpikes"],"picked":"Slimebound:Nibble","floor":12},{"not_picked":["Slimebound:Grow","Slimebound:AcidTongue"],"picked":"Slimebound:Schlurp","floor":13},{"not_picked":["Slimebound:FirmFortitude","Slimebound:SplitLeeching"],"picked":"Slimebound:LeechingTouch","floor":15}],"player_experience":452758,"relics_obtained":[{"floor":4,"key":"Juzu Bracelet"},{"floor":7,"key":"Slimebound:MaxSlimesRelic"},{"floor":9,"key":"Oddly Smooth Stone"}],"event_choices":[],"is_beta":false,"boss_relics":[],"items_purged_floors":[13],"is_endless":false,"potions_floor_spawned":[4,8,11,12],"killed_by":"downfall:Ironclad","ascension_level":20}}