{"host":"51fyd6gkml7xavq8","time":1608415706,"event":{"mods":["BaseMod","BetterRewards","Colored Map","Energized Spire","Infinite Spire","Minty Spire (QoL Compilation)","Replay The Spire","Shop Mod","Spicy Shops","StSLib","The Blue Laboratory","[IsaacMod]????"],"gold_per_floor":[119,0,0,0,20,20,34,34,34,0,100,100,127,142,142,244,244,256,33,44,13,24,52,52,69,119,119,119,136,136,152,152,152,152],"floor_reached":33,"playtime":1768,"items_purged":["Normality","Bash","Strike_R","Defend_R"],"score":474,"play_id":"9561b2f6-c232-4b17-8bb8-44e552269933","local_time":"20201219190826","is_ascension_mode":true,"campfire_choices":[{"data":"EpicFetus","floor":6.0,"key":"SMITH"},{"data":"Metallicize","floor":15.0,"key":"SMITH"},{"floor":24.0,"key":"REST"},{"floor":28.0,"key":"REST"},{"floor":30,"key":"REST"},{"data":"Double Tap","floor":32,"key":"SMITH"}],"circlet_count":0,"master_deck":["Strike_R","Strike_R","Strike_R","Defend_R","Defend_R","Defend_R","Metallicize+1","EpicFetus+1","Double Tap+1","Metallicize+1","Metallicize+1","Disarm"],"relics":["Replay:M_SmolderingBlood","HushsDoor","MaYiHuaBei","ReplayTheSpireMod:CursedCoin","MerchantsRug","SteamSale","infinitespire:Cubic Diamond","ReplayTheSpireMod:Shallot","Boot","energizedSpire:MagnifyingGlass","Replay:Bottled Eggs","Ginger","UnicornStump","Tiny Chest","Nilry\u0027s Codex"],"acts_visited":["Exordium","TheCity"],"potions_floor_usage":[31,33,33],"damage_taken":[{"damage":12.0,"enemies":"Jaw Worm","floor":1.0,"turns":3.0},{"damage":1.0,"enemies":"Small Slimes","floor":5.0,"turns":2.0},{"damage":0.0,"enemies":"Cultist","floor":7.0,"turns":3.0},{"damage":0.0,"enemies":"3 Sentries","floor":13.0,"turns":1.0},{"damage":13.0,"enemies":"Gremlin Gang","floor":14.0,"turns":4.0},{"damage":23.0,"enemies":"The Guardian","floor":16.0,"turns":6.0},{"damage":5.0,"enemies":"Shell Parasite","floor":18.0,"turns":4.0},{"damage":1.0,"enemies":"3 Byrds","floor":20.0,"turns":4.0},{"damage":3.0,"enemies":"Centurion and Healer","floor":22.0,"turns":6.0},{"damage":56.0,"enemies":"Book of Stabbing","floor":23.0,"turns":7.0},{"damage":20.0,"enemies":"Snake Plant","floor":25.0,"turns":4.0},{"damage":9,"enemies":"3 Cultists","floor":29,"turns":4},{"damage":12,"enemies":"Sentry and Sphere","floor":31,"turns":5},{"damage":53,"enemies":"Automaton","floor":33,"turns":8}],"seed_played":"-7879309890032983230","potions_obtained":[{"floor":1.0,"key":"blueLaboratory:BottleOfRum"},{"floor":7.0,"key":"blueLaboratory:PhilterOfMotion"},{"floor":16.0,"key":"blueLaboratory:NullPotion"},{"floor":25.0,"key":"blueLaboratory:Moonshine"},{"floor":29,"key":"Regen Potion"},{"floor":31,"key":"Swift Potion"}],"is_trial":false,"path_per_floor":["M","$","?","$","M","R","M","?","T","$","?","AVR","E","M","R","B",null,"M","$","M","$","M","E","R","M","T","?","R","M","R","M","R","B"],"character_chosen":"IRONCLAD","items_purchased":["ReplayTheSpireMod:CursedCoin","MerchantsRug","Metallicize","EpicFetus","SteamSale","Metallicize","DollysMirror","Replay:Bottled Eggs","Ginger"],"campfire_rested":3,"item_purchase_floors":[0,0,0,0,2,19,19,19,21],"current_hp_per_floor":[63,63,56,56,61,61,67,67,67,67,67,67,67,54,54,31,80,75,75,74,74,71,15,39,19,19,3,27,18,42,44,44,0,0],"gold":152,"neow_bonus":"","is_daily":false,"chose_seed":false,"campfire_upgraded":3,"win_rate":0.0,"timestamp":1608415706,"path_taken":["M","$","?","?","M","R","?","?","T","$","?","AVR","E","M","R","BOSS","M","$","?","$","M","E","R","M","T","?","R","M","R","M","R","BOSS"],"items_purchased_type":["Relic","Relic","Card","Card","Relic","Card","Relic","Relic","Relic"],"build_version":"2020-12-13","purchased_purges":4,"victory":false,"max_hp_per_floor":[80,80,80,80,80,80,80,80,80,80,80,80,80,80,80,80,80,80,80,80,80,80,80,80,80,80,80,80,80,80,80,80,80,80],"card_choices":[{"not_picked":[],"picked":"Bomb","floor":0.0},{"not_picked":["Warcry","Clothesline","Armaments"],"picked":"SKIP","floor":1.0},{"not_picked":["Defy Death","Sever Soul","Headbutt"],"picked":"SKIP","floor":5.0},{"not_picked":["Shrug It Off","Intimidate","ReplayTheSpireMod:Stacked"],"picked":"SKIP","floor":7.0},{"not_picked":["ReachHeaven","Massacre"],"picked":"Double Tap","floor":11.0},{"not_picked":["Halt","Fiend Fire","Twin Strike"],"picked":"SKIP","floor":13.0},{"not_picked":["Fire Breathing","Havoc","Heavy Blade"],"picked":"SKIP","floor":14.0},{"not_picked":["Crescendo","Dual Wield","Hemokinesis"],"picked":"SKIP","floor":18.0},{"not_picked":["Clothesline","Replay:Undeath\u0027s Touch","Evolve+1"],"picked":"SKIP","floor":20.0},{"not_picked":["FlyingSleeves","FollowUp","Uppercut"],"picked":"SKIP","floor":22.0},{"not_picked":["Rupture","Swivel","Replay:Many Hands"],"picked":"SKIP","floor":23.0},{"not_picked":["Swivel","Sentinel","ReplayReversal"],"picked":"SKIP","floor":25.0},{"not_picked":["Intimidate","Armaments"],"picked":"Disarm","floor":29},{"not_picked":["Run Through","Anger","Warcry+1"],"picked":"SKIP","floor":31}],"player_experience":405768,"relics_obtained":[{"floor":9.0,"key":"ReplayTheSpireMod:Shallot"},{"floor":13.0,"key":"Boot"},{"floor":23.0,"key":"UnicornStump"},{"floor":26.0,"key":"Tiny Chest"},{"floor":27.0,"key":"Nilry\u0027s Codex"}],"event_choices":[{"cards_removed":["Strike_R"],"damage_healed":0.0,"max_hp_gain":0.0,"max_hp_loss":0.0,"gold_gain":0.0,"event_name":"Golden Wing","player_choice":"Card Removal","floor":3.0,"gold_loss":0.0,"damage_taken":7.0},{"damage_healed":0.0,"max_hp_gain":0.0,"max_hp_loss":0.0,"gold_gain":0.0,"event_name":"Cursed Tome","player_choice":"Obtained Book","floor":27.0,"gold_loss":0.0,"damage_taken":16.0}],"is_beta":false,"boss_relics":[{"not_picked":["Fusion Hammer","Electric Blood"],"picked":"energizedSpire:MagnifyingGlass"},{"not_picked":[]}],"items_purged_floors":[0,10,12,19],"is_endless":false,"potions_floor_spawned":[1,7,16,25,29,31],"killed_by":"Automaton","ascension_level":3}}