{"host":"fevvm7bbzuh4s1jc","time":1608397461,"event":{"mods":["BaseMod","Highlight Path","Minty Spire (QoL Compilation)","Relic Stats"],"gold_per_floor":[113,38,49,66,82,82,111,111,111,111,111,111,136,8,8,85,85,102,118,134,134,151,151,151,151],"floor_reached":24,"playtime":1191,"items_purged":["Doubt"],"score":566,"play_id":"334161be-82db-43e6-a1f0-4db3390b4243","local_time":"20201219120421","is_ascension_mode":true,"campfire_choices":[{"data":"CrushJoints","floor":6.0,"key":"SMITH"},{"data":"Wallop","floor":8.0,"key":"SMITH"},{"data":"ReachHeaven","floor":10.0,"key":"SMITH"},{"data":"FollowUp","floor":12.0,"key":"SMITH"},{"data":"Eruption","floor":15.0,"key":"SMITH"},{"floor":23,"key":"REST"}],"circlet_count":0,"master_deck":["AscendersBane","Strike_P+1","Strike_P","Defend_P+1","Defend_P","Defend_P","Eruption+1","Vigilance","FollowUp+1","ReachHeaven+1","CrushJoints+1","Wallop+1","CutThroughFate+1","Halt","FollowUp+1","LessonLearned","CutThroughFate","Consecrate+1","Perseverance"],"relics":["Cursed Key","Kunai","Pear","Potion Belt","Empty Cage"],"acts_visited":["Exordium","TheCity"],"potions_floor_usage":[21,24],"damage_taken":[{"damage":4.0,"enemies":"Jaw Worm","floor":1.0,"turns":6.0},{"damage":0.0,"enemies":"Cultist","floor":3.0,"turns":3.0},{"damage":4.0,"enemies":"Small Slimes","floor":4.0,"turns":2.0},{"damage":29.0,"enemies":"Exordium Thugs","floor":5.0,"turns":4.0},{"damage":0.0,"enemies":"Gremlin Nob","floor":7.0,"turns":2.0},{"damage":7.0,"enemies":"3 Sentries","floor":13.0,"turns":3.0},{"damage":0.0,"enemies":"Slime Boss","floor":16.0,"turns":3.0},{"damage":18,"enemies":"2 Thieves","floor":18,"turns":3},{"damage":26,"enemies":"3 Byrds","floor":19,"turns":7},{"damage":0,"enemies":"Centurion and Healer","floor":20,"turns":4},{"damage":0,"enemies":"Cultist and Chosen","floor":21,"turns":3},{"damage":18,"enemies":"Snake Plant","floor":22,"turns":4},{"damage":28,"enemies":"Book of Stabbing","floor":24,"turns":4}],"seed_played":"4282688882431391449","potions_obtained":[{"floor":5.0,"key":"BottledMiracle"},{"floor":16.0,"key":"SmokeBomb"},{"floor":19,"key":"Energy Potion"}],"is_trial":false,"path_per_floor":["M","?","M","M","M","R","E","R","T","R","?","R","E","$","R","B",null,"M","M","M","M","M","R","E"],"character_chosen":"WATCHER","items_purchased":["FollowUp"],"campfire_rested":1,"item_purchase_floors":[14],"current_hp_per_floor":[57,57,57,53,24,24,24,24,34,34,34,34,27,27,27,27,65,47,21,21,21,3,26,0,0],"gold":151,"neow_bonus":"BOSS_RELIC","is_daily":false,"chose_seed":false,"campfire_upgraded":5,"win_rate":0.0,"timestamp":1608397461,"path_taken":["M","?","M","M","M","R","E","R","T","R","?","R","E","$","R","BOSS","M","M","?","M","M","R","E"],"items_purchased_type":["Card"],"build_version":"2020-12-13","purchased_purges":1,"victory":false,"max_hp_per_floor":[68,68,68,68,68,68,68,68,78,78,78,78,78,78,78,78,78,78,78,78,78,78,78,78,78],"relic_stats":{"counters":[13,48],"Kunai":[18],"Cursed Key":1,"obtain_stats":[{"Potion Belt":13,"Pear":9,"Kunai":7,"PureWater":0,"Cursed Key":0,"Empty Cage":17},{"Potion Belt":6,"Pear":5,"Kunai":5,"PureWater":0,"Cursed Key":0,"Empty Cage":7},{"Potion Belt":20,"Pear":17,"Kunai":17,"PureWater":0,"Cursed Key":0,"Empty Cage":23}]},"card_choices":[{"not_picked":["JustLucky","Protect"],"picked":"FollowUp","floor":1.0},{"not_picked":["PathToVictory","FollowUp"],"picked":"ReachHeaven","floor":3.0},{"not_picked":["Nirvana","BowlingBash"],"picked":"CrushJoints","floor":4.0},{"not_picked":["Meditate","EmptyBody"],"picked":"Wallop","floor":5.0},{"not_picked":["WheelKick","SignatureMove"],"picked":"CutThroughFate","floor":7.0},{"not_picked":["Establishment","CrushJoints"],"picked":"Halt","floor":13.0},{"not_picked":["Brilliance","Blasphemy"],"picked":"LessonLearned","floor":16.0},{"not_picked":["FlurryOfBlows","Halt"],"picked":"CutThroughFate","floor":18},{"not_picked":["Fasting2","WreathOfFlame+1"],"picked":"Consecrate+1","floor":19},{"not_picked":["FlyingSleeves","FollowUp+1","SignatureMove"],"picked":"SKIP","floor":20},{"not_picked":["Consecrate","CutThroughFate"],"picked":"Perseverance","floor":22}],"player_experience":2560619,"relics_obtained":[{"floor":7.0,"key":"Kunai"},{"floor":9.0,"key":"Pear"},{"floor":13.0,"key":"Potion Belt"}],"event_choices":[{"cards_removed":["Defend_P"],"damage_healed":0.0,"max_hp_gain":0.0,"max_hp_loss":0.0,"gold_gain":0.0,"event_name":"The Cleric","player_choice":"Card Removal","floor":2.0,"gold_loss":75.0,"damage_taken":0.0},{"damage_healed":0.0,"max_hp_gain":0.0,"max_hp_loss":0.0,"gold_gain":0.0,"event_name":"Accursed Blacksmith","player_choice":"Forge","floor":11.0,"gold_loss":0.0,"damage_taken":0.0,"cards_upgraded":["CutThroughFate"]}],"is_beta":false,"boss_relics":[{"not_picked":["Snecko Eye","VioletLotus"],"picked":"Empty Cage"}],"items_purged_floors":[14],"is_endless":false,"potions_floor_spawned":[5,16,19],"killed_by":"Book of Stabbing","ascension_level":20}}