{"host":"llpusn9usp8rznkj","time":1608341235,"event":{"mods":["2.2 Compatiblity","BaseMod","Colored Map","Colored Powertips","Conspire","Downfall","Hubris","Minty Spire (QoL Compilation)","Rare Cards Sparkle","Replay The Spire","StSLib","The Cursed"],"gold_per_floor":[119,119,133,149,149,149,159,184,210,244,244,244,258,290,290,366,366,383,383,383,383],"floor_reached":20,"playtime":796,"items_purged":[],"score":384,"play_id":"f8d663a0-cfad-441c-bfa8-6a227228e379","local_time":"20201218202715","is_ascension_mode":true,"campfire_choices":[{"data":"Corruption","floor":6.0,"key":"SMITH"},{"data":"Armaments","floor":11.0,"key":"SMITH"},{"data":"Uppercut","floor":15.0,"key":"SMITH"}],"circlet_count":0,"master_deck":["AscendersBane","Strike_R","Strike_R","Strike_R","Strike_R","Defend_R","Defend_R","Defend_R","Defend_R","Bash","Corruption+1","Disarm","Run Through","Uppercut+1","Armaments+1","Reaper","Flame Barrier","Brutality","Dark Embrace+1","Decay","hubris:NaturalOne"],"relics":["Burning Blood","ReplayTheSpireMod:TigerMarble","King of Hearts","Lantern","hubris:Icosahedron","Mercury Hourglass","Ring of Chaos"],"acts_visited":["Exordium","TheCity"],"potions_floor_usage":[],"damage_taken":[{"damage":9.0,"enemies":"Jaw Worm","floor":1.0,"turns":4.0},{"damage":4.0,"enemies":"Cultist","floor":3.0,"turns":5.0},{"damage":2.0,"enemies":"Small Slimes","floor":4.0,"turns":4.0},{"damage":11.0,"enemies":"Red Slaver","floor":7.0,"turns":5.0},{"damage":4.0,"enemies":"Replay:BlueRogue","floor":8.0,"turns":8.0},{"damage":15.0,"enemies":"3 Sentries","floor":10.0,"turns":6.0},{"damage":6.0,"enemies":"Looter","floor":13.0,"turns":3.0},{"damage":30.0,"enemies":"Lagavulin","floor":14.0,"turns":8.0},{"damage":34,"enemies":"Slime Boss","floor":16,"turns":6},{"damage":49,"enemies":"3 Byrds","floor":18,"turns":5},{"damage":0,"enemies":"Shell Parasite","floor":20,"turns":1}],"seed_played":"-2808536066653182541","potions_obtained":[{"floor":1.0,"key":"Toxic Potion"},{"floor":4.0,"key":"Swift Potion"},{"floor":7.0,"key":"Reflective Coating"},{"floor":13.0,"key":"Doom Potion"}],"is_trial":false,"path_per_floor":["M","?","M","M","?","R","M","E","T","E","R","?","M","E","R","B",null,"M","?","M"],"character_chosen":"IRONCLAD","items_purchased":[],"campfire_rested":0,"item_purchase_floors":[],"current_hp_per_floor":[65,65,67,71,71,71,66,68,68,71,71,71,71,47,47,19,61,24,24,24,24],"gold":383,"neow_bonus":"ONE_RANDOM_RARE_CARD","is_daily":false,"chose_seed":false,"campfire_upgraded":3,"win_rate":0.0,"timestamp":1608341235,"path_taken":["M","?","?","M","?","R","?","E","T","E","R","?","M","E","R","BOSS","M","?","M"],"items_purchased_type":[],"build_version":"2020-12-13","purchased_purges":0,"victory":false,"max_hp_per_floor":[75,75,75,75,75,75,75,75,75,75,75,75,75,75,75,75,75,75,75,75,75],"card_choices":[{"not_picked":["Seeing Red","Anger"],"picked":"Disarm","floor":1.0},{"not_picked":["Intimidate","Perfected Strike","Thunderclap"],"picked":"SKIP","floor":3.0},{"not_picked":["hubris:ReadiedAction","Body Slam"],"picked":"Run Through","floor":4.0},{"not_picked":["Rampage","hubris:ReadiedAction"],"picked":"Armaments","floor":7.0},{"not_picked":["Headbutt","hubris:ReadiedAction"],"picked":"Reaper","floor":8.0},{"not_picked":["conspire:Purge","Uppercut","Body Slam"],"picked":"SKIP","floor":10.0},{"not_picked":["Wild Strike","Havoc","Defy Death"],"picked":"SKIP","floor":13.0},{"not_picked":["Intimidate","Iron Wave"],"picked":"Flame Barrier","floor":14.0},{"not_picked":["Immolate","Limit Break"],"picked":"Brutality","floor":16},{"not_picked":["Replay:Undeath\u0027s Touch","Heavy Blade"],"picked":"Dark Embrace+1","floor":18}],"player_experience":1083444,"relics_obtained":[{"floor":8.0,"key":"ReplayTheSpireMod:TigerMarble"},{"floor":9.0,"key":"King of Hearts"},{"floor":10.0,"key":"Lantern"},{"floor":14.0,"key":"Mercury Hourglass"}],"event_choices":[{"cards_removed":["Strike_R"],"damage_healed":0.0,"max_hp_gain":0.0,"max_hp_loss":0.0,"gold_gain":0.0,"event_name":"Bonfire Elementals","player_choice":"Offered Basic","floor":2.0,"gold_loss":0.0,"damage_taken":0.0},{"damage_healed":0.0,"max_hp_gain":0.0,"max_hp_loss":0.0,"gold_gain":0.0,"event_name":"Match and Keep!","player_choice":"1 cards matched","floor":5.0,"gold_loss":0.0,"damage_taken":0.0,"cards_obtained":["Uppercut"]},{"damage_healed":0,"gold_gain":0,"player_choice":"Smashed Altar","damage_taken":0,"max_hp_gain":0,"max_hp_loss":0,"event_name":"Forgotten Altar","floor":19,"gold_loss":0,"cards_obtained":["Decay"]}],"is_beta":false,"boss_relics":[{"not_picked":["Tiny House","Snecko Eye"],"picked":"Ring of Chaos"}],"items_purged_floors":[],"is_endless":false,"potions_floor_spawned":[1,4,7,13],"killed_by":"Shell Parasite","ascension_level":20}}