{"host":"sv2o2io561l6x04h","time":1608415616,"event":{"mods":["BaseMod","Bestiary","Better Altar","Better Match","Better Note","Better Sensory Stone","Colored Map","Conspire","Custom Start","DeckTracker","Highlight Path","Hubris","Minty Spire (QoL Compilation)","Replay The Spire","Shop Mod","StSLib","The Runesmith"],"gold_per_floor":[110,121,138,151,163,163,180,180,207,60,90,107,117,128,128,223,223,235,99,179,197,213,213,228,244,244,244,244,244,244,263,138,138,138,138,138],"floor_reached":35,"playtime":4868,"items_purged":["Runesmith:Defend_RS","Runesmith:Defend_RS","Runesmith:Defend_RS"],"score":290,"play_id":"b2664406-fdb1-478b-8f29-5f33790cd1ae","local_time":"20201219170656","is_ascension_mode":false,"campfire_choices":[{"data":"Runesmith:ArcReactor","floor":6,"key":"SMITH"},{"floor":8,"key":"RECALL"},{"data":"Runesmith:Firestorm","floor":15,"key":"SMITH"},{"data":"Runesmith:Firestorm","floor":23,"key":"SMITH"},{"floor":27,"key":"REST"},{"floor":30,"key":"REST"},{"floor":34,"key":"REST"}],"circlet_count":0,"master_deck":["Runesmith:Grindstone+1","Runesmith:Strike_RS","Runesmith:Strike_RS","Runesmith:Strike_RS","Runesmith:Strike_RS","Runesmith:Defend_RS","Runesmith:CraftFirestone","Runesmith:Fortify","Runesmith:Grindstone","Runesmith:Grindstone","Runesmith:Grindstone","Runesmith:Permafrost","Runesmith:ElementalConversion","Runesmith:ArcReactor+1","Runesmith:Firestorm+1","Runesmith:Grindstone","Runesmith:CraftProtectio","Runesmith:Grindstone","Runesmith:CraftMagma","Runesmith:FissionHammer","Runesmith:Firestorm+1","Runesmith:EarthShield","Runesmith:Terraform","Runesmith:FieryHammer"],"relics":["Runesmith:BrokenRuby","Runesmith:MiniCore","conspire:RunicOctahedron","Shuriken","Onion Ring"],"acts_visited":["Exordium","TheCity"],"potions_floor_usage":[4,5,14,14,16,22,25,25,25,25],"damage_taken":[{"damage":0,"enemies":"Cultist","floor":1,"turns":4},{"damage":0,"enemies":"conspire:RoseBush","floor":2,"turns":4},{"damage":0,"enemies":"Jaw Worm","floor":3,"turns":5},{"damage":22,"enemies":"Exordium Thugs","floor":4,"turns":8},{"damage":8,"enemies":"Lots of Slimes","floor":5,"turns":8},{"damage":1,"enemies":"2 Fungi Beasts","floor":7,"turns":6},{"damage":2,"enemies":"Replay:BlueRogue","floor":11,"turns":9},{"damage":2,"enemies":"3 Louse","floor":12,"turns":6},{"damage":6,"enemies":"Exordium Wildlife","floor":13,"turns":6},{"damage":5,"enemies":"Lots of Slimes","floor":14,"turns":8},{"damage":6,"enemies":"Hexaghost","floor":16,"turns":8},{"damage":12,"enemies":"Spheric Guardian","floor":18,"turns":8},{"damage":3,"enemies":"Shell Parasite","floor":21,"turns":8},{"damage":6,"enemies":"Snecko","floor":22,"turns":7},{"damage":26,"enemies":"Snake Plant","floor":24,"turns":7},{"damage":9,"enemies":"3 Cultists","floor":25,"turns":9},{"damage":20,"enemies":"Centurion and Healer","floor":31,"turns":10},{"damage":57,"enemies":"Automaton","floor":35,"turns":6}],"seed_played":"-6567259356429867128","potions_obtained":[{"floor":1,"key":"Adrenaline Potion"},{"floor":4,"key":"Dexterity Potion"},{"floor":5,"key":"LiquidMemories"},{"floor":12,"key":"EssenceOfSteel"},{"floor":14,"key":"DistilledChaos"},{"floor":16,"key":"SkillPotion"},{"floor":21,"key":"SteroidPotion"},{"floor":24,"key":"EntropicBrew"}],"is_trial":false,"path_per_floor":["M","M","M","M","M","R","M","R","T","$","E","M","M","M","R","B",null,"M","$","T","M","M","R","M","M","T","R","PTL","PTL","R","M","$","?","R","B"],"character_chosen":"RUNESMITH_CLASS","items_purchased":["Runesmith:Firestorm","Runesmith:Firestorm"],"campfire_rested":3,"item_purchase_floors":[10,19],"current_hp_per_floor":[70,70,70,48,40,40,39,39,39,39,37,35,29,24,24,18,70,58,58,58,55,49,49,23,14,14,35,35,35,56,36,36,36,57,0,0],"gold":138,"neow_bonus":"RANDOM_EVENT","is_daily":false,"chose_seed":false,"campfire_upgraded":3,"win_rate":0.0,"timestamp":1608415616,"path_taken":["M","?","M","M","M","R","M","R","T","$","E","M","M","M","R","BOSS","M","$","?","M","M","R","M","M","T","R","PTL","PTL","R","M","$","?","R","BOSS"],"items_purchased_type":["Card","Card"],"build_version":"2020-12-13","purchased_purges":3,"victory":false,"max_hp_per_floor":[70,70,70,70,70,70,70,70,70,70,70,70,70,70,70,70,70,70,70,70,70,70,70,70,70,70,70,70,70,70,70,70,70,70,70,70],"card_choices":[{"not_picked":["Runesmith:ShiftingStrike","Runesmith:EarthShield"],"picked":"Runesmith:Grindstone","floor":1},{"not_picked":["Runesmith:RuneHurl","Runesmith:Electrocute"],"picked":"Runesmith:Grindstone","floor":2},{"not_picked":["Runesmith:Overpower","Runesmith:ChiselStab"],"picked":"Runesmith:Permafrost","floor":3},{"not_picked":["Runesmith:Repurpose","Runesmith:OneForEveryone"],"picked":"Runesmith:ElementalConversion","floor":4},{"not_picked":["Runesmith:CraftMagma","Runesmith:Prism"],"picked":"Runesmith:ArcReactor","floor":5},{"not_picked":["Runesmith:RuneHurl","Runesmith:HammerThrow","Runesmith:ShiftingStrike"],"picked":"SKIP","floor":7},{"not_picked":["Runesmith:Electrocute","Runesmith:Terraform"],"picked":"Runesmith:Grindstone","floor":11},{"not_picked":["Runesmith:Repurpose","Runesmith:HammerTime"],"picked":"Runesmith:CraftProtectio","floor":12},{"not_picked":["Runesmith:ShiftingStrike","Runesmith:MakeshiftArmor"],"picked":"Runesmith:Grindstone","floor":13},{"not_picked":["Runesmith:CraftReservo","Runesmith:Refine"],"picked":"Runesmith:CraftMagma","floor":14},{"not_picked":["Runesmith:Supernova","Runesmith:ReplicatingBarrier"],"picked":"Runesmith:FissionHammer","floor":16},{"not_picked":["Runesmith:Electrocute","Runesmith:ShiftingStrike","Runesmith:Retool"],"picked":"SKIP","floor":18},{"not_picked":["Runesmith:Discharge","Runesmith:WhiteBalance","Runesmith:RuneHurl+1"],"picked":"SKIP","floor":21},{"not_picked":["Runesmith:ShiftingStrike","Runesmith:MetallurgicalResearch"],"picked":"Runesmith:EarthShield","floor":22},{"not_picked":["Runesmith:HammerThrow","Runesmith:Retool"],"picked":"Runesmith:Terraform","floor":24},{"not_picked":["Runesmith:HammerThrow","Runesmith:PerfectChisel"],"picked":"Runesmith:FieryHammer","floor":25},{"not_picked":["Runesmith:HeatExchange+1","Runesmith:BackupBattery+1","Runesmith:Reinforce"],"picked":"SKIP","floor":31}],"player_experience":210001,"relics_obtained":[{"floor":11,"key":"Runesmith:MiniCore"},{"floor":20,"key":"Shuriken"},{"floor":26,"key":"Onion Ring"}],"event_choices":[{"cards_removed":["Runesmith:Defend_RS"],"damage_healed":0,"gold_gain":0,"player_choice":"Give","damage_taken":0,"max_hp_gain":0,"max_hp_loss":0,"event_name":"betterNote:BetterNote","floor":33,"gold_loss":0,"cards_obtained":["Runesmith:Strike_RS"]}],"is_beta":false,"boss_relics":[{"not_picked":["Abe\u0027s Treasure","conspire:SlowCooker"],"picked":"conspire:RunicOctahedron"}],"items_purged_floors":[10,19,32],"is_endless":false,"potions_floor_spawned":[1,4,5,12,14,16,21,24],"killed_by":"Automaton","ascension_level":0}}