{"host":"1rk7fqgr1btd4nmm","time":1608352501,"event":{"mods":["Aspiration","BaseMod","Better Altar","Better Match","Better Note","Better Sensory Stone","Better Skull","Conspire","Halation","Hubris","Infinite Spire","Minty Spire (QoL Compilation)","Quick Restart","Replay The Spire","StSLib"],"gold_per_floor":[119,119,119,119,140,183,203,203,203,203,203,247,247,278,278,403,403,424,444,444,444,444],"floor_reached":21,"playtime":1906,"items_purged":["Pain"],"score":215,"play_id":"0dade5b7-1e77-4d91-9b7b-549a8b5b31ac","local_time":"20201218223501","is_ascension_mode":true,"campfire_choices":[{"floor":11,"key":"REST"},{"floor":13,"key":"REST"},{"floor":15,"key":"REST"}],"circlet_count":0,"master_deck":["Strike_G","Strike_G","Strike_G","Strike_G","Strike_G","Defend_G","Defend_G","Defend_G","Defend_G","Defend_G","Survivor","Cloak And Dagger","hubris:DuctTapeCard","Flechettes","Outmaneuver","Bane","ReplayTheSpireMod:The Works","Tools of the Trade","Terror","Dodge and Roll"],"relics":["Ring of the Snake","aspiration:Nostalgia","Cracked Core","Golden Idol","WarpedTongs","hubris:DuctTape","ReplayTheSpireMod:Lightbulb","aspiration:Lifesprig","halation:SwordOfLegend","Ancient Tea Set","Lee\u0027s Waffle"],"acts_visited":["Exordium","TheCity"],"potions_floor_usage":[16],"damage_taken":[{"damage":0,"enemies":"Cultist","floor":1,"turns":3},{"damage":3,"enemies":"2 Louse","floor":5,"turns":2},{"damage":25,"enemies":"3 Sentries","floor":6,"turns":9},{"damage":4,"enemies":"Jaw Worm","floor":7,"turns":2},{"damage":17,"enemies":"Gremlin Nob","floor":12,"turns":3},{"damage":6,"enemies":"3 Sentries","floor":14,"turns":9},{"damage":35,"enemies":"Slime Boss","floor":16,"turns":10},{"damage":36,"enemies":"Shell Parasite","floor":18,"turns":9},{"damage":12,"enemies":"conspire:FuzzyDice","floor":19,"turns":4},{"damage":0,"enemies":"Chosen and Byrds","floor":21,"turns":1}],"seed_played":"-6854644444747214682","potions_obtained":[{"floor":1,"key":"Swift Potion"},{"floor":16,"key":"PowerPotion"},{"floor":19,"key":"SteroidPotion"}],"is_trial":false,"path_per_floor":["M","?","?","?","M","E","M","$","T","$","R","E","R","E","R","B",null,"M","M","AVR","M"],"character_chosen":"THE_SILENT","items_purchased":["aspiration:Lifesprig"],"campfire_rested":3,"item_purchase_floors":[10],"current_hp_per_floor":[70,70,53,53,50,25,21,21,21,11,32,15,35,29,53,18,70,34,22,77,77,77],"gold":444,"neow_bonus":"NOSTALGIA","is_daily":false,"chose_seed":false,"campfire_upgraded":0,"win_rate":0.0,"timestamp":1608352501,"path_taken":["M","?","?","?","?","E","M","$","T","?","R","E","R","E","R","BOSS","M","M","AVR","M"],"items_purchased_type":["Relic"],"build_version":"2020-12-13","purchased_purges":1,"victory":false,"max_hp_per_floor":[70,70,70,70,70,70,70,70,70,70,70,70,70,70,70,70,70,70,70,77,77,77],"card_choices":[{"not_picked":["Hidden Blade","Quick Slash"],"picked":"conspire:PoisonWeapons","floor":1},{"not_picked":["Poisoned Stab","Phantasmal Killer"],"picked":"Cloak And Dagger","floor":5},{"not_picked":["Quick Slash","Heel Hook"],"picked":"Flechettes","floor":6},{"not_picked":["Flechettes","Slice"],"picked":"Outmaneuver","floor":7},{"not_picked":["Noxious Fumes","Reflex"],"picked":"Bane","floor":12},{"not_picked":["Tactician","Bane"],"picked":"ReplayTheSpireMod:The Works","floor":14},{"not_picked":["Malaise","Replay:Bag of Tricks"],"picked":"Tools of the Trade","floor":16},{"not_picked":["Deflect","Bane"],"picked":"Terror","floor":18},{"not_picked":["Hidden Blade","Underhanded Strike"],"picked":"Dodge and Roll","floor":19}],"player_experience":474792,"relics_obtained":[{"floor":6,"key":"hubris:DuctTape"},{"floor":9,"key":"ReplayTheSpireMod:Lightbulb"},{"floor":12,"key":"halation:SwordOfLegend"},{"floor":14,"key":"Ancient Tea Set"}],"event_choices":[{"damage_healed":0,"gold_gain":0,"player_choice":"Grow","damage_taken":0,"max_hp_gain":0,"max_hp_loss":0,"event_name":"Living Wall","floor":2,"gold_loss":0,"cards_upgraded":["conspire:PoisonWeapons"]},{"damage_healed":0,"gold_gain":0,"player_choice":"Take Damage","damage_taken":17,"relics_obtained":["Golden Idol"],"max_hp_gain":0,"max_hp_loss":0,"event_name":"Golden Idol","floor":3,"gold_loss":0},{"damage_healed":0,"gold_gain":0,"player_choice":"Rummage","damage_taken":0,"relics_obtained":["WarpedTongs"],"max_hp_gain":0,"max_hp_loss":0,"event_name":"Accursed Blacksmith","floor":4,"gold_loss":0,"cards_obtained":["Pain"]}],"is_beta":false,"boss_relics":[{"not_picked":["halation:CatFaceCupcake","halation:PlatinumPhoenix","Snecko Eye"]}],"items_purged_floors":[20],"is_endless":false,"potions_floor_spawned":[1,16,19],"killed_by":"Chosen and Byrds","ascension_level":2}}