{"host":"z9grmtg2w0nmz8n1","time":1608342706,"event":{"mods":["Aspiration","Bard","BaseMod","Beaked The Cultist","Better Altar","Better Match","Better Note","Better Sensory Stone","Better Skull","Better Third Choice","BetterRewards","CCEM","Colored Map","Conspire","Downfall","GifTheSpireLib","Googly Eyes","Halation","Hermit","Highlight Path","Hubris","Hunter ??","Jedi Mod","Jorbs\u0027s Wanderer Trilogy","Mad Scientist","Marisa????????","Minty Spire (QoL Compilation)","Permanent Neow","Replay The Spire","Shade Mod","Shop Mod","Spicy Shops","StSLib","Stuff the Spire","The Bug Knight","The Construct","The Necromancer","The Runesmith"],"gold_per_floor":[115,134,59,59,78,103,115,115,115],"floor_reached":8,"playtime":538,"items_purged":["Runesmith:Strike_RS"],"score":58,"play_id":"995e1426-88ec-4843-8b53-572da2ddc932","local_time":"20201218235146","is_ascension_mode":false,"campfire_choices":[],"circlet_count":0,"master_deck":["Runesmith:Strike_RS","Runesmith:Strike_RS","Runesmith:Strike_RS","Runesmith:Defend_RS","Runesmith:Defend_RS","Runesmith:Defend_RS","Runesmith:CraftFirestone","Runesmith:Fortify","Runesmith:HeatExchange","Runesmith:CraftProtectio","Runesmith:CraftProtectio","Runesmith:ArcReactor","Runesmith:CraftMagma"],"relics":["Runesmith:BrokenRuby","aspiration:Nostalgia","bard:PitchPipe","Runesmith:Locket"],"acts_visited":["Exordium"],"potions_floor_usage":[],"damage_taken":[{"damage":0,"enemies":"2 Louse","floor":1,"turns":3},{"damage":9,"enemies":"Cultist","floor":2,"turns":4},{"damage":0,"enemies":"Small Slimes","floor":5,"turns":3},{"damage":18,"enemies":"3 Sentries","floor":6,"turns":8},{"damage":18,"enemies":"Exordium Thugs","floor":7,"turns":6},{"damage":28,"enemies":"Gremlin Nob","floor":8,"turns":5}],"seed_played":"-4394542405803447173","potions_obtained":[{"floor":2,"key":"Dexterity Potion"},{"floor":5,"key":"sneckomod:MuddlingPotion"}],"is_trial":false,"path_per_floor":["M","M","$","?","M","E","M","E"],"character_chosen":"RUNESMITH_CLASS","items_purchased":[],"campfire_rested":0,"item_purchase_floors":[],"current_hp_per_floor":[70,61,61,61,61,43,25,0,0],"gold":115,"neow_bonus":"NOSTALGIA","is_daily":false,"chose_seed":false,"campfire_upgraded":0,"win_rate":0.0,"timestamp":1608342706,"path_taken":["M","M","$","?","M","E","?","E"],"items_purchased_type":[],"build_version":"2020-12-13","purchased_purges":1,"victory":false,"max_hp_per_floor":[70,70,70,70,70,70,70,70,70],"card_choices":[{"not_picked":["Runesmith:BackupBattery","Runesmith:Attraction"],"picked":"Runesmith:HeatExchange","floor":1},{"not_picked":["Runesmith:UnstableHammer","Runesmith:Overpower"],"picked":"Runesmith:CraftProtectio","floor":2},{"not_picked":["Runesmith:Permafrost","Runesmith:CraftProtectio","Runesmith:EnergizedChisel"],"picked":"SKIP","floor":5},{"not_picked":["Runesmith:CraftReservo","Runesmith:Overpower"],"picked":"Runesmith:ArcReactor","floor":6},{"not_picked":["Runesmith:FieryHammer","Runesmith:ShiftingStrike"],"picked":"Runesmith:CraftMagma","floor":7}],"player_experience":598627,"relics_obtained":[{"floor":6,"key":"Runesmith:Locket"}],"event_choices":[{"damage_healed":0,"gold_gain":0,"cards_transformed":["Runesmith:Defend_RS"],"player_choice":"Transformed","damage_taken":0,"max_hp_gain":0,"max_hp_loss":0,"event_name":"Transmorgrifier","floor":4,"gold_loss":0,"cards_obtained":["Runesmith:CraftProtectio"]}],"is_beta":false,"boss_relics":[],"items_purged_floors":[3],"is_endless":false,"potions_floor_spawned":[2,5],"killed_by":"Gremlin Nob","ascension_level":0}}