{"host":"gc0hqzwg2gd3zszy","time":1608364823,"event":{"mods":["BaseMod","DeckTracker","Minty Spire (QoL Compilation)","Relic Stats","SuperFastMode"],"gold_per_floor":[109,109,129,129,129,129,143,162,162,8,20,37,2,19,19,19,19],"floor_reached":16,"playtime":559,"items_purged":["Strike_G"],"score":188,"play_id":"753ff182-0e24-4924-82ef-aa075c67e7f9","local_time":"20201219170023","is_ascension_mode":true,"campfire_choices":[{"data":"Tactician","floor":6.0,"key":"SMITH"},{"data":"Acrobatics","floor":15.0,"key":"SMITH"}],"circlet_count":0,"master_deck":["AscendersBane","Strike_G","Strike_G","Defend_G","Defend_G","Defend_G","Survivor","Neutralize","Sucker Punch","Tactician+1","Phantasmal Killer","Acrobatics+1","Eviscerate","Reflex","Corpse Explosion","Catalyst"],"relics":["Ring of the Snake","Paper Crane"],"acts_visited":["Exordium"],"potions_floor_usage":[16],"damage_taken":[{"damage":2.0,"enemies":"Small Slimes","floor":1.0,"turns":5.0},{"damage":1.0,"enemies":"Jaw Worm","floor":3.0,"turns":4.0},{"damage":0.0,"enemies":"Cultist","floor":7.0,"turns":3.0},{"damage":12.0,"enemies":"Red Slaver","floor":8.0,"turns":5.0},{"damage":3.0,"enemies":"3 Louse","floor":11.0,"turns":4.0},{"damage":0.0,"enemies":"Looter","floor":12.0,"turns":3.0},{"damage":0.0,"enemies":"Large Slime","floor":14.0,"turns":3.0},{"damage":56,"enemies":"Slime Boss","floor":16,"turns":8}],"seed_played":"-3055750026343733191","potions_obtained":[{"floor":8.0,"key":"Fire Potion"},{"floor":12.0,"key":"Strength Potion"}],"is_trial":false,"path_per_floor":["M","?","M","?","?","R","M","M","T","$","M","M","?","M","R","B"],"character_chosen":"THE_SILENT","items_purchased":["Reflex"],"campfire_rested":0,"item_purchase_floors":[10],"current_hp_per_floor":[57,57,56,56,49,49,49,37,37,37,34,34,49,49,49,0,0],"gold":19,"neow_bonus":"REMOVE_TWO","is_daily":false,"chose_seed":false,"campfire_upgraded":2,"win_rate":0.0,"timestamp":1608364823,"path_taken":["M","?","M","?","?","R","M","M","T","$","?","M","?","M","R","BOSS"],"items_purchased_type":["Card"],"build_version":"2020-12-13","purchased_purges":1,"victory":false,"max_hp_per_floor":[60,60,60,60,60,60,60,60,60,60,60,60,60,60,60,60,60],"relic_stats":{"counters":[8,35],"obtain_stats":[{"Paper Crane":9,"Ring of the Snake":0},{"Paper Crane":4,"Ring of the Snake":0},{"Paper Crane":17,"Ring of the Snake":0}],"Ring of the Snake":[16]},"card_choices":[{"not_picked":["Dodge and Roll","Bane"],"picked":"Sucker Punch","floor":1.0},{"not_picked":["PiercingWail","Cloak And Dagger"],"picked":"Tactician","floor":3.0},{"not_picked":["Flying Knee","Setup"],"picked":"Acrobatics","floor":7.0},{"not_picked":["Slice","Concentrate"],"picked":"Eviscerate","floor":8.0},{"not_picked":["Poisoned Stab","Cloak And Dagger"],"picked":"Corpse Explosion","floor":11.0},{"not_picked":["Cloak And Dagger","Dash","Blade Dance"],"picked":"SKIP","floor":12.0},{"not_picked":["Quick Slash","Bane"],"picked":"Catalyst","floor":14.0}],"player_experience":1306363,"relics_obtained":[{"floor":9.0,"key":"Paper Crane"}],"event_choices":[{"damage_healed":0.0,"max_hp_gain":0.0,"max_hp_loss":0.0,"gold_gain":0.0,"event_name":"Liars Game","player_choice":"Ignored","floor":2.0,"gold_loss":0.0,"damage_taken":0.0},{"damage_healed":0.0,"max_hp_gain":0.0,"max_hp_loss":0.0,"gold_gain":0.0,"cards_transformed":["Strike_G"],"event_name":"Living Wall","player_choice":"Change","floor":4.0,"gold_loss":0.0,"damage_taken":0.0,"cards_obtained":["Phantasmal Killer"]},{"cards_removed":["Defend_G"],"damage_healed":0.0,"max_hp_gain":0.0,"max_hp_loss":0.0,"gold_gain":0.0,"event_name":"Golden Wing","player_choice":"Card Removal","floor":5.0,"gold_loss":0.0,"damage_taken":7.0},{"damage_healed":15.0,"max_hp_gain":0.0,"max_hp_loss":0.0,"gold_gain":0.0,"event_name":"The Cleric","player_choice":"Healed","floor":13.0,"gold_loss":35.0,"damage_taken":0.0}],"is_beta":false,"boss_relics":[],"items_purged_floors":[10],"is_endless":false,"potions_floor_spawned":[8,12],"killed_by":"Slime Boss","ascension_level":20}}