{"host":"5gc11emcm5chfr5t","time":1608409803,"event":{"mods":["2.2 Compatiblity","AchievementEnabler","BaseMod","Bestiary","Better Note","Colored Map","Colored Powertips","Downfall","Googly Eyes","Minty Spire (QoL Compilation)","Rare Cards Sparkle","StSLib"],"gold_per_floor":[99,9,9,27,43,43,70,70,70,105,122,35,35,51,65,65,65],"floor_reached":16,"playtime":698,"items_purged":["Writhe"],"score":175,"play_id":"e608d62c-ee85-4cb1-bf16-af29380870af","local_time":"20201219153003","is_ascension_mode":true,"campfire_choices":[{"floor":1,"key":"RECALL"},{"data":"expansioncontent:StudyTheSpire","floor":6,"key":"SMITH"},{"floor":8,"key":"REST"}],"circlet_count":0,"master_deck":["AscendersBane","sneckomod:Strike","sneckomod:Strike","sneckomod:Strike","sneckomod:Defend","sneckomod:Defend+1","sneckomod:Defend","sneckomod:TailWhip","sneckomod:SnekBite+1","sneckomod:Unknown","sneckomod:Unknown+1","expansioncontent:StudyTheSpire+1","sneckomod:UnknownVulnerable","sneckomod:TrashToTreasure","sneckomod:UnknownUncommonPower","sneckomod:UnknownExhaust","sneckomod:Nope","sneckomod:Unknown3Cost","sneckomod:UnknownRareAttack","sneckomod:Nope","sneckomod:DiceBlock"],"relics":["sneckomod:SneckoSoul","Lantern","Toy Ornithopter"],"acts_visited":["Exordium"],"potions_floor_usage":[12],"damage_taken":[{"damage":12,"enemies":"downfall:FleeingMerchant","floor":2,"turns":4},{"damage":3,"enemies":"Cultist","floor":4,"turns":4},{"damage":11,"enemies":"Small Slimes","floor":5,"turns":3},{"damage":36,"enemies":"3 Sentries","floor":10,"turns":7},{"damage":15,"enemies":"Jaw Worm","floor":11,"turns":5},{"damage":9,"enemies":"downfall:FleeingMerchant","floor":12,"turns":4},{"damage":15,"enemies":"2 Fungi Beasts","floor":14,"turns":3},{"damage":11,"enemies":"Exordium Thugs","floor":15,"turns":3},{"damage":14,"enemies":"downfall:Watcher","floor":16,"turns":4}],"seed_played":"-6625725713026126022","potions_obtained":[{"floor":11,"key":"SneckoOil"},{"floor":15,"key":"Guardian:BlockOnCardUsePotion"}],"is_trial":false,"path_per_floor":["R","$","?","M","M","R","T","R","?","E","M","$","?","M","M","B"],"character_chosen":"THE_SNECKO","items_purchased":["sneckomod:UnknownRareAttack"],"campfire_rested":1,"item_purchase_floors":[12],"current_hp_per_floor":[75,64,64,61,51,51,51,76,81,46,38,36,36,21,10,0,0],"gold":65,"neow_bonus":"RANDOM_COLORLESS_2","is_daily":false,"chose_seed":false,"campfire_upgraded":1,"win_rate":0.0,"timestamp":1608409803,"path_taken":["R","$","?","M","M","R","T","R","?","E","M","?","?","M","M","BOSS"],"items_purchased_type":["Card"],"build_version":"2020-12-13","purchased_purges":1,"victory":false,"max_hp_per_floor":[83,84,84,84,85,85,85,85,90,91,91,93,93,93,93,93,93],"card_choices":[{"not_picked":["The Bomb","Violence"],"picked":"expansioncontent:StudyTheSpire","floor":0},{"not_picked":["sneckomod:UnknownBlock","sneckomod:UnknownStrike"],"picked":"sneckomod:UnknownVulnerable","floor":2},{"not_picked":["sneckomod:Unknown2Cost","sneckomod:UnknownClassSLIMEBOUND"],"picked":"sneckomod:TrashToTreasure","floor":4},{"not_picked":["sneckomod:UnknownClassBLUE","sneckomod:SoulRoll"],"picked":"sneckomod:UnknownUncommonPower","floor":5},{"not_picked":["sneckomod:WideSting","sneckomod:SerpentMind"],"picked":"sneckomod:UnknownExhaust","floor":10},{"not_picked":["sneckomod:Unknown1Cost","sneckomod:UnknownStrike"],"picked":"sneckomod:Nope","floor":11},{"not_picked":["sneckomod:UnknownWeak","sneckomod:SoulCleanse"],"picked":"sneckomod:Unknown3Cost","floor":12},{"not_picked":["sneckomod:UnknownX","sneckomod:WideSting"],"picked":"sneckomod:Nope","floor":14},{"not_picked":["sneckomod:SoulRoll","sneckomod:Unknown1Cost"],"picked":"sneckomod:DiceBlock","floor":15}],"player_experience":434780,"relics_obtained":[{"floor":7,"key":"Lantern"},{"floor":10,"key":"Toy Ornithopter"}],"event_choices":[{"damage_healed":0,"gold_gain":0,"player_choice":"Donut","damage_taken":0,"max_hp_gain":5,"max_hp_loss":0,"event_name":"Big Fish","floor":9,"gold_loss":0},{"cards_removed":["Regret"],"damage_healed":0,"gold_gain":0,"player_choice":"Card Removal","damage_taken":0,"max_hp_gain":0,"max_hp_loss":0,"event_name":"The Cleric","floor":13,"gold_loss":0}],"is_beta":false,"boss_relics":[],"items_purged_floors":[2],"is_endless":false,"potions_floor_spawned":[11,15],"killed_by":"downfall:Watcher","ascension_level":15}}