{"host":"5bdt6s51dmpd4l3v","time":1608352497,"event":{"mods":["AchievementEnabler","BaseMod","Colored Map","Colored Powertips","Highlight Path","Minty Spire (QoL Compilation)","Rare Cards Sparkle","StSLib"],"gold_per_floor":[112,14,34,34,34,75,75,100,100,100,120,28,53,74,74,202,202,223,67,166,166,179,179,219,242,267,267,286,306,324,98,98,226,226,250,250,275,275,289,289,324,387,440,484,503,503,516,16,16,16],"floor_reached":51,"playtime":2169,"items_purged":[],"score":1376,"play_id":"a15db644-47a4-4c5b-9875-7f3fa8d06d30","local_time":"20201219123457","is_ascension_mode":true,"campfire_choices":[{"data":"Armaments","floor":7,"key":"SMITH"},{"data":"Body Slam","floor":10,"key":"SMITH"},{"data":"Entrench","floor":15,"key":"SMITH"},{"data":"Barricade","floor":23,"key":"SMITH"},{"data":"Body Slam","floor":32,"key":"SMITH"},{"data":"Body Slam","floor":40,"key":"SMITH"},{"data":"Offering","floor":46,"key":"SMITH"},{"data":"Juggernaut","floor":49,"key":"SMITH"}],"circlet_count":0,"master_deck":["AscendersBane","Strike_R","Strike_R","Strike_R","Strike_R","Strike_R","Defend_R","Defend_R","Defend_R","Defend_R","Bash","Entrench+1","Shrug It Off","Armaments+1","Power Through","Body Slam+1","Headbutt","Bloodletting","True Grit","Dual Wield","Feel No Pain","Barricade+1","Body Slam+1","Body Slam+1","Dual Wield+1","Ghostly Armor+1","Offering+1","Power Through","Juggernaut+1","Ghostly Armor+1","True Grit+1","Warcry+1","Bloodletting+1"],"relics":["Black Blood","Bronze Scales","Golden Idol","Dead Branch","Incense Burner","Coffee Dripper","Oddly Smooth Stone","MealTicket","Boot","NlothsMask","Bag of Marbles","Bird Faced Urn","Orichalcum","Mango","Anchor","Champion Belt"],"acts_visited":["Exordium","TheCity","TheBeyond"],"potions_floor_usage":[6,13,16,25,28,33,33,39,45,47,47,50],"damage_taken":[{"damage":15,"enemies":"Small Slimes","floor":1,"turns":3},{"damage":10,"enemies":"Jaw Worm","floor":3,"turns":5},{"damage":33,"enemies":"Gremlin Nob","floor":6,"turns":5},{"damage":10,"enemies":"2 Louse","floor":8,"turns":2},{"damage":0,"enemies":"2 Fungi Beasts","floor":11,"turns":5},{"damage":0,"enemies":"Red Slaver","floor":13,"turns":4},{"damage":6,"enemies":"Blue Slaver","floor":14,"turns":4},{"damage":23,"enemies":"Hexaghost","floor":16,"turns":8},{"damage":22,"enemies":"3 Byrds","floor":18,"turns":4},{"damage":8,"enemies":"Chosen","floor":22,"turns":6},{"damage":22,"enemies":"Book of Stabbing","floor":24,"turns":7},{"damage":0,"enemies":"Centurion and Healer","floor":25,"turns":6},{"damage":19,"enemies":"Snake Plant","floor":28,"turns":5},{"damage":9,"enemies":"Cultist and Chosen","floor":29,"turns":4},{"damage":0,"enemies":"Centurion and Healer","floor":30,"turns":4},{"damage":4,"enemies":"Automaton","floor":33,"turns":6},{"damage":2,"enemies":"Orb Walker","floor":35,"turns":5},{"damage":0,"enemies":"3 Shapes","floor":37,"turns":7},{"damage":21,"enemies":"Sphere and 2 Shapes","floor":39,"turns":5},{"damage":7,"enemies":"Giant Head","floor":41,"turns":8},{"damage":7,"enemies":"Mind Bloom Boss Battle","floor":42,"turns":5},{"damage":12,"enemies":"Reptomancer","floor":44,"turns":10},{"damage":0,"enemies":"Spire Growth","floor":45,"turns":4},{"damage":46,"enemies":"Transient","floor":47,"turns":5},{"damage":9,"enemies":"Awakened One","floor":50,"turns":9}],"seed_played":"8975139259022205364","potions_obtained":[{"floor":3,"key":"CultistPotion"},{"floor":11,"key":"Strength Potion"},{"floor":14,"key":"CultistPotion"},{"floor":24,"key":"PowerPotion"},{"floor":25,"key":"GamblersBrew"},{"floor":37,"key":"AttackPotion"},{"floor":42,"key":"ElixirPotion"},{"floor":44,"key":"SkillPotion"},{"floor":45,"key":"Swift Potion"},{"floor":47,"key":"GamblersBrew"}],"is_trial":false,"path_per_floor":["M","$","M","?","?","E","R","M","T","R","M","$","M","M","R","B",null,"M","$","?","?","M","R","E","M","T","?","M","M","M","$","R","B",null,"M","?","M","T","M","R","E","?","T","E","M","R","M","$","R","B",null],"character_chosen":"IRONCLAD","items_purchased":["Shrug It Off","Armaments","Bloodletting","True Grit","Oddly Smooth Stone","Fruit Juice","BlessingOfTheForge","Power Through","Anchor","Champion Belt","Energy Potion"],"campfire_rested":0,"item_purchase_floors":[2,2,12,12,19,31,31,31,48,48,48],"current_hp_per_floor":[63,63,59,59,59,32,32,28,28,28,34,34,40,40,40,23,61,45,45,45,38,36,36,20,26,26,26,13,10,16,31,31,38,69,79,79,79,79,70,70,75,79,79,93,93,93,59,74,74,83],"gold":16,"neow_bonus":"RANDOM_COMMON_RELIC","is_daily":false,"chose_seed":false,"campfire_upgraded":8,"win_rate":0.0,"timestamp":1608352497,"path_taken":["M","$","M","?","?","E","R","M","T","R","M","$","?","M","R","BOSS","M","$","?","?","M","R","E","?","T","?","M","?","M","$","R","BOSS","M","?","M","?","?","R","E","?","T","E","M","R","M","$","R","BOSS"],"items_purchased_type":["Card","Card","Card","Card","Relic","Potion","Potion","Card","Relic","Relic","Potion"],"build_version":"2020-12-13","purchased_purges":0,"victory":true,"max_hp_per_floor":[80,80,80,80,74,74,74,74,74,74,74,74,74,74,74,74,74,74,74,74,74,74,74,74,74,74,74,74,74,74,74,74,79,79,79,79,79,79,79,79,79,79,79,93,93,93,93,93,93,93],"card_choices":[{"not_picked":["Wild Strike","Thunderclap"],"picked":"Entrench","floor":1},{"not_picked":["Heavy Blade","Spot Weakness","Cleave"],"picked":"SKIP","floor":3},{"not_picked":["Wild Strike","Immolate"],"picked":"Power Through","floor":6},{"not_picked":["Metallicize","Perfected Strike"],"picked":"Body Slam","floor":8},{"not_picked":["Heavy Blade","Havoc"],"picked":"Headbutt","floor":11},{"not_picked":["Sword Boomerang","Flex"],"picked":"Dual Wield","floor":13},{"not_picked":["Combust","Sword Boomerang"],"picked":"Feel No Pain","floor":14},{"not_picked":["Brutality","Juggernaut"],"picked":"Barricade","floor":16},{"not_picked":["True Grit","Pommel Strike"],"picked":"Body Slam","floor":18},{"not_picked":["Thunderclap","Clothesline","Flex"],"picked":"SKIP","floor":22},{"not_picked":["Rampage+1","Burning Pact"],"picked":"Body Slam","floor":24},{"not_picked":["Thunderclap","Dual Wield","Evolve"],"picked":"SKIP","floor":25},{"not_picked":["Armaments","Iron Wave"],"picked":"Dual Wield+1","floor":28},{"not_picked":["Shrug It Off","Combust"],"picked":"Ghostly Armor+1","floor":29},{"not_picked":["Rampage","Power Through"],"picked":"Offering","floor":30},{"not_picked":["Bludgeon","Immolate"],"picked":"Juggernaut","floor":33},{"not_picked":["Headbutt","Wild Strike+1"],"picked":"Ghostly Armor+1","floor":35},{"not_picked":["Sword Boomerang","Cleave+1"],"picked":"True Grit+1","floor":37},{"not_picked":["Sword Boomerang","Sentinel","Flex"],"picked":"SKIP","floor":39},{"not_picked":["Armaments","Wild Strike","Bludgeon"],"picked":"SKIP","floor":41},{"not_picked":["Pommel Strike","Reckless Charge","Perfected Strike+1"],"picked":"SKIP","floor":44},{"not_picked":["Battle Trance","Bloodletting"],"picked":"Warcry+1","floor":45},{"not_picked":["Clash","Rupture"],"picked":"Bloodletting+1","floor":47}],"player_experience":138916,"relics_obtained":[{"floor":6,"key":"Dead Branch"},{"floor":9,"key":"Incense Burner"},{"floor":24,"key":"MealTicket"},{"floor":26,"key":"Boot"},{"floor":41,"key":"Bag of Marbles"},{"floor":42,"key":"Bird Faced Urn"},{"floor":43,"key":"Orichalcum"},{"floor":44,"key":"Mango"}],"event_choices":[{"damage_healed":0,"gold_gain":0,"player_choice":"Ignored","damage_taken":0,"max_hp_gain":0,"max_hp_loss":0,"event_name":"Golden Wing","floor":4,"gold_loss":0},{"damage_healed":0,"gold_gain":0,"player_choice":"Lose Max HP","damage_taken":0,"relics_obtained":["Golden Idol"],"max_hp_gain":0,"max_hp_loss":6,"event_name":"Golden Idol","floor":5,"gold_loss":0},{"damage_healed":0,"gold_gain":99,"player_choice":"Stole From Cult","damage_taken":0,"max_hp_gain":0,"max_hp_loss":0,"event_name":"Nest","floor":20,"gold_loss":0},{"damage_healed":0,"gold_gain":0,"player_choice":"Damaged","damage_taken":7,"max_hp_gain":0,"max_hp_loss":0,"event_name":"Wheel of Change","floor":21,"gold_loss":0},{"damage_healed":0,"gold_gain":0,"player_choice":"Trade","damage_taken":0,"relics_obtained":["NlothsMask"],"max_hp_gain":0,"max_hp_loss":0,"event_name":"FaceTrader","floor":27,"gold_loss":0},{"damage_healed":0,"gold_gain":0,"player_choice":"Ignored","damage_taken":0,"max_hp_gain":0,"max_hp_loss":0,"event_name":"Tomb of Lord Red Mask","floor":36,"gold_loss":0},{"damage_healed":0,"gold_gain":0,"player_choice":"Fight","damage_taken":0,"max_hp_gain":0,"max_hp_loss":0,"event_name":"MindBloom","floor":42,"gold_loss":0}],"is_beta":false,"boss_relics":[{"not_picked":["Runic Pyramid","SacredBark"],"picked":"Coffee Dripper"},{"not_picked":["Velvet Choker","Tiny House"],"picked":"Black Blood"}],"items_purged_floors":[],"is_endless":false,"potions_floor_spawned":[3,11,14,24,25,37,42,44,45,47],"ascension_level":12}}