{"host":"6qo42zgaknezulyg","time":1608389525,"event":{"mods":["2.2 Compatiblity","BaseMod","Keyboard Shortcuts","Minty Spire (QoL Compilation)","Permanent Neow","Quick Restart","StSLib","SuperFastMode","The Disciple"],"gold_per_floor":[109,125,125,135,149,178,178,209,209,209,241,260,260,287,287,388,388,399,399,419,445,370,396,396,426,426,426,446,481,481,500,500,601,601,616,291,309,309,328,328,346,346,395,428,447,56,56,91,91,91],"floor_reached":51,"playtime":3190,"items_purged":["Parity","HandsUp+1"],"score":964,"play_id":"9afa760f-d8d0-4bc1-a3a7-68bfd96695f6","local_time":"20201219235205","is_ascension_mode":true,"campfire_choices":[{"data":"WakeUpCall","floor":7.0,"key":"SMITH"},{"floor":10.0,"key":"REST"},{"floor":13.0,"key":"REST"},{"data":"Analog","floor":15.0,"key":"SMITH"},{"data":"Stagnate","floor":24.0,"key":"SMITH"},{"data":"LockedOrichalcum","floor":27.0,"key":"SMITH"},{"data":"LockedUrn","floor":32.0,"key":"SMITH"},{"data":"LockedAstrolabe","floor":40.0,"key":"SMITH"},{"data":"LockedOrichalcum","floor":42.0,"key":"SMITH"},{"data":"LockedBell","floor":47.0,"key":"SMITH"},{"data":"LockedOrichalcum","floor":49,"key":"SMITH"}],"circlet_count":0,"master_deck":["SecondHand","PatternShift","WakeUpCall+1","Fragmentalize+1","Analog+1","Stagnate+1","TickedOff+1","LockedOrichalcum+1","LockedWhetstone","LockedUrn+1","WatchCommand","LockedBell+1","LockedMercury","LockedThread","LockedLightning","AlternateTimeline+1","LockedTurtyl+1","Break+1","BackFourSeconds+1","LockedOrichalcum+1","LockedAstrolabe+1","LockedOrichalcum+1","Allargando+1","LockedTornado+1","LockedFlame","LockedMedicine+1","LockedThread+1","LockedMedicine+1","Fragmentalize+1","ResonantCall+1"],"relics":["Chronometer","Turnip","MysticCrockPot","HornCleat","Whetstone","Bottled Tornado","Pandora\u0027s Box","Prayer Wheel","Mummified Hand","Tiny Chest","Toy Ornithopter","Black Star","Pear","Strawberry","Girya","Juzu Bracelet","DollysMirror","War Paint","StoneCalendar","Nunchaku"],"acts_visited":["Exordium","TheCity","TheBeyond"],"potions_floor_usage":[50],"damage_taken":[{"damage":5.0,"enemies":"Small Slimes","floor":1.0,"turns":8.0},{"damage":1.0,"enemies":"Cultist","floor":2.0,"turns":6.0},{"damage":4.0,"enemies":"Jaw Worm","floor":4.0,"turns":5.0},{"damage":3.0,"enemies":"Blue Slaver","floor":5.0,"turns":7.0},{"damage":27.0,"enemies":"Lagavulin","floor":6.0,"turns":6.0},{"damage":19.0,"enemies":"Gremlin Nob","floor":8.0,"turns":3.0},{"damage":11.0,"enemies":"Lagavulin","floor":11.0,"turns":7.0},{"damage":1.0,"enemies":"Exordium Wildlife","floor":12.0,"turns":4.0},{"damage":5.0,"enemies":"Gremlin Nob","floor":14.0,"turns":4.0},{"damage":15.0,"enemies":"The Guardian","floor":16.0,"turns":10.0},{"damage":6.0,"enemies":"3 Byrds","floor":18.0,"turns":2.0},{"damage":6.0,"enemies":"Chosen","floor":20.0,"turns":4.0},{"damage":0.0,"enemies":"Snecko","floor":21.0,"turns":3.0},{"damage":5.0,"enemies":"Book of Stabbing","floor":23.0,"turns":3.0},{"damage":0.0,"enemies":"Gremlin Leader","floor":25.0,"turns":3.0},{"damage":5.0,"enemies":"Centurion and Healer","floor":28.0,"turns":4.0},{"damage":4.0,"enemies":"Book of Stabbing","floor":29.0,"turns":5.0},{"damage":15.0,"enemies":"Snake Plant","floor":31.0,"turns":3.0},{"damage":46.0,"enemies":"Collector","floor":33.0,"turns":7.0},{"damage":13.0,"enemies":"3 Shapes","floor":35.0,"turns":2.0},{"damage":3.0,"enemies":"3 Darklings","floor":37.0,"turns":3.0},{"damage":12.0,"enemies":"Transient","floor":39.0,"turns":5.0},{"damage":2.0,"enemies":"Maw","floor":41.0,"turns":6.0},{"damage":35.0,"enemies":"Giant Head","floor":44.0,"turns":6.0},{"damage":0.0,"enemies":"4 Shapes","floor":45.0,"turns":3.0},{"damage":47,"enemies":"Reptomancer","floor":48,"turns":3},{"damage":28,"enemies":"Donu and Deca","floor":50,"turns":5}],"seed_played":"2149646866822162965","potions_obtained":[{"floor":1.0,"key":"Explosive Potion"},{"floor":5.0,"key":"GamblersBrew"},{"floor":6.0,"key":"LiquidBronze"},{"floor":8.0,"key":"Fire Potion"},{"floor":12.0,"key":"Weak Potion"},{"floor":20.0,"key":"ColorlessPotion"},{"floor":25.0,"key":"Dexterity Potion"},{"floor":28.0,"key":"Block Potion"},{"floor":29.0,"key":"FairyPotion"},{"floor":41.0,"key":"Weak Potion"},{"floor":44.0,"key":"EssenceOfSteel"}],"is_trial":false,"path_per_floor":["M","M","?","M","M","E","R","E","T","R","E","M","R","E","R","B",null,"M","?","M","M","?","E","R","E","T","R","M","E","?","M","R","B",null,"M","$","M","?","M","R","M","R","T","E","M","$","R","E","R","B",null],"character_chosen":"CHRONO_CLASS","items_purchased":["Pear","DollysMirror","War Paint"],"campfire_rested":2,"item_purchase_floors":[36,46,46],"current_hp_per_floor":[54,53,58,54,51,24,24,5,5,24,13,12,31,26,26,11,64,58,58,52,52,52,47,47,47,47,47,54,58,58,45,45,29,64,64,74,74,74,74,74,74,74,81,81,81,81,81,72,72,81],"gold":91,"neow_bonus":"TRANSFORM_TWO_CARDS","is_daily":false,"chose_seed":false,"campfire_upgraded":9,"win_rate":0.0,"timestamp":1608389525,"path_taken":["M","M","?","M","M","E","R","E","T","R","E","M","R","E","R","BOSS","M","?","M","?","?","E","R","E","T","R","M","E","?","M","R","BOSS","M","$","M","?","M","R","M","R","T","E","M","$","R","E","R","BOSS"],"items_purchased_type":["Relic","Relic","Relic"],"build_version":"2020-12-13","purchased_purges":2,"victory":true,"max_hp_per_floor":[59,59,64,64,64,64,64,64,64,64,64,64,64,64,64,64,64,64,64,64,64,64,64,64,64,64,64,64,64,64,64,64,64,64,64,74,74,74,74,74,74,74,81,81,81,81,81,81,81,81],"card_choices":[{"not_picked":["DaylightSavings","ExoVibe"],"picked":"BiteCommand","floor":1.0},{"not_picked":["ExoVibe","ResonantCall"],"picked":"Analog","floor":2.0},{"not_picked":["Engulf","TickedOff"],"picked":"HandsUp","floor":4.0},{"not_picked":["ExoVibe","Engulf"],"picked":"EscortCommand","floor":5.0},{"not_picked":["Parity","TickedOff"],"picked":"Stagnate","floor":6.0},{"not_picked":["ExoVibe","Analog"],"picked":"TickedOff","floor":8.0},{"not_picked":["Tempo","LockedMedicine"],"picked":"LockedOrichalcum","floor":11.0},{"not_picked":["ReapSow","Accruing","Parity"],"picked":"SKIP","floor":12.0},{"not_picked":["BlueShift","ReapSow"],"picked":"LockedWhetstone","floor":14.0},{"not_picked":["Fragmentalize","BeatsPerMinute"],"picked":"Echonomics","floor":16.0},{"not_picked":["Echoward","LockedBlood"],"picked":"LockedThread","floor":18.0},{"not_picked":["Engulf","ShortSighted","BlueShift"],"picked":"SKIP","floor":20.0},{"not_picked":["BiteCommand","WindUp"],"picked":"AlternateTimeline+1","floor":21.0},{"not_picked":["Goo","WatchCommand"],"picked":"LockedTurtyl+1","floor":23.0},{"not_picked":["ExoVibe","Analog"],"picked":"Break","floor":25.0},{"not_picked":["Tempo+1","Engulf"],"picked":"BackFourSeconds+1","floor":28.0},{"not_picked":["Engulf+1","Echoward","BiteCommand+1"],"picked":"SKIP","floor":28.0},{"not_picked":["Goo","CrunchTime"],"picked":"LockedOrichalcum","floor":29.0},{"not_picked":["LockedUrn+1","CrunchTime"],"picked":"LockedTornado+1","floor":31.0},{"not_picked":["BiteCommand","Echoward"],"picked":"LockedFlame","floor":31.0},{"not_picked":["BlueShift+1","AlternateTimeline","Echoward"],"picked":"SKIP","floor":35.0},{"not_picked":["Goo","Chronoelasticity","Stagnate+1"],"picked":"SKIP","floor":35.0},{"not_picked":["FormalWear","Echoward","WindUp"],"picked":"SKIP","floor":37.0},{"not_picked":["WindUp","Parity+1","SlimeSpray"],"picked":"SKIP","floor":37.0},{"not_picked":["CrunchTime","Chronoelasticity+1","Recurrance+1"],"picked":"SKIP","floor":39.0},{"not_picked":["LockedTornado+1","BiteCommand","PrimeTime+1"],"picked":"SKIP","floor":39.0},{"not_picked":["WatchCommand+1","LockedWhetstone+1"],"picked":"LockedMedicine+1","floor":41.0},{"not_picked":["FormalWear","Chronoelasticity+1","ShortSighted"],"picked":"SKIP","floor":41.0},{"not_picked":["LockedUrn","BiteCommand","AlternateTimeline"],"picked":"SKIP","floor":44.0},{"not_picked":["BlueShift","LockedMedicine+1"],"picked":"LockedThread+1","floor":45.0},{"not_picked":["LockedBlood+1","LockedScales+1"],"picked":"LockedMedicine+1","floor":45.0},{"not_picked":["TiringSlam+1","LockedOrichalcum"],"picked":"ResonantCall+1","floor":48}],"player_experience":747203,"relics_obtained":[{"floor":6.0,"key":"Turnip"},{"floor":8.0,"key":"MysticCrockPot"},{"floor":9.0,"key":"HornCleat"},{"floor":11.0,"key":"Whetstone"},{"floor":14.0,"key":"Bottled Tornado"},{"floor":23.0,"key":"Prayer Wheel"},{"floor":25.0,"key":"Mummified Hand"},{"floor":26.0,"key":"Tiny Chest"},{"floor":29.0,"key":"Toy Ornithopter"},{"floor":43.0,"key":"Strawberry"},{"floor":44.0,"key":"Girya"},{"floor":44.0,"key":"Juzu Bracelet"},{"floor":48,"key":"StoneCalendar"},{"floor":48,"key":"Nunchaku"}],"event_choices":[{"damage_healed":0.0,"max_hp_gain":5.0,"max_hp_loss":0.0,"gold_gain":0.0,"event_name":"Big Fish","player_choice":"Donut","floor":3.0,"gold_loss":0.0,"damage_taken":0.0},{"damage_healed":0.0,"max_hp_gain":0.0,"max_hp_loss":0.0,"gold_gain":0.0,"cards_transformed":["BiteCommand"],"event_name":"Transmorgrifier","player_choice":"Transformed","floor":19.0,"gold_loss":0.0,"damage_taken":0.0,"cards_obtained":["LockedLightning"]},{"cards_removed":["BiteCommand"],"damage_healed":0.0,"max_hp_gain":0.0,"max_hp_loss":0.0,"gold_gain":0.0,"event_name":"Beggar","player_choice":"Gave Gold","floor":22.0,"gold_loss":75.0,"damage_taken":0.0},{"damage_healed":0.0,"max_hp_gain":0.0,"max_hp_loss":0.0,"gold_gain":0.0,"event_name":"SensoryStone","player_choice":"Memory 1","floor":38.0,"gold_loss":0.0,"damage_taken":0.0}],"is_beta":false,"boss_relics":[{"not_picked":["Calling Bell","Cursed Key"],"picked":"Pandora\u0027s Box"},{"not_picked":["SacredBark","Tiny House"],"picked":"Black Star"}],"items_purged_floors":[36,46],"is_endless":false,"potions_floor_spawned":[1,5,6,8,12,20,21,25,28,29,35,37,41,44],"ascension_level":3}}