{"host":"7gewg82ormp6yt4e","time":1608377072,"event":{"mods":["BaseMod","Block Reminder","Colored Map","Colored Powertips","DeckTracker","Highlight Path","Minty Spire (QoL Compilation)","Relic Stats","StSLib"],"gold_per_floor":[115,130,20,95,109,109,136,136,215,235,252,252,252,268,268,342,342,362,277,277,277,297,297,312,312,312],"floor_reached":25,"playtime":1228,"items_purged":[],"score":431,"play_id":"640ac896-9a5e-461c-8a8e-6096dac1b413","local_time":"20201219202432","is_ascension_mode":true,"campfire_choices":[{"data":"Dagger Spray","floor":6.0,"key":"SMITH"},{"floor":13.0,"key":"REST"},{"data":"Glass Knife","floor":15,"key":"SMITH"},{"data":"Catalyst","floor":23,"key":"SMITH"}],"circlet_count":0,"master_deck":["AscendersBane","Defend_G","Defend_G","Defend_G","Defend_G","Defend_G","Survivor","Neutralize","Underhanded Strike","Dagger Throw","Flying Knee","Dagger Spray+1","Footwork+1","Catalyst+1","Glass Knife+1","Flying Knee","After Image","Bite","Bite","Bite","Bite","Bite","Deadly Poison","Deadly Poison"],"relics":["Ring of the Snake","Potion Belt","Art of War","Mummified Hand","Snecko Eye","Vajra"],"acts_visited":["Exordium","TheCity"],"potions_floor_usage":[16,16,16,18],"damage_taken":[{"damage":5.0,"enemies":"2 Louse","floor":1.0,"turns":6.0},{"damage":4.0,"enemies":"Cultist","floor":2.0,"turns":4.0},{"damage":0.0,"enemies":"Small Slimes","floor":5.0,"turns":4.0},{"damage":20.0,"enemies":"Lagavulin","floor":7.0,"turns":5.0},{"damage":8.0,"enemies":"3 Louse","floor":10.0,"turns":4.0},{"damage":2.0,"enemies":"Lots of Slimes","floor":11.0,"turns":4.0},{"damage":5,"enemies":"Large Slime","floor":14,"turns":5},{"damage":17,"enemies":"Hexaghost","floor":16,"turns":10},{"damage":13,"enemies":"3 Byrds","floor":18,"turns":6},{"damage":6,"enemies":"2 Thieves","floor":22,"turns":3},{"damage":10,"enemies":"Snecko","floor":24,"turns":4},{"damage":46,"enemies":"Slavers","floor":25,"turns":3}],"seed_played":"5295341964342802658","potions_obtained":[{"floor":2.0,"key":"DuplicationPotion"},{"floor":12.0,"key":"Block Potion"},{"floor":12.0,"key":"Weak Potion"},{"floor":14,"key":"ColorlessPotion"},{"floor":16,"key":"PowerPotion"}],"is_trial":false,"path_per_floor":["M","M","$","?","M","R","E","?","T","M","M","?","R","M","R","B",null,"M","?","?","?","M","R","M","E"],"character_chosen":"THE_SILENT","items_purchased":["BlessingOfTheForge","Flying Knee"],"campfire_rested":1,"item_purchase_floors":[3,3],"current_hp_per_floor":[54,50,50,39,39,39,19,19,19,11,9,9,28,23,23,6,51,38,38,38,38,40,40,40,0,0],"gold":312,"neow_bonus":"RANDOM_COMMON_RELIC","is_daily":false,"chose_seed":false,"campfire_upgraded":3,"win_rate":0.0,"timestamp":1608377072,"path_taken":["M","M","$","?","M","R","E","?","T","M","M","?","R","?","R","BOSS","M","?","?","?","?","R","M","E"],"items_purchased_type":["Potion","Card"],"build_version":"2020-12-13","purchased_purges":0,"victory":false,"max_hp_per_floor":[66,66,66,66,66,66,66,66,66,66,66,66,66,66,66,66,66,66,66,46,46,46,46,46,46,46],"relic_stats":{"counters":[12,58],"Mummified Hand":[17],"Snecko Eye":[33,30,26,30],"Art of War":[0],"obtain_stats":[{"Potion Belt":0,"Mummified Hand":9,"Snecko Eye":17,"Vajra":19,"Art of War":7,"Ring of the Snake":0},{"Potion Belt":0,"Mummified Hand":4,"Snecko Eye":8,"Vajra":9,"Art of War":4,"Ring of the Snake":0},{"Potion Belt":0,"Mummified Hand":19,"Snecko Eye":42,"Vajra":48,"Art of War":19,"Ring of the Snake":0}],"Ring of the Snake":[24]},"card_choices":[{"not_picked":["Quick Slash","Cloak And Dagger"],"picked":"Underhanded Strike","floor":1.0},{"not_picked":["Terror","Backflip"],"picked":"Dagger Throw","floor":2.0},{"not_picked":["Prepared","Dodge and Roll"],"picked":"Dagger Spray","floor":5.0},{"not_picked":["Sucker Punch","Deflect"],"picked":"Footwork","floor":7.0},{"not_picked":["Blade Dance","Bane"],"picked":"Catalyst","floor":10.0},{"not_picked":["Slice","Leg Sweep"],"picked":"Glass Knife","floor":11.0},{"not_picked":["Blade Dance","Acrobatics"],"picked":"Flying Knee","floor":14},{"not_picked":["Grand Finale","Burst"],"picked":"After Image","floor":16},{"not_picked":["Outmaneuver","Prepared","Sucker Punch"],"picked":"SKIP","floor":18},{"not_picked":["Prepared","Sucker Punch"],"picked":"Deadly Poison","floor":22},{"not_picked":["Finisher+1","Underhanded Strike"],"picked":"Deadly Poison","floor":24}],"player_experience":2395825,"relics_obtained":[{"floor":7.0,"key":"Art of War"},{"floor":9.0,"key":"Mummified Hand"}],"event_choices":[{"damage_healed":0.0,"max_hp_gain":0.0,"max_hp_loss":0.0,"gold_gain":75.0,"event_name":"World of Goop","player_choice":"Gather Gold","floor":4.0,"gold_loss":0.0,"damage_taken":11.0},{"damage_healed":0.0,"max_hp_gain":0.0,"max_hp_loss":0.0,"gold_gain":0.0,"event_name":"Shining Light","player_choice":"Ignored","floor":8.0,"gold_loss":0.0,"damage_taken":0.0},{"damage_healed":0.0,"max_hp_gain":0.0,"max_hp_loss":0.0,"gold_gain":0.0,"event_name":"Lab","player_choice":"Got Potions","floor":12.0,"gold_loss":0.0,"damage_taken":0.0},{"damage_healed":0,"gold_gain":0,"player_choice":"Obtained Relic","damage_taken":0,"relics_obtained":["Vajra"],"max_hp_gain":0,"max_hp_loss":0,"event_name":"Addict","floor":19,"gold_loss":85},{"damage_healed":0,"gold_gain":0,"player_choice":"Became a vampire","damage_taken":0,"max_hp_gain":0,"max_hp_loss":20,"event_name":"Vampires","floor":20,"gold_loss":0,"cards_obtained":["Bite","Bite","Bite","Bite","Bite"]},{"damage_healed":0,"gold_gain":0,"player_choice":"Upgraded","damage_taken":0,"max_hp_gain":0,"max_hp_loss":0,"event_name":"Upgrade Shrine","floor":21,"gold_loss":0,"cards_upgraded":["Footwork"]}],"is_beta":false,"boss_relics":[{"not_picked":["Coffee Dripper","SlaversCollar"],"picked":"Snecko Eye"}],"items_purged_floors":[],"is_endless":false,"potions_floor_spawned":[2,14,16],"killed_by":"Slavers","ascension_level":20}}