{"host":"f3z6b7et39j90srs","time":1608387458,"event":{"mods":["BaseMod","Googly Eyes","Minty Spire (QoL Compilation)","StSLib","The Servant 0.9.4","UnlockEverythingMod"],"gold_per_floor":[110,110,110,35,51,91,109,59,59,74,74,97,115,142,142,263,263,287,301,44,44,69,69,85,121,147,147,165,165,185,227,227,347,347,363,129,144,162,183,183,231,84,84,84,100,116,151,172,172,172,172,172,67,110,110,110],"floor_reached":55,"playtime":3026,"items_purged":["Defend_P","Strike_P","Strike_P","Vigilance","Defend_P"],"score":1411,"play_id":"fff0642e-7bb7-4725-ae6a-2758683393d7","local_time":"20201219221738","is_ascension_mode":true,"campfire_choices":[{"data":"Eruption","floor":11.0,"key":"SMITH"},{"data":"EmptyMind","floor":15.0,"key":"SMITH"},{"data":"Adaptation","floor":23.0,"key":"SMITH"},{"data":"Adaptation","floor":29.0,"key":"SMITH"},{"data":"Vault","floor":32.0,"key":"SMITH"},{"floor":40,"key":"REST"},{"data":"SignatureMove","floor":44,"key":"SMITH"},{"floor":49,"key":"RECALL"},{"data":"FlurryOfBlows","floor":52,"key":"SMITH"}],"circlet_count":0,"master_deck":["Defend_P+1","Eruption+1","EmptyMind+1","FearNoEvil","SignatureMove+1","Sanctity","Scrawl+1","Adaptation+1","BowlingBash","Adaptation+1","Vault+1","FlurryOfBlows+1","Wallop","InnerPeace+1","FlurryOfBlows","Collect+1"],"relics":["PureWater","NeowsBlessing","Golden Idol","StrikeDummy","Anchor","Empty Cage","DollysMirror","Shuriken","CeramicFish","Lantern","MutagenicStrength","Mummified Hand","SlaversCollar","Membership Card","Calipers","War Paint","Akabeko","Damaru","Art of War"],"acts_visited":["Exordium","TheCity","TheBeyond","TheEnding"],"potions_floor_usage":[55,55,55],"damage_taken":[{"damage":0.0,"enemies":"2 Louse","floor":1.0,"turns":2.0},{"damage":0.0,"enemies":"Jaw Worm","floor":5.0,"turns":1.0},{"damage":0.0,"enemies":"Lagavulin","floor":6.0,"turns":1.0},{"damage":0.0,"enemies":"Cultist","floor":7.0,"turns":2.0},{"damage":0.0,"enemies":"Lots of Slimes","floor":10.0,"turns":3.0},{"damage":0.0,"enemies":"Large Slime","floor":12.0,"turns":2.0},{"damage":0.0,"enemies":"3 Louse","floor":13.0,"turns":1.0},{"damage":18.0,"enemies":"Hexaghost","floor":16.0,"turns":6.0},{"damage":1.0,"enemies":"Chosen","floor":18.0,"turns":4.0},{"damage":0.0,"enemies":"3 Byrds","floor":19.0,"turns":3.0},{"damage":2.0,"enemies":"Cultist and Chosen","floor":22.0,"turns":3.0},{"damage":1.0,"enemies":"Centurion and Healer","floor":24.0,"turns":3.0},{"damage":0.0,"enemies":"Book of Stabbing","floor":25.0,"turns":2.0},{"damage":0.0,"enemies":"Snake Plant","floor":28.0,"turns":1.0},{"damage":6.0,"enemies":"3 Cultists","floor":30.0,"turns":3.0},{"damage":9.0,"enemies":"Gremlin Leader","floor":31.0,"turns":5.0},{"damage":0.0,"enemies":"Collector","floor":33.0,"turns":3.0},{"damage":13.0,"enemies":"3 Darklings","floor":35.0,"turns":3.0},{"damage":0.0,"enemies":"3 Shapes","floor":37.0,"turns":3.0},{"damage":8.0,"enemies":"Maw","floor":38.0,"turns":5.0},{"damage":0,"enemies":"Spire Growth","floor":39,"turns":4},{"damage":0,"enemies":"Reptomancer","floor":41,"turns":2},{"damage":0,"enemies":"Transient","floor":45,"turns":6},{"damage":0,"enemies":"3 Darklings","floor":46,"turns":2},{"damage":0,"enemies":"Nemesis","floor":47,"turns":1},{"damage":2,"enemies":"4 Shapes","floor":48,"turns":1},{"damage":0,"enemies":"Donu and Deca","floor":50,"turns":4},{"damage":0,"enemies":"Shield and Spear","floor":54,"turns":3},{"damage":44,"enemies":"The Heart","floor":55,"turns":4}],"seed_played":"6473697867888447132","potions_obtained":[{"floor":1.0,"key":"Dexterity Potion"},{"floor":12.0,"key":"Block Potion"},{"floor":16.0,"key":"Block Potion"},{"floor":19.0,"key":"SpeedPotion"},{"floor":24.0,"key":"Ancient Potion"},{"floor":38.0,"key":"LiquidBronze"},{"floor":39,"key":"CultistPotion"}],"is_trial":false,"path_per_floor":["M","?","?","$","M","E","M","?","T","M","R","M","M","T","R","B",null,"M","M","$","T","M","R","M","E","T","?","M","R","M","E","R","B",null,"M","$","M","M","M","R","E","$","T","R","M","M","E","M","R","B",null,"R","$","E","B"],"character_chosen":"WATCHER","items_purchased":["DollysMirror","Membership Card","FlurryOfBlows","Wallop","War Paint","FlurryOfBlows"],"campfire_rested":1,"item_purchase_floors":[20,36,36,36,42,53],"current_hp_per_floor":[65,65,47,47,47,47,47,47,47,47,47,47,47,47,47,29,61,60,60,60,60,58,58,57,57,57,57,57,57,51,42,42,42,65,52,52,52,44,44,65,65,65,65,65,65,65,65,63,63,63,70,70,70,70,26,26],"gold":110,"neow_bonus":"THREE_ENEMY_KILL","is_daily":false,"chose_seed":false,"campfire_upgraded":7,"win_rate":0.0,"timestamp":1608387458,"path_taken":["M","?","?","$","M","E","M","?","T","?","R","M","M","?","R","BOSS","M","?","$","?","M","R","M","E","T","?","M","R","M","E","R","BOSS","M","$","M","M","M","R","E","$","T","R","M","M","E","M","R","BOSS","R","$","E","BOSS"],"items_purchased_type":["Relic","Relic","Card","Card","Relic","Card"],"build_version":"2020-12-13","purchased_purges":5,"victory":false,"max_hp_per_floor":[72,72,72,72,72,72,72,72,72,72,72,72,72,72,72,72,72,72,72,72,72,72,72,72,72,72,72,72,72,72,72,72,72,72,72,72,72,72,72,72,72,72,72,72,72,72,72,72,72,72,72,72,72,72,72,72],"card_choices":[{"not_picked":["WreathOfFlame","EmptyBody"],"picked":"EmptyMind","floor":1.0},{"not_picked":["FlyingSleeves","Wireheading","SashWhip"],"picked":"SKIP","floor":5.0},{"not_picked":["DeceiveReality","EmptyFist"],"picked":"FearNoEvil","floor":6.0},{"not_picked":["Weave","Protect","PathToVictory"],"picked":"SKIP","floor":7.0},{"not_picked":["EmptyFist","FollowUp"],"picked":"SignatureMove","floor":10.0},{"not_picked":["Wireheading","JustLucky"],"picked":"Sanctity","floor":12.0},{"not_picked":["Vengeance","Consecrate","ConjureBlade"],"picked":"SKIP","floor":13.0},{"not_picked":["Judgement","Ragnarok"],"picked":"Scrawl","floor":16.0},{"not_picked":["MentalFortress","EmptyFist"],"picked":"Adaptation","floor":18.0},{"not_picked":["JustLucky+1","Crescendo"],"picked":"BowlingBash","floor":19.0},{"not_picked":["CutThroughFate","Study","MentalFortress"],"picked":"SKIP","floor":22.0},{"not_picked":["Evaluate","CrushJoints+1","Meditate"],"picked":"SKIP","floor":24.0},{"not_picked":["PathToVictory","Consecrate","FlyingSleeves"],"picked":"SKIP","floor":25.0},{"not_picked":["CutThroughFate","Crescendo","ForeignInfluence"],"picked":"SKIP","floor":28.0},{"not_picked":["ForeignInfluence","SashWhip","JustLucky"],"picked":"SKIP","floor":30.0},{"not_picked":["SignatureMove","Wireheading+1"],"picked":"Vault","floor":31.0},{"not_picked":["Nirvana","FlyingSleeves+1","PathToVictory"],"picked":"SKIP","floor":35.0},{"not_picked":["DeceiveReality+1","Swivel","Worship"],"picked":"SKIP","floor":37.0},{"not_picked":["JustLucky+1","Prostrate+1","Protect+1"],"picked":"SKIP","floor":38.0},{"not_picked":["Prostrate+1","Study+1","Perseverance"],"picked":"SKIP","floor":39},{"not_picked":["Evaluate","Crescendo+1"],"picked":"InnerPeace+1","floor":41},{"not_picked":["Worship+1","InnerPeace","Weave+1"],"picked":"SKIP","floor":45},{"not_picked":["Vengeance","EmptyFist","BattleHymn+1"],"picked":"SKIP","floor":46},{"not_picked":["CutThroughFate","SpiritShield","CrushJoints+1"],"picked":"SKIP","floor":47},{"not_picked":["ForeignInfluence","Weave+1","WindmillStrike+1"],"picked":"SKIP","floor":48},{"not_picked":["Consecrate","Evaluate"],"picked":"Collect+1","floor":54}],"player_experience":34857,"relics_obtained":[{"floor":6.0,"key":"StrikeDummy"},{"floor":9.0,"key":"Anchor"},{"floor":21.0,"key":"Shuriken"},{"floor":25.0,"key":"CeramicFish"},{"floor":26.0,"key":"Lantern"},{"floor":31.0,"key":"Mummified Hand"},{"floor":41,"key":"Calipers"},{"floor":43,"key":"Akabeko"},{"floor":47,"key":"Damaru"},{"floor":54,"key":"Art of War"}],"event_choices":[{"damage_healed":0.0,"max_hp_gain":0.0,"max_hp_loss":0.0,"gold_gain":0.0,"event_name":"Shining Light","player_choice":"Ignored","floor":2.0,"gold_loss":0.0,"damage_taken":0.0},{"damage_healed":0.0,"max_hp_gain":0.0,"max_hp_loss":0.0,"gold_gain":0.0,"event_name":"Golden Idol","player_choice":"Take Damage","floor":3.0,"gold_loss":0.0,"damage_taken":18.0,"relics_obtained":["Golden Idol"]},{"cards_removed":["Defend_P"],"damage_healed":0.0,"max_hp_gain":0.0,"max_hp_loss":0.0,"gold_gain":0.0,"event_name":"The Cleric","player_choice":"Card Removal","floor":8.0,"gold_loss":50.0,"damage_taken":0.0},{"damage_healed":0.0,"max_hp_gain":0.0,"max_hp_loss":0.0,"gold_gain":0.0,"event_name":"Drug Dealer","player_choice":"Inject Mutagens","floor":27.0,"gold_loss":0.0,"damage_taken":0.0,"relics_obtained":["MutagenicStrength"]}],"is_beta":false,"boss_relics":[{"not_picked":["Coffee Dripper","Ectoplasm"],"picked":"Empty Cage"},{"not_picked":["SacredBark","Runic Pyramid"],"picked":"SlaversCollar"}],"items_purged_floors":[4,20,36,42,53],"is_endless":false,"potions_floor_spawned":[1,12,16,19,24,25,33,38,39,45,46,48],"killed_by":"The Heart","ascension_level":9}}