{"host":"3jpwrwmmgyabjceh","time":1608404642,"event":{"mods":["AchievementEnabler","BaseMod","Colored Map","Colored Powertips","Highlight Path","Minty Spire (QoL Compilation)","StSLib"],"gold_per_floor":[117,132,307,87,104,104,134,134,134,134,153,153,103,118,118,220,220,233,173,187,16,16,16,32,49,75,100,100,100,100],"floor_reached":29,"playtime":1049,"items_purged":["Doubt"],"score":279,"play_id":"0fc66e16-7eaf-4938-8055-332cd31629c6","local_time":"20201219220402","is_ascension_mode":true,"campfire_choices":[{"data":"Echo Form","floor":6,"key":"SMITH"},{"data":"Zap","floor":10,"key":"SMITH"},{"data":"Dualcast","floor":12,"key":"SMITH"},{"data":"Auto Shields","floor":15,"key":"SMITH"},{"floor":23,"key":"REST"}],"circlet_count":0,"master_deck":["Strike_B","Defend_B","Defend_B","Defend_B","Defend_B","Zap+1","Dualcast+1","Leap","Gash+1","FTL","Echo Form+1","Streamline","Rebound","Scrape","Auto Shields+1","Regret","Streamline","Ball Lightning","Seek","Sweeping Beam+1","Beam Cell","Compile Driver","Scrape+1","Violence","Coolheaded","Stack","Necronomicurse"],"relics":["Cracked Core","Orrery","Bottled Lightning","Vajra","Meat on the Bone","Nuclear Battery","Du-Vu Doll","Whetstone","Regal Pillow","Necronomicon"],"acts_visited":["Exordium","TheCity"],"potions_floor_usage":[11,16,18,25,27],"damage_taken":[{"damage":2,"enemies":"Jaw Worm","floor":1,"turns":4},{"damage":2,"enemies":"2 Louse","floor":2,"turns":2},{"damage":0,"enemies":"Small Slimes","floor":5,"turns":2},{"damage":9,"enemies":"Gremlin Nob","floor":7,"turns":4},{"damage":12,"enemies":"Exordium Wildlife","floor":11,"turns":3},{"damage":7,"enemies":"Lots of Slimes","floor":14,"turns":4},{"damage":24,"enemies":"Hexaghost","floor":16,"turns":6},{"damage":13,"enemies":"3 Byrds","floor":18,"turns":4},{"damage":14,"enemies":"Chosen","floor":20,"turns":2},{"damage":2,"enemies":"3 Cultists","floor":24,"turns":5},{"damage":4,"enemies":"Centurion and Healer","floor":25,"turns":5},{"damage":24,"enemies":"Slavers","floor":27,"turns":3},{"damage":33,"enemies":"Gremlin Leader","floor":29,"turns":4}],"seed_played":"-5201843287194622013","potions_obtained":[{"floor":7,"key":"Fire Potion"},{"floor":11,"key":"EssenceOfDarkness"},{"floor":14,"key":"Explosive Potion"},{"floor":20,"key":"Block Potion"},{"floor":25,"key":"SneckoOil"}],"is_trial":false,"path_per_floor":["M","M","?","$","M","R","E","?","T","R","M","R","?","M","R","B",null,"M","?","M","$","?","R","M","M","T","E","?","E"],"character_chosen":"DEFECT","items_purchased":["Orrery","Violence"],"campfire_rested":1,"item_purchase_floors":[4,21],"current_hp_per_floor":[73,71,71,71,71,71,62,62,62,62,50,50,50,43,43,31,75,62,62,48,48,48,70,68,64,64,40,24,0,0],"gold":100,"neow_bonus":"THREE_CARDS","is_daily":false,"chose_seed":false,"campfire_upgraded":4,"win_rate":0.0,"timestamp":1608404642,"path_taken":["M","M","?","$","M","R","E","?","T","R","M","R","?","M","R","BOSS","M","?","?","$","?","R","?","M","T","E","?","E"],"items_purchased_type":["Relic","Card"],"build_version":"2020-12-13","purchased_purges":1,"victory":false,"max_hp_per_floor":[75,75,75,75,75,75,75,75,75,75,75,75,75,75,75,75,75,75,75,75,75,75,75,75,75,75,75,75,75,75],"card_choices":[{"not_picked":["Steam","Stack"],"picked":"Leap","floor":0},{"not_picked":["Compile Driver","Steam"],"picked":"Gash","floor":1},{"not_picked":["Steam","Melter"],"picked":"FTL","floor":2},{"not_picked":["FTL","Turbo"],"picked":"Echo Form","floor":4},{"not_picked":["Tempest","Lockon"],"picked":"Streamline","floor":4},{"not_picked":["Recycle","Turbo"],"picked":"Rebound","floor":4},{"not_picked":["Barrage","Compile Driver"],"picked":"Rebound","floor":4},{"not_picked":["Coolheaded","Steam"],"picked":"Scrape","floor":4},{"not_picked":["Consume","Compile Driver"],"picked":"Auto Shields","floor":5},{"not_picked":["Loop","Compile Driver","Lockon"],"picked":"SKIP","floor":7},{"not_picked":["Meteor Strike","Rebound"],"picked":"Streamline","floor":11},{"not_picked":["Static Discharge","Hello World"],"picked":"Ball Lightning","floor":14},{"not_picked":["Echo Form","Hyperbeam"],"picked":"Seek","floor":16},{"not_picked":["Rebound","Blizzard"],"picked":"Sweeping Beam+1","floor":18},{"not_picked":["Genetic Algorithm","Cold Snap"],"picked":"Scrape","floor":20},{"not_picked":["Glacier","Loop","Lockon+1"],"picked":"SKIP","floor":24},{"not_picked":["Leap","Ball Lightning"],"picked":"Coolheaded","floor":25},{"not_picked":["Static Discharge","Rainbow"],"picked":"Stack","floor":27}],"player_experience":228168,"relics_obtained":[{"floor":7,"key":"Bottled Lightning"},{"floor":9,"key":"Meat on the Bone"},{"floor":26,"key":"Whetstone"},{"floor":27,"key":"Regal Pillow"},{"floor":28,"key":"Necronomicon"}],"event_choices":[{"damage_healed":0,"gold_gain":175,"player_choice":"AGREE","damage_taken":0,"max_hp_gain":0,"max_hp_loss":0,"event_name":"Liars Game","floor":3,"gold_loss":0,"cards_obtained":["Doubt"]},{"damage_healed":0,"gold_gain":0,"player_choice":"Box","damage_taken":0,"relics_obtained":["Vajra"],"max_hp_gain":0,"max_hp_loss":0,"event_name":"Big Fish","floor":8,"gold_loss":0,"cards_obtained":["Regret"]},{"cards_removed":["Strike_B"],"damage_healed":0,"gold_gain":0,"player_choice":"Card Removal","damage_taken":0,"max_hp_gain":0,"max_hp_loss":0,"event_name":"The Cleric","floor":13,"gold_loss":50},{"damage_healed":0,"gold_gain":0,"cards_transformed":["Strike_B","Strike_B"],"player_choice":"Transformed Cards","damage_taken":0,"max_hp_gain":0,"max_hp_loss":0,"event_name":"Designer","floor":19,"gold_loss":60,"cards_obtained":["Beam Cell","Compile Driver"]},{"cards_removed":["Rebound"],"damage_healed":0,"gold_gain":0,"player_choice":"Gave Card","damage_taken":0,"relics_obtained":["Du-Vu Doll"],"max_hp_gain":0,"max_hp_loss":0,"event_name":"WeMeetAgain","floor":22,"gold_loss":0},{"damage_healed":0,"gold_gain":0,"player_choice":"Obtained Book","damage_taken":16,"max_hp_gain":0,"max_hp_loss":0,"event_name":"Cursed Tome","floor":28,"gold_loss":0}],"is_beta":false,"boss_relics":[{"not_picked":["SlaversCollar","Philosopher\u0027s Stone"],"picked":"Nuclear Battery"}],"items_purged_floors":[4],"is_endless":false,"potions_floor_spawned":[7,11,14,20,25],"killed_by":"Gremlin Leader","ascension_level":3}}