{"host":"pew4fjlaqz7m1maf","time":1608383087,"event":{"mods":["AchievementEnabler","Act Like it!","Bartender","BaseMod","Bestiary","Colored Map","Colored Powertips","DeckTracker","Duelist Mod","GifTheSpireLib","Hallownest","Hero for Fun","Hyrulean Relics","Jedi Mod","Kalas","LagranYue(ùfäiòNÅEåé)","Magitek Elite","MarisaÅiñ∂âJÅ@ñÇóùçπÅj","Minty Spire (QoL Compilation)","Prisma Mod","Quick Restart","Random Character Button","Rare Cards Sparkle","Relic Stats","Replay The Spire","SOSÅiézîb?îVéqÅj","StSLib","Td1madao Mod","The Alterego","The Animator","The Bug Knight","The Forsaken","The Mystic","The Senshi","The Servant 0.9.4","The Wild Card","TheHero","TheVelvet","Åyå˜î\ModÅz?ñæìIç≈?Boss"],"gold_per_floor":[14,33,33,53,53,53,88,101,154,187,202,54,89,109,109,212,212,227,237,252,274,293,323,323,342,420,453,465,489,514,530,530,628,628,654,654,680,500,684,721,721,754,781,820,300,339,359,385,482,582,582,582,43,73,75],"floor_reached":56,"playtime":2520,"items_purged":["Defend_Y","Defend_Y"],"score":2095,"play_id":"0ea67fa2-e168-44d3-aebc-d48d0b535e1d","local_time":"20201219060447","is_ascension_mode":true,"campfire_choices":[{"floor":6,"key":"RECALL"},{"data":"Serious_Punch","floor":15,"key":"SMITH"},{"data":"Oh","floor":24,"key":"SMITH"},{"data":"Serious_Punch","floor":32,"key":"SMITH"},{"floor":52,"key":"REST"}],"circlet_count":0,"master_deck":["Strike_Y","Strike_Y","Strike_Y","Strike_Y","Strike_Y","Defend_Y","Defend_Y","Defend_Y","Slap","Toss_Stone","Serious_Punch+1","Normal_Punch","Consecutive_Normal_Punch","Toss_Stone","Toss_Stone","Serious_Side_Hops+1","Yawn","Side_Hop","Terrifying_Presence","Do_Nothing+1","Slap","Wear_Disguise+1","Consecutive_Normal_Punch+1","Normal_Punch+1","Oh+1","Hop","Serious_Punch+1","Slap","Consecutive_Normal_Punch+1","Slap","Slap+1","Serious_Punch","Consecutive_Normal_Punch","Slap+1","Hip_Strike","Slap+1","Toss_Stone","Slap+1","Serious_Punch","Slap+1","Toss_Stone+1","Slap"],"relics":["LagranYue:RandomDrawCardRelic","theForsaken:PaleLantern","Quantum Egg","Blood Vial","Unceasing Top","jedi:HeartOfTheCards","Black Star","ReplayTheSpireMod:Shallot","ReplayFunnel","Replay:Ringing Soul","Onion Ring","HornCleat","Replay:Bandana","Centennial Puzzle","Replay:Bronze Core","ReplayTheSpireMod:Onyx Gauntlets","Hallownest:StagBellRelic1","Hallownest:GodTamersBeastRelic","jedi:gremlinknob","Gremlin Horn","jedi:firstaidkit","Juzu Bracelet","Gremlin Food","Bird Faced Urn","Replay:Mystery Machine","MealTicket","LagranYue:NewUniverseRelic","Orichalcum","HollowMod:StagPassRelic","LagranYue:MagicReflectiveArmorRelic","Bag of Marbles","OrangePellets","Cleaning_Rag","Happy Flower"],"acts_visited":["Exordium","Exordium","Hallownest:CityofTears","TheEnding"],"potions_floor_usage":[30],"damage_taken":[{"damage":0,"enemies":"2 Louse","floor":1,"turns":1},{"damage":0,"enemies":"Cultist","floor":2,"turns":1},{"damage":0,"enemies":"Small Slimes","floor":4,"turns":1},{"damage":0,"enemies":"3 Sentries","floor":7,"turns":1},{"damage":0,"enemies":"3 Louse","floor":8,"turns":2},{"damage":0,"enemies":"HollowMod:MossKnight","floor":10,"turns":1},{"damage":0,"enemies":"Large Slime","floor":11,"turns":1},{"damage":0,"enemies":"3 Sentries","floor":13,"turns":2},{"damage":0,"enemies":"2 Fungi Beasts","floor":14,"turns":1},{"damage":0,"enemies":"The Guardian","floor":16,"turns":1},{"damage":0,"enemies":"Hallownest:3_Youths","floor":18,"turns":2},{"damage":0,"enemies":"Hallownest:Flukemon_and_Top","floor":19,"turns":2},{"damage":0,"enemies":"Hallownest:3_Mistakes","floor":20,"turns":1},{"damage":0,"enemies":"Hallownest:Glutton_and_Coward","floor":21,"turns":1},{"damage":0,"enemies":"Hallownest:Master_and_Novice","floor":22,"turns":1},{"damage":0,"enemies":"Hallownest:eliteWatcherKnight","floor":23,"turns":6},{"damage":0,"enemies":"Hallownest:Warrior_and_Youth","floor":25,"turns":1},{"damage":0,"enemies":"Hallownest:Nosk","floor":27,"turns":1},{"damage":0,"enemies":"Hallownest:monsterMisterMushroom","floor":28,"turns":1},{"damage":0,"enemies":"Hallownest:Glutton_and_Coward","floor":29,"turns":1},{"damage":0,"enemies":"Hallownest:eliteWatcherKnight","floor":30,"turns":5},{"damage":0,"enemies":"Hallownest:Master_and_Novice","floor":31,"turns":1},{"damage":0,"enemies":"Hallownest:BossSoulMaster","floor":33,"turns":1},{"damage":0,"enemies":"Hallownest:2_Littles","floor":35,"turns":2},{"damage":0,"enemies":"Hallownest:Shield_Heavy","floor":37,"turns":1},{"damage":0,"enemies":"Hallownest:Shield_Heavy","floor":39,"turns":2},{"damage":0,"enemies":"Hallownest:Shield_Heavy","floor":39,"turns":1},{"damage":0,"enemies":"Hallownest:Shield_Heavy","floor":39,"turns":1},{"damage":0,"enemies":"Hallownest:Shield_Heavy","floor":39,"turns":1},{"damage":0,"enemies":"Hallownest:eliteCollector","floor":40,"turns":1},{"damage":0,"enemies":"Hallownest:eliteHiveKnight","floor":42,"turns":1},{"damage":0,"enemies":"Hallownest:StalkingDevout","floor":44,"turns":1},{"damage":0,"enemies":"Hallownest:eliteHiveKnight","floor":46,"turns":1},{"damage":0,"enemies":"Hallownest:Shield_Sturdy","floor":47,"turns":1},{"damage":0,"enemies":"Hallownest:2_Soldiers_and_1_Guardian","floor":48,"turns":1},{"damage":0,"enemies":"Hallownest:Radiance","floor":50,"turns":1},{"damage":0,"enemies":"Shield and Spear","floor":54,"turns":1},{"damage":0,"enemies":"The Heart","floor":55,"turns":1}],"seed_played":"6009816922305669513","potions_obtained":[{"floor":1,"key":"AttackPotion"},{"floor":2,"key":"FearPotion"},{"floor":8,"key":"Reflective Coating"},{"floor":11,"key":"BlessingOfTheForge"},{"floor":18,"key":"Energy Potion"},{"floor":30,"key":"SkillPotion"},{"floor":50,"key":"Doom Potion"}],"is_trial":false,"path_per_floor":["M","M","?","M","$","R","E","M","T","E","M","$","E","M","R","B",null,"M","M","M","M","M","E","R","M","T","E","M","M","E","M","R","B",null,"M","?","M","?","?","E","?","E","T","E","$","E","M","M","R_BF","B",null,"R","$","E","B",null],"character_chosen":"OPM","items_purchased":["Serious_Side_Hops","MealTicket","LagranYue:NewUniverseRelic","Orichalcum","Bag of Marbles","OrangePellets","Slap","Toss_Stone"],"campfire_rested":1,"item_purchase_floors":[12,45,45,45,53,53,53,53],"current_hp_per_floor":[999,999,999,999,999,999,999,999,999,999,999,999,999,999,999,999,999,999,999,999,999,999,999,999,999,999,1002,1005,1008,1011,1014,1014,1017,1017,1020,765,768,768,768,771,771,774,774,777,777,777,780,780,780,783,783,783,786,789,789],"gold":75,"neow_bonus":"BOSS_RELIC","is_daily":false,"chose_seed":false,"campfire_upgraded":3,"win_rate":0.0,"timestamp":1608383087,"path_taken":["M","M","?","M","$","R","E","M","T","E","?","$","E","M","R","BOSS","M","M","M","M","M","E","R","?","T","E","M","M","E","M","R","BOSS","M","?","?","?","?","E","?","E","T","E","$","E","M","M","R_BF","BOSS","R","$","E","BOSS"],"items_purchased_type":["Card","Relic","Relic","Relic","Relic","Relic","Card","Card"],"build_version":"2020-12-13","purchased_purges":2,"victory":true,"max_hp_per_floor":[999,999,999,999,999,999,999,999,999,999,999,999,999,999,999,999,999,999,999,999,999,999,999,999,999,999,1002,1005,1008,1011,1014,1014,1017,1017,1020,765,768,768,768,771,771,774,774,777,777,777,780,780,780,783,783,783,786,789,789],"relic_stats":{"Gremlin Horn":[14,14],"Happy Flower":[0],"counters":[38,53],"Juzu Bracelet":0,"Orichalcum":[6],"Blood Vial":0,"OrangePellets":[0],"Centennial Puzzle":[0],"Bird Faced Urn":[0],"MealTicket":0,"Black Star":8,"obtain_stats":[{"ReplayFunnel":23,"Hallownest:StagBellRelic1":38,"LagranYue:RandomDrawCardRelic":0,"Gremlin Horn":40,"jedi:command_boss":36,"Juzu Bracelet":42,"Replay:Mystery Machine":44,"Hallownest:GodTamersBeastRelic":39,"HollowMod:StagPassRelic":46,"LagranYue:MagicReflectiveArmorRelic":46,"Cleaning_Rag":54,"Blood Vial":7,"Replay:Ringing Soul":26,"Replay:Bandana":30,"Centennial Puzzle":30,"HornCleat":27,"jedi:firstaidkit":42,"Replay:Bronze Core":34,"MealTicket":45,"LagranYue:NewUniverseRelic":45,"Gremlin Food":43,"Happy Flower":54,"Quantum Egg":3,"jedi:gremlinknob":40,"theForsaken:PaleLantern":0,"Cape":0,"Orichalcum":45,"jedi:HeartOfTheCards":13,"OrangePellets":53,"ReplayTheSpireMod:Shallot":23,"Bird Faced Urn":44,"Onion Ring":27,"Black Star":17,"Bag of Marbles":53,"ReplayTheSpireMod:Onyx Gauntlets":36,"Unceasing Top":10},{"ReplayFunnel":16,"Hallownest:StagBellRelic1":25,"LagranYue:RandomDrawCardRelic":0,"Gremlin Horn":30,"jedi:command_boss":24,"Juzu Bracelet":31,"Replay:Mystery Machine":32,"Hallownest:GodTamersBeastRelic":29,"HollowMod:StagPassRelic":33,"LagranYue:MagicReflectiveArmorRelic":33,"Cleaning_Rag":37,"Blood Vial":4,"Replay:Ringing Soul":17,"Replay:Bandana":21,"Centennial Puzzle":21,"HornCleat":18,"jedi:firstaidkit":31,"Replay:Bronze Core":23,"MealTicket":32,"LagranYue:NewUniverseRelic":32,"Gremlin Food":31,"Happy Flower":37,"Quantum Egg":2,"jedi:gremlinknob":30,"theForsaken:PaleLantern":0,"Cape":0,"Orichalcum":32,"jedi:HeartOfTheCards":8,"OrangePellets":36,"ReplayTheSpireMod:Shallot":16,"Bird Faced Urn":32,"Onion Ring":18,"Black Star":10,"Bag of Marbles":36,"ReplayTheSpireMod:Onyx Gauntlets":24,"Unceasing Top":6},{"ReplayFunnel":25,"Hallownest:StagBellRelic1":39,"LagranYue:RandomDrawCardRelic":0,"Gremlin Horn":45,"jedi:command_boss":38,"Juzu Bracelet":46,"Replay:Mystery Machine":47,"Hallownest:GodTamersBeastRelic":44,"HollowMod:StagPassRelic":48,"LagranYue:MagicReflectiveArmorRelic":48,"Cleaning_Rag":52,"Blood Vial":4,"Replay:Ringing Soul":26,"Replay:Bandana":34,"Centennial Puzzle":34,"HornCleat":27,"jedi:firstaidkit":46,"Replay:Bronze Core":36,"MealTicket":47,"LagranYue:NewUniverseRelic":47,"Gremlin Food":46,"Happy Flower":52,"Quantum Egg":2,"jedi:gremlinknob":45,"theForsaken:PaleLantern":0,"Cape":0,"Orichalcum":47,"jedi:HeartOfTheCards":10,"OrangePellets":51,"ReplayTheSpireMod:Shallot":25,"Bird Faced Urn":47,"Onion Ring":27,"Black Star":12,"Bag of Marbles":51,"ReplayTheSpireMod:Onyx Gauntlets":38,"Unceasing Top":7}],"Unceasing Top":[11]},"card_choices":[{"not_picked":["Do_Nothing","Normal_Punch"],"picked":"Slap","floor":1},{"not_picked":["Yawn","Ignore"],"picked":"Toss_Stone","floor":2},{"not_picked":["Toss_Stone","Do_Nothing"],"picked":"Serious_Punch","floor":4},{"not_picked":["Hop","Side_Hop"],"picked":"Normal_Punch","floor":7},{"not_picked":["Yawn","Do_Nothing"],"picked":"Consecutive_Normal_Punch","floor":8},{"not_picked":["Yawn","Ignore"],"picked":"Toss_Stone","floor":10},{"not_picked":["Normal_Punch","Hop"],"picked":"Toss_Stone","floor":11},{"not_picked":["Toss_Stone","Ignore"],"picked":"Yawn","floor":13},{"not_picked":["Ignore","Toss_Stone"],"picked":"Side_Hop","floor":14},{"not_picked":["Serious_Punch","Hip_Strike"],"picked":"Terrifying_Presence","floor":16},{"not_picked":["Slap","Yawn"],"picked":"Do_Nothing+1","floor":18},{"not_picked":["Do_Nothing+1","Yawn+1"],"picked":"Slap","floor":19},{"not_picked":["Ignore","Side_Hop"],"picked":"Wear_Disguise+1","floor":20},{"not_picked":["Yawn","Ignore"],"picked":"Consecutive_Normal_Punch+1","floor":21},{"not_picked":["Toss_Stone","Wear_Disguise"],"picked":"Normal_Punch+1","floor":22},{"not_picked":["Do_Nothing","Yawn"],"picked":"Oh","floor":23},{"not_picked":["Side_Hop","Ignore"],"picked":"Hop","floor":25},{"not_picked":["Ignore","Slap"],"picked":"Serious_Punch","floor":27},{"not_picked":["Yawn","Hop+1"],"picked":"Slap","floor":28},{"not_picked":["Toss_Stone","Wear_Disguise"],"picked":"Consecutive_Normal_Punch+1","floor":29},{"not_picked":["Ignore","Consecutive_Normal_Punch"],"picked":"Slap","floor":30},{"not_picked":["Ignore","Hop"],"picked":"Slap+1","floor":31},{"not_picked":["Terrifying_Presence","Serious_Side_Hops"],"picked":"Serious_Punch","floor":33},{"not_picked":["Ignore","Side_Hop+1"],"picked":"Consecutive_Normal_Punch","floor":35},{"not_picked":["Yawn","Wear_Disguise+1"],"picked":"Slap+1","floor":37},{"not_picked":["Ignore+1","Hop+1"],"picked":"Hip_Strike","floor":40},{"not_picked":["Side_Hop","Hop"],"picked":"Slap+1","floor":42},{"not_picked":["Ignore","Hop"],"picked":"Toss_Stone","floor":44},{"not_picked":["Yawn","Hop","Wear_Disguise+1"],"picked":"SKIP","floor":46},{"not_picked":["Consecutive_Normal_Punch+1","Yawn+1"],"picked":"Slap+1","floor":47},{"not_picked":["Yawn+1","Do_Nothing","Hop"],"picked":"SKIP","floor":48},{"not_picked":["Serious_Side_Hops","Terrifying_Presence"],"picked":"Serious_Punch","floor":50},{"not_picked":["Toss_Stone+1","Wear_Disguise"],"picked":"Slap","floor":54}],"player_experience":44780,"relics_obtained":[{"floor":7,"key":"Blood Vial"},{"floor":10,"key":"Unceasing Top"},{"floor":13,"key":"jedi:HeartOfTheCards"},{"floor":23,"key":"ReplayTheSpireMod:Shallot"},{"floor":23,"key":"ReplayFunnel"},{"floor":26,"key":"Replay:Ringing Soul"},{"floor":27,"key":"Onion Ring"},{"floor":27,"key":"HornCleat"},{"floor":30,"key":"Replay:Bandana"},{"floor":30,"key":"Centennial Puzzle"},{"floor":40,"key":"jedi:gremlinknob"},{"floor":40,"key":"Gremlin Horn"},{"floor":42,"key":"jedi:firstaidkit"},{"floor":42,"key":"Juzu Bracelet"},{"floor":43,"key":"Gremlin Food"},{"floor":44,"key":"Bird Faced Urn"},{"floor":44,"key":"Replay:Mystery Machine"},{"floor":46,"key":"HollowMod:StagPassRelic"},{"floor":46,"key":"LagranYue:MagicReflectiveArmorRelic"},{"floor":54,"key":"Cleaning_Rag"},{"floor":54,"key":"Happy Flower"}],"event_choices":[{"damage_healed":0,"gold_gain":0,"player_choice":"Gave Potion","damage_taken":0,"relics_obtained":["Quantum Egg"],"max_hp_gain":0,"max_hp_loss":0,"event_name":"WeMeetAgain","floor":3,"gold_loss":0}],"is_beta":false,"boss_relics":[{"not_picked":["jedi:battlestandard","LagranYue:ContractPerformanceRelic"],"picked":"Black Star"},{"not_picked":["Honey Jar","SacredBark"],"picked":"Replay:Bronze Core"}],"items_purged_floors":[45,53],"is_endless":false,"potions_floor_spawned":[1,2,8,11,18,22,23,27,29,30,31,33,39,39,39,48,50],"ascension_level":1}}