{"host":"8u7tvcybuv0u72fd","time":1608356741,"event":{"mods":["BaseMod","BetterRewards","Colored Map","Colored Powertips","Minty Spire (QoL Compilation)","Quick Restart","Shop Mod"],"gold_per_floor":[115,125,137,137,137,137,148,148,229,241,275,350,369,397,397,505,505,522,522,532,63,88,88,88,88,178,9,18,29,54,69,69,183,183,202,227,256,216,236,236,257,257,257,276,295,295,295,317,317,317,317,317,51,86,86,86],"floor_reached":55,"playtime":3517,"items_purged":["Strike_R","Clumsy"],"score":878,"play_id":"f086f3f3-f1a5-44e0-8c3f-cbf5531e1d20","local_time":"20201219004541","is_ascension_mode":false,"campfire_choices":[{"data":"Shrug It Off","floor":6.0,"key":"SMITH"},{"floor":8.0,"key":"RECALL"},{"floor":15.0,"key":"REST"},{"data":"Juggernaut","floor":23.0,"key":"SMITH"},{"data":"Clash","floor":25.0,"key":"SMITH"},{"data":"Body Slam","floor":32.0,"key":"SMITH"},{"data":"Rage","floor":40.0,"key":"SMITH"},{"data":"Offering","floor":42.0,"key":"SMITH"},{"data":"Defend_R","floor":46.0,"key":"SMITH"},{"data":"Heavy Blade","floor":49.0,"key":"SMITH"},{"data":"Defend_R","floor":52.0,"key":"SMITH"}],"circlet_count":0,"master_deck":["Strike_R","Strike_R","Strike_R","Defend_R+1","Defend_R+1","Defend_R+1","Defend_R+1","Bash+1","Shrug It Off+1","Headbutt","Juggernaut+1","Clash+1","Rampage+1","Rage+1","Body Slam+1","Offering+1","True Grit+1","Dropkick+1","Iron Wave+1","Clothesline+1","Burning Pact+1","Heavy Blade+1"],"relics":["Burning Blood","CeramicFish","Bag of Marbles","Boot","Ornamental Fan","Potion Belt","The Courier","Cursed Key","TungstenRod","MerchantsRug","Toy Ornithopter","Bottled Flame","HandDrill","Oddly Smooth Stone","Mercury Hourglass","Pen Nib"],"acts_visited":["Exordium","TheCity","TheBeyond","TheEnding"],"potions_floor_usage":[54,54,55,55,55],"damage_taken":[{"damage":0.0,"enemies":"Cultist","floor":1.0,"turns":3.0},{"damage":0.0,"enemies":"2 Louse","floor":2.0,"turns":2.0},{"damage":2.0,"enemies":"Small Slimes","floor":3.0,"turns":3.0},{"damage":0.0,"enemies":"Looter","floor":7.0,"turns":4.0},{"damage":13.0,"enemies":"Exordium Thugs","floor":10.0,"turns":6.0},{"damage":21.0,"enemies":"3 Sentries","floor":11.0,"turns":13.0},{"damage":2.0,"enemies":"Lots of Slimes","floor":13.0,"turns":5.0},{"damage":14.0,"enemies":"Lagavulin","floor":14.0,"turns":6.0},{"damage":63.0,"enemies":"Hexaghost","floor":16.0,"turns":13.0},{"damage":12.0,"enemies":"2 Thieves","floor":18.0,"turns":5.0},{"damage":1.0,"enemies":"Shell Parasite","floor":20.0,"turns":4.0},{"damage":2.0,"enemies":"Snecko","floor":22.0,"turns":6.0},{"damage":17.0,"enemies":"Sentry and Sphere","floor":29.0,"turns":6.0},{"damage":16.0,"enemies":"Gremlin Leader","floor":30.0,"turns":6.0},{"damage":14.0,"enemies":"Snake Plant","floor":31.0,"turns":3.0},{"damage":51.0,"enemies":"Automaton","floor":33.0,"turns":8.0},{"damage":5.0,"enemies":"Orb Walker","floor":35.0,"turns":4.0},{"damage":18.0,"enemies":"3 Darklings","floor":36.0,"turns":6.0},{"damage":12.0,"enemies":"Transient","floor":37.0,"turns":5.0},{"damage":15.0,"enemies":"Sphere and 2 Shapes","floor":39.0,"turns":5.0},{"damage":5.0,"enemies":"Jaw Worm Horde","floor":41.0,"turns":3.0},{"damage":5.0,"enemies":"Maw","floor":44.0,"turns":6.0},{"damage":7.0,"enemies":"Transient","floor":45.0,"turns":5.0},{"damage":11.0,"enemies":"4 Shapes","floor":48.0,"turns":5.0},{"damage":49.0,"enemies":"Time Eater","floor":50.0,"turns":10.0},{"damage":31,"enemies":"Shield and Spear","floor":54,"turns":6},{"damage":73,"enemies":"The Heart","floor":55,"turns":8}],"seed_played":"-8120751194251493977","potions_obtained":[{"floor":1.0,"key":"SpeedPotion"},{"floor":11.0,"key":"Block Potion"},{"floor":14.0,"key":"ElixirPotion"},{"floor":16.0,"key":"DuplicationPotion"},{"floor":18.0,"key":"FairyPotion"},{"floor":20.0,"key":"Energy Potion"},{"floor":35.0,"key":"EssenceOfSteel"},{"floor":38.0,"key":"Strength Potion"},{"floor":38.0,"key":"EssenceOfSteel"},{"floor":38.0,"key":"Fire Potion"},{"floor":44.0,"key":"Block Potion"},{"floor":45.0,"key":"Strength Potion"},{"floor":48.0,"key":"Strength Potion"}],"is_trial":false,"path_per_floor":["M","M","M","?","?","R","M","R","T","M","E","?","M","E","R","B",null,"M","?","M","$","M","R","?","R","T","$","?","M","E","M","R","B",null,"M","M","M","?","M","R","M","R","T","M","M","R","?","M","R","B",null,"R","$","E","B"],"character_chosen":"IRONCLAD","items_purchased":["CeramicFish","War Paint","Bag of Marbles","Boot","Shrug It Off","BloodPotion","LiquidMemories","MerchantsRug","Toy Ornithopter","Clash","Bottled Flame","Rage","HandDrill","Mercury Hourglass","Dexterity Potion","Dexterity Potion","Swift Potion"],"campfire_rested":1,"item_purchase_floors":[0,0,0,0,0,0,0,21,21,21,21,27,27,53,53,53,53],"current_hp_per_floor":[51,57,61,61,61,61,67,67,67,60,45,34,38,30,54,13,80,74,74,79,79,80,80,80,80,80,80,80,69,59,51,51,11,80,80,68,62,62,53,53,54,54,54,55,64,64,64,59,59,26,80,80,80,55,0,0],"gold":86,"neow_bonus":"","is_daily":false,"chose_seed":false,"campfire_upgraded":9,"win_rate":0.0,"timestamp":1608356741,"path_taken":["M","M","M","?","?","R","M","R","T","M","E","?","M","E","R","BOSS","M","?","M","?","?","R","?","R","T","$","?","M","E","M","R","BOSS","M","M","M","?","?","R","M","R","T","M","M","R","?","M","R","BOSS","R","$","E","BOSS"],"items_purchased_type":["Relic","Relic","Relic","Relic","Card","Potion","Potion","Relic","Relic","Card","Relic","Card","Relic","Relic","Potion","Potion","Potion"],"build_version":"2020-12-13","purchased_purges":2,"victory":false,"max_hp_per_floor":[80,80,80,80,80,80,80,80,80,80,80,80,80,80,80,80,80,80,80,80,80,80,80,80,80,80,80,80,80,80,80,80,80,80,80,80,80,80,80,80,80,80,80,80,80,80,80,80,80,80,80,80,80,80,80,80],"card_choices":[{"not_picked":["Perfected Strike","Thunderclap","Second Wind"],"picked":"SKIP","floor":1.0},{"not_picked":["Sword Boomerang","Shockwave","Iron Wave"],"picked":"SKIP","floor":2.0},{"not_picked":["Iron Wave","Sentinel","Power Through"],"picked":"SKIP","floor":3.0},{"not_picked":["Evolve","Clothesline","Armaments"],"picked":"SKIP","floor":7.0},{"not_picked":["Iron Wave","Sever Soul","Feel No Pain"],"picked":"SKIP","floor":10.0},{"not_picked":["Immolate","Thunderclap"],"picked":"Headbutt","floor":11.0},{"not_picked":["Clothesline","Wild Strike","Perfected Strike"],"picked":"SKIP","floor":13.0},{"not_picked":["Metallicize","Dual Wield","Burning Pact"],"picked":"SKIP","floor":14.0},{"not_picked":["Brutality","Exhume"],"picked":"Juggernaut","floor":16.0},{"not_picked":["Headbutt+1","Combust","Armaments"],"picked":"SKIP","floor":18.0},{"not_picked":["Thunderclap","Reckless Charge","Anger"],"picked":"SKIP","floor":20.0},{"not_picked":["Twin Strike+1","Dark Embrace"],"picked":"Rampage+1","floor":22.0},{"not_picked":["Rage+1","Sword Boomerang","Carnage"],"picked":"SKIP","floor":29.0},{"not_picked":["Power Through","Armaments+1","Iron Wave"],"picked":"SKIP","floor":30.0},{"not_picked":["Sentinel+1","Hemokinesis+1","Warcry+1"],"picked":"SKIP","floor":31.0},{"not_picked":["Impervious","Fiend Fire"],"picked":"Offering","floor":33.0},{"not_picked":["Twin Strike+1","Havoc+1","Anger+1"],"picked":"SKIP","floor":35.0},{"not_picked":["Wild Strike","Sword Boomerang+1"],"picked":"True Grit+1","floor":36.0},{"not_picked":["Havoc","Metallicize+1"],"picked":"Dropkick+1","floor":37.0},{"not_picked":["Thunderclap","Metallicize"],"picked":"Iron Wave+1","floor":39.0},{"not_picked":["Armaments+1","Clothesline+1","Intimidate+1"],"picked":"SKIP","floor":41.0},{"not_picked":["Armaments+1","Intimidate+1"],"picked":"Clothesline+1","floor":41.0},{"not_picked":["Metallicize","Limit Break","Shrug It Off+1"],"picked":"SKIP","floor":44.0},{"not_picked":["Dual Wield+1","Whirlwind"],"picked":"Burning Pact+1","floor":45.0},{"not_picked":["Carnage+1","Sword Boomerang+1"],"picked":"Heavy Blade","floor":48.0},{"not_picked":["Rage","Body Slam","Cleave"],"picked":"SKIP","floor":54}],"player_experience":1182632,"relics_obtained":[{"floor":9.0,"key":"Ornamental Fan"},{"floor":11.0,"key":"Potion Belt"},{"floor":14.0,"key":"The Courier"},{"floor":30.0,"key":"Oddly Smooth Stone"},{"floor":54,"key":"Pen Nib"}],"event_choices":[{"damage_healed":0.0,"max_hp_gain":0.0,"max_hp_loss":0.0,"gold_gain":0.0,"event_name":"Living Wall","player_choice":"Grow","floor":4.0,"gold_loss":0.0,"damage_taken":0.0,"cards_upgraded":["Bash"]},{"damage_healed":0.0,"max_hp_gain":0.0,"max_hp_loss":0.0,"gold_gain":0.0,"event_name":"Liars Game","player_choice":"Ignored","floor":5.0,"gold_loss":0.0,"damage_taken":0.0},{"damage_healed":0.0,"max_hp_gain":0.0,"max_hp_loss":0.0,"gold_gain":75.0,"event_name":"World of Goop","player_choice":"Gather Gold","floor":12.0,"gold_loss":0.0,"damage_taken":11.0},{"damage_healed":0.0,"max_hp_gain":0.0,"max_hp_loss":0.0,"gold_gain":0.0,"event_name":"WeMeetAgain","player_choice":"Gave Potion","floor":19.0,"gold_loss":0.0,"damage_taken":0.0,"relics_obtained":["TungstenRod"]},{"damage_healed":0.0,"max_hp_gain":0.0,"max_hp_loss":0.0,"gold_gain":0.0,"event_name":"Vampires","player_choice":"Ignored","floor":24.0,"gold_loss":0.0,"damage_taken":0.0},{"damage_healed":0.0,"max_hp_gain":0.0,"max_hp_loss":0.0,"gold_gain":0.0,"event_name":"The Library","player_choice":"Read","floor":28.0,"gold_loss":0.0,"damage_taken":0.0,"cards_obtained":["Body Slam"]},{"damage_healed":0.0,"max_hp_gain":0.0,"max_hp_loss":0.0,"gold_gain":0.0,"event_name":"The Woman in Blue","player_choice":"Bought 3 Potions","floor":38.0,"gold_loss":0.0,"damage_taken":0.0},{"cards_removed":["Strike_R"],"damage_healed":0.0,"max_hp_gain":0.0,"max_hp_loss":0.0,"gold_gain":0.0,"event_name":"Purifier","player_choice":"Purged","floor":47.0,"gold_loss":0.0,"damage_taken":0.0}],"is_beta":false,"boss_relics":[{"not_picked":["Snecko Eye","Astrolabe"],"picked":"Cursed Key"},{"not_picked":["Runic Dome","Sozu"],"picked":"Mark of Pain"}],"items_purged_floors":[0,53],"is_endless":false,"potions_floor_spawned":[1,11,14,16,18,20,35,44,45,48],"killed_by":"The Heart","ascension_level":0}}