{"host":"csp9nt53rootlkah","time":1608368484,"event":{"mods":["Act Like it!","BaseMod","Colored Powertips","Friendly Minions","Gensokyo","Highlight Path","Minty Spire (QoL Compilation)","Prisma Mod","Quick Restart","Replay The Spire","StSLib","TestMod","The Factory","The Jungle","UnlockEverythingMod"],"gold_per_floor":[115,115,68,79,11,11,23,23,23,23,23],"floor_reached":10,"playtime":271,"items_purged":[],"score":56,"play_id":"2311b45c-ba0e-4211-b2cc-b417c3faa4bc","local_time":"20201219170124","is_ascension_mode":false,"campfire_choices":[{"data":"PrismaMod:MiyuMaid","floor":6,"key":"SMITH"},{"data":"PrismaMod:MiyuEvokeCheapDefend","floor":8,"key":"SMITH"}],"circlet_count":0,"master_deck":["PrismaMod:MiyuCommonDefend","PrismaMod:MiyuCommonDefend","PrismaMod:MiyuCommonDefend","PrismaMod:MiyuCommonDefend","PrismaMod:MiyuCommonDefend","PrismaMod:MiyuCommonAttack","PrismaMod:MiyuCommonAttack","PrismaMod:MiyuCommonAttack","PrismaMod:MiyuCommonAttack","PrismaMod:MiyuCheapChannelAttack","PrismaMod:MiyuCheapChannelDefend","testmod-BackupPower","PrismaMod:MiyuCheapChannelRandom","PrismaMod:MiyuMaid+1","PrismaMod:MiyuEvokeCheapDefend+1","PrismaMod:MiyuUncommonStrBuff","PrismaMod:MiyuOrbIncreasePerm"],"relics":["PrismaMod:PrismaSapphire","testmod-TestBox","NeowsBlessing"],"acts_visited":["Exordium"],"potions_floor_usage":[],"damage_taken":[{"damage":0,"enemies":"2 Louse","floor":1,"turns":1},{"damage":0,"enemies":"Cultist","floor":4,"turns":1},{"damage":0,"enemies":"Jaw Worm","floor":7,"turns":1},{"damage":0,"enemies":"Lagavulin","floor":10,"turns":3}],"seed_played":"2037004114195008532","potions_obtained":[{"floor":1,"key":"Languid Potion"},{"floor":4,"key":"Swift Potion"},{"floor":7,"key":"FearPotion"}],"is_trial":false,"path_per_floor":["M","?","$","M","$","R","M","R","T","E"],"character_chosen":"MIYU","items_purchased":["PrismaMod:MiyuMaid","PrismaMod:MiyuUncommonStrBuff"],"campfire_rested":0,"item_purchase_floors":[3,5],"current_hp_per_floor":[75,75,75,75,75,75,75,75,75,75,75],"gold":23,"neow_bonus":"THREE_ENEMY_KILL","is_daily":false,"chose_seed":false,"campfire_upgraded":2,"win_rate":0.0,"timestamp":1608368484,"path_taken":["M","?","$","M","$","R","M","R","T","E"],"items_purchased_type":["Card","Card"],"build_version":"2020-12-13","purchased_purges":0,"victory":false,"max_hp_per_floor":[75,75,75,75,75,75,75,75,75,75,75],"card_choices":[{"not_picked":["PrismaMod:MiyuAttackChannelAttack","PrismaMod:MiyuCheapChannelWeak"],"picked":"PrismaMod:MiyuCheapChannelRandom","floor":1},{"not_picked":["PrismaMod:MiyuCheapChannelVul","PrismaMod:MiyuAttackChannelVul"],"picked":"PrismaMod:MiyuEvokeCheapDefend","floor":4},{"not_picked":["PrismaMod:MiyuCheapStrBuff","PrismaMod:MiyuCheapAttack1"],"picked":"PrismaMod:MiyuOrbIncreasePerm","floor":7}],"player_experience":116364,"relics_obtained":[],"event_choices":[{"cards_removed":["PrismaMod:MiyuCommonAttack"],"damage_healed":0,"gold_gain":0,"player_choice":"Purged","damage_taken":0,"max_hp_gain":0,"max_hp_loss":0,"event_name":"Purifier","floor":2,"gold_loss":0}],"is_beta":false,"boss_relics":[],"items_purged_floors":[],"is_endless":false,"potions_floor_spawned":[1,4,7],"killed_by":"Lagavulin","ascension_level":0}}