{"host":"dwyzfvnzfcqffr30","time":1608381597,"event":{"mods":["2.2 Compatiblity","Act Like it!","BaseMod","Beaked The Cultist","Better Altar","Better Sensory Stone","Better Third Choice","Clockwork Mod","Colored Map","Colored Powertips","Conspire","Downfall","Elementarium","GifTheSpireLib","Halation","Hermit","Hubris","Jedi Mod","Menagerie","Mimic Mod","Minty Spire (QoL Compilation)","Permanent Neow","Random Character Button","Replay The Spire","Spicy Shops","StSLib","Stuff the Spire","The Construct","The Druid","TheFirefly","Trackpad","vexMod"],"gold_per_floor":[110,129,129,129,129,158,158,192,247,277,297,314,334,351,351,449,449,449,449],"floor_reached":18,"playtime":1864,"items_purged":[],"score":252,"play_id":"e1fab586-6bf2-4e75-80e8-84b94c05c6d3","local_time":"20201219043957","is_ascension_mode":true,"campfire_choices":[{"floor":7,"key":"RECALL"},{"floor":15,"key":"REST"}],"circlet_count":0,"master_deck":["hermit:Strike_Hermit+1","hermit:Strike_Hermit+1","hermit:Strike_Hermit+1","hermit:Strike_Hermit+1","hermit:Defend_Hermit+1","hermit:Defend_Hermit+1","hermit:Defend_Hermit+1","hermit:Defend_Hermit+1","hermit:Snapshot+1","MasterReality+1","hermit:Dive+1","hermit:Brawl+1","hermit:HighNoon+1","hermit:Deadeye+1","hermit:GoldenBullet+1","hermit:WideOpen+1","hermit:Glare+1","StuffTheSpire:BrainWave"],"relics":["hermit:Momento","hubris:FruitBowl","hubris:EvacipatedBox","Juzu Bracelet","Molten Egg 2","Toxic Egg 2","Frozen Egg 2","Quantum Egg","Bottled Tornado","halation:EternalFortune","Menagerie:ShiftingBlessing","StuffTheSpire:ForceGauntlet","Snack Pack","Replay:Rubber Ducky","construct:RocketBooster","Replay:Grab Bag","beaked:SacredDeck","hubris:ScarierMask","SacredBark"],"acts_visited":["Menagerie:Menagerie","Elementarium:Elementarium"],"potions_floor_usage":[],"damage_taken":[{"damage":0,"enemies":"Menagerie:StygianBoar","floor":1,"turns":2},{"damage":1,"enemies":"Menagerie:MonstrousExperiment","floor":2,"turns":2},{"damage":10,"enemies":"Menagerie:MaskedSummoner","floor":6,"turns":8},{"damage":7,"enemies":"Menagerie:VoidReaper","floor":8,"turns":5},{"damage":7,"enemies":"Menagerie:MaskedSummoner","floor":10,"turns":7},{"damage":2,"enemies":"Menagerie:WhisperingWraith","floor":11,"turns":3},{"damage":0,"enemies":"Menagerie:3_RABBITS","floor":12,"turns":4},{"damage":8,"enemies":"Menagerie:DREAD_MOTH_AND_GRAFTED_WORMS","floor":13,"turns":3},{"damage":0,"enemies":"Menagerie:KEEPER_AND_YOUNG_SUNEATER","floor":14,"turns":4},{"damage":0,"enemies":"Menagerie:AVATARS","floor":16,"turns":5},{"damage":0,"enemies":"Elementarium:VoidCorruption","floor":18,"turns":1}],"seed_played":"-3374909939849580111","potions_obtained":[{"floor":6,"key":"Guardian:BlockOnCardUsePotion"},{"floor":10,"key":"Cursed Concoction"},{"floor":13,"key":"Fire Potion"}],"is_trial":false,"path_per_floor":["M","M","$","?","?","E","R","E","T","E","M","M","M","M","R","B",null,"M"],"character_chosen":"HERMIT","items_purchased":[],"campfire_rested":1,"item_purchase_floors":[],"current_hp_per_floor":[75,74,74,78,69,59,59,52,52,49,47,47,43,45,71,77,87,87,87],"gold":449,"neow_bonus":"REMOVE_CARD","is_daily":false,"chose_seed":false,"campfire_upgraded":0,"win_rate":0.0,"timestamp":1608381597,"path_taken":["M","M","$","?","?","E","R","E","T","E","M","M","M","M","R","BOSS","M"],"items_purchased_type":[],"build_version":"2020-12-13","purchased_purges":0,"victory":false,"max_hp_per_floor":[75,75,75,79,79,79,79,79,79,83,83,83,87,87,87,87,87,87,87],"card_choices":[{"not_picked":["hermit:LowProfile+1","hermit:Quickdraw+1"],"picked":"hermit:Dive+1","floor":1},{"not_picked":["hermit:HighCaliber+1","hermit:WideOpen+1"],"picked":"hermit:Brawl+1","floor":2},{"not_picked":["hermit:CalledShot+1","hermit:HoleUp+1"],"picked":"hermit:HighNoon+1","floor":6},{"not_picked":["hermit:Spite+1","hermit:CalledShot+1"],"picked":"hermit:Deadeye+1","floor":8},{"not_picked":["hermit:Feint+1","hermit:HoleUp+1"],"picked":"hermit:GoldenBullet+1","floor":10},{"not_picked":["hermit:Feint+1","hermit:Ricochet+1","hermit:Horror+1"],"picked":"SKIP","floor":11},{"not_picked":["hermit:LowProfile+1","hermit:BigShot+1","hermit:PistolWhip+1"],"picked":"SKIP","floor":12},{"not_picked":["hermit:Combo+1","hermit:Magnum+1"],"picked":"hermit:WideOpen+1","floor":13},{"not_picked":["hermit:Dive+1","hermit:Ricochet+1"],"picked":"hermit:Glare+1","floor":14}],"player_experience":2076194,"relics_obtained":[{"floor":6,"key":"StuffTheSpire:ForceGauntlet"},{"floor":8,"key":"Snack Pack"},{"floor":9,"key":"Replay:Rubber Ducky"},{"floor":10,"key":"halation:EternalFortune"},{"floor":10,"key":"construct:RocketBooster"},{"floor":13,"key":"halation:EternalFortune"}],"event_choices":[{"damage_healed":0,"gold_gain":0,"player_choice":"Simplicity","damage_taken":0,"max_hp_gain":0,"max_hp_loss":8,"event_name":"betterThird:BetterWriting","floor":0,"gold_loss":0},{"damage_healed":0,"gold_gain":0,"player_choice":"Upgraded","damage_taken":0,"max_hp_gain":0,"max_hp_loss":0,"event_name":"Upgrade Shrine","floor":0,"gold_loss":0,"cards_upgraded":["hermit:Snapshot"]},{"damage_healed":0,"gold_gain":0,"player_choice":"Touch","damage_taken":9,"relics_obtained":["Menagerie:ShiftingBlessing"],"max_hp_gain":0,"max_hp_loss":0,"event_name":"Menagerie:LunarGift","floor":5,"gold_loss":0}],"is_beta":false,"boss_relics":[{"not_picked":["Pandora\u0027s Box","StuffTheSpire:RunicHypercube","ChewingGum"],"picked":"Replay:Grab Bag"},{"not_picked":["halation:SmartPhone","vexMod:EndlessSickness","Busted Crown"],"picked":"beaked:SacredDeck"},{"not_picked":["vexMod:ImprovementManual","StuffTheSpire:Kangaroo","hubris:HollowSoul"],"picked":"hubris:ScarierMask"},{"not_picked":["Replay:Drink Me","halation:Yufonium","Runic Dome"],"picked":"SacredBark"}],"items_purged_floors":[],"is_endless":false,"potions_floor_spawned":[6,10,11,13,16],"killed_by":"Elementarium:VoidCorruption","ascension_level":2}}