{"host":"m6aaltr68g9tvoay","time":1608355959,"event":{"mods":["AchievementEnabler","BaseMod","Colored Map","Minty Spire (QoL Compilation)","StSLib"],"gold_per_floor":[110,126,126,143,154,154,182,182,182,192,204,204,204,218,218,289,289,305,305,305],"floor_reached":19,"playtime":785,"items_purged":[],"score":333,"play_id":"6a4493a0-a79f-42d8-a35e-27099845ddba","local_time":"20201218213239","is_ascension_mode":true,"campfire_choices":[{"floor":6,"key":"REST"},{"floor":8,"key":"REST"},{"data":"Bouncing Flask","floor":13,"key":"SMITH"},{"data":"Deadly Poison","floor":15,"key":"SMITH"}],"circlet_count":0,"master_deck":["AscendersBane","Strike_G","Strike_G","Strike_G","Strike_G","Defend_G","Defend_G","Defend_G","Defend_G","Survivor","Neutralize","Flying Knee","Bouncing Flask+1","Deadly Poison+1","Bane","PiercingWail+1","Deadly Poison+1","Decay","Wraith Form v2","Phantasmal Killer+1","Malaise+1","Flechettes+1","Well Laid Plans+1","Deflect+1"],"relics":["Ring of the Snake","Toxic Egg 2","Question Card","Astrolabe"],"acts_visited":["Exordium","TheCity"],"potions_floor_usage":[5,7,16,19,19],"damage_taken":[{"damage":1,"enemies":"Small Slimes","floor":1,"turns":7},{"damage":3,"enemies":"Jaw Worm","floor":2,"turns":8},{"damage":8,"enemies":"Cultist","floor":4,"turns":4},{"damage":19,"enemies":"3 Louse","floor":5,"turns":4},{"damage":24,"enemies":"Lagavulin","floor":7,"turns":6},{"damage":12,"enemies":"Large Slime","floor":10,"turns":4},{"damage":9,"enemies":"2 Fungi Beasts","floor":11,"turns":4},{"damage":7,"enemies":"Blue Slaver","floor":14,"turns":3},{"damage":23,"enemies":"Hexaghost","floor":16,"turns":9},{"damage":34,"enemies":"3 Byrds","floor":18,"turns":7},{"damage":29,"enemies":"Masked Bandits","floor":19,"turns":3}],"seed_played":"-1376508824981266466","potions_obtained":[{"floor":1,"key":"BlessingOfTheForge"},{"floor":4,"key":"LiquidMemories"},{"floor":7,"key":"Explosive Potion"},{"floor":11,"key":"EssenceOfSteel"},{"floor":16,"key":"Block Potion"}],"is_trial":false,"path_per_floor":["M","M","?","M","M","R","E","R","T","M","M","?","R","M","R","B",null,"M","?"],"character_chosen":"THE_SILENT","items_purchased":[],"campfire_rested":2,"item_purchase_floors":[],"current_hp_per_floor":[64,61,66,58,39,62,38,61,61,49,40,40,40,33,33,10,60,26,0,0],"gold":305,"neow_bonus":"TEN_PERCENT_HP_BONUS","is_daily":false,"chose_seed":false,"campfire_upgraded":2,"win_rate":0.0,"timestamp":1608355959,"path_taken":["M","M","?","M","M","R","E","R","T","M","M","?","R","?","R","BOSS","M","?"],"items_purchased_type":[],"build_version":"2020-12-13","purchased_purges":0,"victory":false,"max_hp_per_floor":[72,72,77,77,77,77,77,77,77,77,77,77,77,77,77,77,77,77,77,77],"card_choices":[{"not_picked":["Sucker Punch","All Out Attack"],"picked":"Accuracy","floor":1},{"not_picked":["PiercingWail","Crippling Poison"],"picked":"Flying Knee","floor":2},{"not_picked":["Dodge and Roll","Backflip"],"picked":"Bouncing Flask","floor":4},{"not_picked":["Dash","Skewer"],"picked":"Deadly Poison","floor":5},{"not_picked":["Dagger Throw","Acrobatics+1"],"picked":"Bane","floor":7},{"not_picked":["Infinite Blades","Poisoned Stab","Backflip+1"],"picked":"PiercingWail+1","floor":10},{"not_picked":["Flying Knee","Bane","Choke"],"picked":"Deadly Poison+1","floor":11},{"not_picked":["Well Laid Plans","Acrobatics+1","Quick Slash"],"picked":"Wraith Form v2","floor":14},{"not_picked":["Tools of the Trade","A Thousand Cuts","Doppelganger+1"],"picked":"Phantasmal Killer+1","floor":16},{"not_picked":["Bane","Dagger Throw","Outmaneuver+1"],"picked":"Deflect+1","floor":18}],"player_experience":1257926,"relics_obtained":[{"floor":7,"key":"Toxic Egg 2"},{"floor":9,"key":"Question Card"}],"event_choices":[{"damage_healed":0,"gold_gain":0,"player_choice":"Donut","damage_taken":0,"max_hp_gain":5,"max_hp_loss":0,"event_name":"Big Fish","floor":3,"gold_loss":0},{"damage_healed":0,"gold_gain":0,"player_choice":"Cursed","damage_taken":0,"max_hp_gain":0,"max_hp_loss":0,"event_name":"Wheel of Change","floor":12,"gold_loss":0,"cards_obtained":["Decay"]},{"damage_healed":0,"gold_gain":0,"player_choice":"Fought Bandits","damage_taken":0,"max_hp_gain":0,"max_hp_loss":0,"event_name":"Masked Bandits","floor":19,"gold_loss":0}],"is_beta":false,"boss_relics":[{"not_picked":["HoveringKite","Snecko Eye"],"picked":"Astrolabe"}],"items_purged_floors":[],"is_endless":false,"potions_floor_spawned":[1,4,7,11,16],"killed_by":"Masked Bandits","ascension_level":19}}