{"host":"2ttsipbxjlhedj1t","time":1608341551,"event":{"mods":["2.2 Compatiblity","Act Like it!","BaseMod","Colored Map","Colored Powertips","Curses Come First","Highlight Path","Minty Spire (QoL Compilation)","Quick Restart","Robot Space Explorer","Shop Mod","StSLib"],"gold_per_floor":[113,131,145,145,156,191,191,204,204,379,379,379,393,26,26,127,127,140,150,150,162,162,162,162,13,40,13,13,28,28,40,40,144,144,157,168,47,65,113,113,9,9,9,9,21,21,31,48,48,48],"floor_reached":51,"playtime":2854,"items_purged":["RobotSpaceExplorer:Strike","Shame"],"score":844,"play_id":"9c43dcf4-0a01-49a6-bd00-84e04d529588","local_time":"20201218203231","is_ascension_mode":true,"campfire_choices":[{"floor":15,"key":"REST"},{"data":"RobotSpaceExplorer:RigExplosive","floor":23,"key":"SMITH"},{"data":"RobotSpaceExplorer:Fix","floor":28,"key":"SMITH"},{"floor":32,"key":"REST"},{"data":"RobotSpaceExplorer:Comet","floor":40,"key":"SMITH"},{"data":"RobotSpaceExplorer:LuckyStrike","floor":42,"key":"SMITH"},{"data":"RobotSpaceExplorer:FreezingShield","floor":46,"key":"SMITH"},{"data":"RobotSpaceExplorer:Scan","floor":49,"key":"SMITH"}],"circlet_count":0,"master_deck":["RobotSpaceExplorer:Defend","RobotSpaceExplorer:Defend","RobotSpaceExplorer:Defend","RobotSpaceExplorer:Defend","RobotSpaceExplorer:Scan+1","RobotSpaceExplorer:MiniLasers","RobotSpaceExplorer:Probe","RobotSpaceExplorer:ShovelStrike","RobotSpaceExplorer:LuckyStrike+1","RobotSpaceExplorer:ShovelStrike","RobotSpaceExplorer:RigExplosive+1","RobotSpaceExplorer:Probe","RobotSpaceExplorer:ScrapMissile","RobotSpaceExplorer:Comet+1","Necronomicurse","RobotSpaceExplorer:ScrapMissile","RobotSpaceExplorer:StarDust+1","RobotSpaceExplorer:Fix+1","RobotSpaceExplorer:Calculate+1","RobotSpaceExplorer:Multitool+1","RobotSpaceExplorer:Calculate+1","RobotSpaceExplorer:RigExplosive+1","RobotSpaceExplorer:StarDust+1","Finesse","Good Instincts","RobotSpaceExplorer:FreezingShield+1","RobotSpaceExplorer:RigExplosive+1"],"relics":["RobotSpaceExplorer:RoboCore","The Courier","Letter Opener","Darkstone Periapt","Toy Ornithopter","RobotSpaceExplorer:Reprocessor","Frozen Egg 2","Sundial","Necronomicon","Pen Nib","RobotSpaceExplorer:SearchSpecs","HandDrill","Turnip","HornCleat"],"acts_visited":["Exordium","TheCity","TheBeyond"],"potions_floor_usage":[6,6,6,13,13,16,16,16,16,19,21,27,29,29,31,33,33,36,38,38,39,39,39,39,47,47,47,48,48,48,50,50,50,50],"damage_taken":[{"damage":0.0,"enemies":"2 Louse","floor":1.0,"turns":2.0},{"damage":2.0,"enemies":"Jaw Worm","floor":2.0,"turns":3.0},{"damage":0.0,"enemies":"Cultist","floor":3.0,"turns":3.0},{"damage":4,"enemies":"3 Louse","floor":5,"turns":2},{"damage":24,"enemies":"Lagavulin","floor":6,"turns":6},{"damage":11,"enemies":"Large Slime","floor":8,"turns":5},{"damage":5,"enemies":"Gremlin Gang","floor":13,"turns":5},{"damage":0,"enemies":"Slime Boss","floor":16,"turns":6},{"damage":7,"enemies":"Chosen","floor":18,"turns":3},{"damage":11,"enemies":"2 Thieves","floor":19,"turns":2},{"damage":12,"enemies":"3 Cultists","floor":21,"turns":5},{"damage":11,"enemies":"Centurion and Healer","floor":29,"turns":3},{"damage":15,"enemies":"Chosen and Byrds","floor":31,"turns":6},{"damage":4,"enemies":"Champ","floor":33,"turns":10},{"damage":25,"enemies":"3 Shapes","floor":35,"turns":5},{"damage":22,"enemies":"Orb Walker","floor":36,"turns":3},{"damage":1,"enemies":"Transient","floor":38,"turns":5},{"damage":29,"enemies":"2 Orb Walkers","floor":39,"turns":4},{"damage":0,"enemies":"4 Shapes","floor":45,"turns":5},{"damage":9,"enemies":"Sphere and 2 Shapes","floor":47,"turns":4},{"damage":2,"enemies":"Transient","floor":48,"turns":5},{"damage":74,"enemies":"Awakened One","floor":50,"turns":8}],"seed_played":"-6437357646078696530","potions_obtained":[{"floor":0.0,"key":"Fire Potion"},{"floor":0.0,"key":"GamblersBrew"},{"floor":0.0,"key":"Fire Potion"},{"floor":2.0,"key":"LiquidBronze"},{"floor":6,"key":"Regen Potion"},{"floor":21,"key":"EntropicBrew"},{"floor":29,"key":"EssenceOfSteel"},{"floor":35,"key":"GamblersBrew"},{"floor":47,"key":"DistilledChaos"}],"is_trial":false,"path_per_floor":["M","M","M","?","M","E","?","M","T","?","?","?","M","$","R","B",null,"M","M","?","M","?","R","?","$","T","$","R","M","?","M","R","B",null,"M","M","$","M","?","R","$","R","T","?","M","R","M","M","R","B",null],"character_chosen":"RobotSpaceExplorer","items_purchased":["Toy Ornithopter","PowerPotion","AttackPotion","LiquidBronze","RobotSpaceExplorer:ScrapMissile","RobotSpaceExplorer:ScrapMissile","RobotSpaceExplorer:StarDust+1","RobotSpaceExplorer:Fix","HandDrill","RobotSpaceExplorer:StarDust+1","RobotSpaceExplorer:RecyclePotion"],"campfire_rested":2,"item_purchase_floors":[14,14,14,14,14,25,25,27,37,41,41],"current_hp_per_floor":[75,73,73,48,44,20,20,9,9,15,8,8,17,17,41,61,81,74,68,68,61,67,67,57,57,57,62,62,61,61,57,84,93,93,74,63,63,78,75,75,75,75,75,65,71,71,83,93,93,24],"gold":48,"neow_bonus":"THREE_SMALL_POTIONS","is_daily":false,"chose_seed":false,"campfire_upgraded":6,"win_rate":0.0,"timestamp":1608341551,"path_taken":["M","M","M","?","M","E","?","?","T","?","?","?","M","$","R","BOSS","M","M","?","?","?","R","?","?","T","$","R","M","?","M","R","BOSS","M","M","$","?","?","R","$","R","T","?","M","R","M","M","R","BOSS"],"items_purchased_type":["Relic","Potion","Potion","Potion","Card","Card","Card","Card","Relic","Card","Potion"],"build_version":"2020-12-13","purchased_purges":2,"victory":true,"max_hp_per_floor":[75,75,75,75,75,75,75,75,75,81,81,81,81,81,81,81,81,81,81,81,81,87,87,93,93,93,93,93,93,93,93,93,93,93,93,93,93,93,93,93,93,93,93,93,93,93,93,93,93,93],"card_choices":[{"not_picked":["RobotSpaceExplorer:ScrapShield","RobotSpaceExplorer:StunGrenade"],"picked":"RobotSpaceExplorer:Probe","floor":1.0},{"not_picked":["RobotSpaceExplorer:MetalStrike","RobotSpaceExplorer:HighVoltage","RobotSpaceExplorer:Ammunition"],"picked":"SKIP","floor":2.0},{"not_picked":["RobotSpaceExplorer:ScrapMissile","RobotSpaceExplorer:SwiftStep"],"picked":"RobotSpaceExplorer:ShovelStrike","floor":3.0},{"not_picked":["RobotSpaceExplorer:IronShell","RobotSpaceExplorer:GlueShot"],"picked":"RobotSpaceExplorer:LuckyStrike","floor":5},{"not_picked":["RobotSpaceExplorer:GlueShot","RobotSpaceExplorer:SlimeMissile"],"picked":"RobotSpaceExplorer:ShovelStrike","floor":6},{"not_picked":["RobotSpaceExplorer:SurgingShield","RobotSpaceExplorer:FrostMissile"],"picked":"RobotSpaceExplorer:RigExplosive","floor":8},{"not_picked":["RobotSpaceExplorer:MiniBoosters","RobotSpaceExplorer:ScrapMissile"],"picked":"RobotSpaceExplorer:Probe","floor":13},{"not_picked":["RobotSpaceExplorer:HighVoltage","RobotSpaceExplorer:Accelerator"],"picked":"RobotSpaceExplorer:Comet","floor":16},{"not_picked":["RobotSpaceExplorer:ToxicBomb","RobotSpaceExplorer:FranticSearch","RobotSpaceExplorer:Discharger"],"picked":"SKIP","floor":18},{"not_picked":["RobotSpaceExplorer:FrostMissile+1","RobotSpaceExplorer:MiniDrones+1"],"picked":"RobotSpaceExplorer:ImprovisedAttack+1","floor":19},{"not_picked":["RobotSpaceExplorer:SwiftStep","RobotSpaceExplorer:PowerGlove+1","RobotSpaceExplorer:FrostMissile+1"],"picked":"SKIP","floor":21},{"not_picked":["RobotSpaceExplorer:PowerCollector+1","RobotSpaceExplorer:SwiftStep"],"picked":"RobotSpaceExplorer:Calculate+1","floor":29},{"not_picked":["RobotSpaceExplorer:Asteroid","RobotSpaceExplorer:MiniDrones","RobotSpaceExplorer:FreezeRay+1"],"picked":"SKIP","floor":31},{"not_picked":["RobotSpaceExplorer:ShockMissile","RobotSpaceExplorer:Arsenal"],"picked":"RobotSpaceExplorer:Multitool+1","floor":33},{"not_picked":["RobotSpaceExplorer:SurgingShield+1","RobotSpaceExplorer:Ammunition"],"picked":"RobotSpaceExplorer:Calculate+1","floor":35},{"not_picked":["RobotSpaceExplorer:ShockKick+1","RobotSpaceExplorer:GlueSpray"],"picked":"RobotSpaceExplorer:RigExplosive+1","floor":36},{"not_picked":["RobotSpaceExplorer:Counterblock","RobotSpaceExplorer:SurgingShield+1","RobotSpaceExplorer:GlueShot"],"picked":"SKIP","floor":38},{"not_picked":["Panache+1","Purity"],"picked":"Finesse","floor":44},{"not_picked":["Metamorphosis","Flash of Steel"],"picked":"Good Instincts","floor":44},{"not_picked":["RobotSpaceExplorer:SwiftStep","RobotSpaceExplorer:StunGrenade"],"picked":"RobotSpaceExplorer:FreezingShield","floor":45},{"not_picked":["RobotSpaceExplorer:Counterblock","RobotSpaceExplorer:GlueShot"],"picked":"RobotSpaceExplorer:RigExplosive+1","floor":47},{"not_picked":["RobotSpaceExplorer:MetalStrike","RobotSpaceExplorer:ScrapShield","RobotSpaceExplorer:GlueShot+1"],"picked":"SKIP","floor":48}],"player_experience":358245,"relics_obtained":[{"floor":6,"key":"Letter Opener"},{"floor":9,"key":"Darkstone Periapt"},{"floor":24,"key":"Necronomicon"},{"floor":26,"key":"Pen Nib"},{"floor":39,"key":"Turnip"},{"floor":43,"key":"HornCleat"}],"event_choices":[{"damage_healed":0.0,"max_hp_gain":0.0,"max_hp_loss":0.0,"gold_gain":0.0,"event_name":"Scrap Ooze","player_choice":"Success","floor":4.0,"gold_loss":0.0,"damage_taken":25.0,"relics_obtained":["The Courier"]},{"cards_removed":["RobotSpaceExplorer:Strike"],"damage_healed":0,"gold_gain":0,"player_choice":"Card Removal","damage_taken":0,"max_hp_gain":0,"max_hp_loss":0,"event_name":"Wheel of Change","floor":7,"gold_loss":0},{"damage_healed":0,"gold_gain":175,"player_choice":"AGREE","damage_taken":0,"max_hp_gain":0,"max_hp_loss":0,"event_name":"Liars Game","floor":10,"gold_loss":0,"cards_obtained":["Doubt"]},{"cards_removed":["Doubt"],"damage_healed":0,"gold_gain":0,"player_choice":"Card Removal","damage_taken":7,"max_hp_gain":0,"max_hp_loss":0,"event_name":"Golden Wing","floor":11,"gold_loss":0},{"cards_removed":["RobotSpaceExplorer:Strike"],"damage_healed":0,"gold_gain":0,"player_choice":"Forget","damage_taken":0,"max_hp_gain":0,"max_hp_loss":0,"event_name":"Living Wall","floor":12,"gold_loss":0},{"cards_removed":["RobotSpaceExplorer:ImprovisedAttack"],"damage_healed":0,"gold_gain":0,"player_choice":"Gave Card","damage_taken":0,"relics_obtained":["Frozen Egg 2"],"max_hp_gain":0,"max_hp_loss":0,"event_name":"WeMeetAgain","floor":20,"gold_loss":0},{"damage_healed":0,"gold_gain":0,"player_choice":"Stole Relic","damage_taken":0,"relics_obtained":["Sundial"],"max_hp_gain":0,"max_hp_loss":0,"event_name":"Addict","floor":22,"gold_loss":0,"cards_obtained":["Shame"]},{"damage_healed":0,"gold_gain":0,"player_choice":"Obtained Book","damage_taken":16,"max_hp_gain":0,"max_hp_loss":0,"event_name":"Cursed Tome","floor":24,"gold_loss":0},{"cards_removed":["RobotSpaceExplorer:Strike"],"damage_healed":0,"gold_gain":0,"player_choice":"Purged","damage_taken":0,"max_hp_gain":0,"max_hp_loss":0,"event_name":"Purifier","floor":30,"gold_loss":0},{"damage_healed":0,"gold_gain":0,"player_choice":"Fight","damage_taken":0,"max_hp_gain":0,"max_hp_loss":0,"event_name":"Mysterious Sphere","floor":39,"gold_loss":0},{"damage_healed":0,"gold_gain":0,"player_choice":"Memory 3","damage_taken":10,"max_hp_gain":0,"max_hp_loss":0,"event_name":"SensoryStone","floor":44,"gold_loss":0}],"is_beta":false,"boss_relics":[{"not_picked":["RobotSpaceExplorer:TurboCore","Fusion Hammer"],"picked":"RobotSpaceExplorer:Reprocessor"},{"not_picked":["Runic Dome","Runic Pyramid"],"picked":"RobotSpaceExplorer:SearchSpecs"}],"items_purged_floors":[14,25],"is_endless":false,"potions_floor_spawned":[2,6,21,29,35,47],"ascension_level":2}}