{"host":"jm9833yuloeli2yd","time":1608337295,"event":{"mods":["AchievementEnabler","BaseMod","Better Altar","Better Match","Better Note","Better Sensory Stone","Better Skull","Better Vampires","Colored Map","Colored Powertips","DeckTracker","Minty Spire (QoL Compilation)","Permanent Neow","Quick Restart","Replay The Spire","StSLib","SuperFastMode"],"gold_per_floor":[112,4,22,32,45,45,75,93,93,128,128,128,128,159,159,159,159],"floor_reached":16,"playtime":472,"items_purged":[],"score":240,"play_id":"afa72d5d-fa3f-4acd-ae30-26908c5fb3b2","local_time":"20201218192135","is_ascension_mode":true,"campfire_choices":[{"data":"Doom and Gloom","floor":6.0,"key":"SMITH"},{"floor":11.0,"key":"REST"},{"data":"White Noise","floor":13.0,"key":"SMITH"},{"data":"Zap","floor":15,"key":"SMITH"}],"circlet_count":0,"master_deck":["AscendersBane","Strike_B","Strike_B","Strike_B","Defend_B","Defend_B","Defend_B","Defend_B","Zap+1","Dualcast","Trip","Cold Snap","Go for the Eyes","Machine Learning","Doom and Gloom+1","Compile Driver","Coolheaded","Conserve Battery","White Noise+1","Recycle+1","Leap"],"relics":["Cracked Core","ReplayTheSpireMod:TigerMarble","Durian","Ginger","CaptainsWheel"],"acts_visited":["Exordium"],"potions_floor_usage":[16],"damage_taken":[{"damage":0.0,"enemies":"Cultist","floor":1.0,"turns":3.0},{"damage":2.0,"enemies":"Small Slimes","floor":3.0,"turns":3.0},{"damage":3.0,"enemies":"2 Louse","floor":4.0,"turns":3.0},{"damage":12.0,"enemies":"Blue Slaver","floor":5.0,"turns":4.0},{"damage":18.0,"enemies":"Gremlin Nob","floor":7.0,"turns":4.0},{"damage":16.0,"enemies":"Exordium Wildlife","floor":8.0,"turns":4.0},{"damage":13.0,"enemies":"3 Sentries","floor":10.0,"turns":6.0},{"damage":1,"enemies":"Gremlin Nob","floor":14,"turns":3},{"damage":31,"enemies":"Hexaghost","floor":16,"turns":13}],"seed_played":"7679310365939208347","potions_obtained":[{"floor":3.0,"key":"Flashbang"},{"floor":10.0,"key":"SteroidPotion"}],"is_trial":false,"path_per_floor":["M","$","M","M","M","R","E","M","T","E","R","?","R","E","R","B"],"character_chosen":"DEFECT","items_purchased":["FocusPotion","Go for the Eyes"],"campfire_rested":1,"item_purchase_floors":[2,2],"current_hp_per_floor":[64,64,62,59,47,47,29,13,18,5,27,27,27,26,26,0,0],"gold":159,"neow_bonus":"RANDOM_COLORLESS","is_daily":false,"chose_seed":false,"campfire_upgraded":3,"win_rate":0.0,"timestamp":1608337295,"path_taken":["M","?","M","M","M","R","E","?","T","E","R","?","R","E","R","BOSS"],"items_purchased_type":["Potion","Card"],"build_version":"2020-12-13","purchased_purges":0,"victory":false,"max_hp_per_floor":[71,71,71,71,71,71,71,71,76,76,76,76,76,76,76,76,76],"card_choices":[{"not_picked":["Deep Breath","Forethought"],"picked":"Trip","floor":0.0},{"not_picked":["Barrage","Heatsinks"],"picked":"Cold Snap","floor":1.0},{"not_picked":["Steam","Hologram"],"picked":"Machine Learning","floor":3.0},{"not_picked":["Compile Driver","Hello World"],"picked":"Doom and Gloom","floor":4.0},{"not_picked":["Crystallizer","Steam"],"picked":"Compile Driver","floor":5.0},{"not_picked":["Sunder","Fusion"],"picked":"Coolheaded","floor":7.0},{"not_picked":["Streamline","Chaos"],"picked":"Conserve Battery","floor":8.0},{"not_picked":["Rebound","Amplify"],"picked":"White Noise","floor":10.0},{"not_picked":["Panic Button","BasicCrystalCard"],"picked":"Leap","floor":14}],"player_experience":1117298,"relics_obtained":[{"floor":7.0,"key":"ReplayTheSpireMod:TigerMarble"},{"floor":9.0,"key":"Durian"},{"floor":10.0,"key":"Ginger"},{"floor":14,"key":"CaptainsWheel"}],"event_choices":[],"is_beta":false,"boss_relics":[],"items_purged_floors":[],"is_endless":false,"potions_floor_spawned":[3,10,14],"killed_by":"Hexaghost","ascension_level":20}}