{"host":"d8hh7rr4yzitjeuj","time":1608389119,"event":{"mods":["2.2 Compatiblity","AchievementEnabler","BaseMod","CapriCore","Colored Map","Colored Powertips","Highlight Path","Keyboard Shortcuts","Minty Spire (QoL Compilation)","Permanent Neow","Quick Restart","StSLib","SuperFastMode"],"gold_per_floor":[115,130,205,205,219,219,239,239,263,263,283,283,296,308,308,381,381,351,369,183,183,28,28,47,66,92,108,108,108],"floor_reached":28,"playtime":1173,"items_purged":["Writhe"],"score":428,"play_id":"67c0efed-8de0-4131-9734-ebaaa9c8ed1f","local_time":"20201219234519","is_ascension_mode":true,"campfire_choices":[{"data":"Undo","floor":6.0,"key":"SMITH"},{"data":"Self Repair","floor":10.0,"key":"SMITH"},{"data":"Buffer","floor":12.0,"key":"SMITH"},{"data":"Force Field","floor":15.0,"key":"SMITH"},{"data":"Static Discharge","floor":23.0,"key":"SMITH"}],"circlet_count":0,"master_deck":["AscendersBane","Strike_B","Strike_B","Strike_B","Strike_B","Defend_B","Defend_B","Defend_B","Defend_B","Zap","Dualcast","Self Repair+1","Tempest","Sweeping Beam","Undo+1","Double Energy","Force Field+1","Fusion","Buffer+1","Rebound","Melter","Force Field","Thunder Strike","Streamline","Static Discharge+1","Hologram","Reinforced Body"],"relics":["Snecko Eye","Centennial Puzzle","Coffee Dripper","Medical Kit","Art of War","Happy Flower"],"acts_visited":["Exordium","TheCity"],"potions_floor_usage":[25,28],"damage_taken":[{"damage":3.0,"enemies":"Cultist","floor":1.0,"turns":5.0},{"damage":20.0,"enemies":"2 Louse","floor":2.0,"turns":5.0},{"damage":2.0,"enemies":"Jaw Worm","floor":5.0,"turns":5.0},{"damage":23.0,"enemies":"Exordium Wildlife","floor":7.0,"turns":4.0},{"damage":13.0,"enemies":"Lots of Slimes","floor":11.0,"turns":3.0},{"damage":0.0,"enemies":"Blue Slaver","floor":13.0,"turns":3.0},{"damage":0.0,"enemies":"2 Fungi Beasts","floor":14.0,"turns":2.0},{"damage":30.0,"enemies":"Slime Boss","floor":16.0,"turns":10.0},{"damage":5.0,"enemies":"2 Thieves","floor":18.0,"turns":5.0},{"damage":0.0,"enemies":"Shell Parasite","floor":19.0,"turns":5.0},{"damage":14.0,"enemies":"Snake Plant","floor":24.0,"turns":4.0},{"damage":48,"enemies":"3 Cultists","floor":25,"turns":6},{"damage":0,"enemies":"Snecko","floor":27,"turns":5},{"damage":39,"enemies":"Gremlin Leader","floor":28,"turns":5}],"seed_played":"-1904415946461068921","potions_obtained":[{"floor":2.0,"key":"LiquidBronze"},{"floor":5.0,"key":"Weak Potion"},{"floor":14.0,"key":"EssenceOfDarkness"},{"floor":16.0,"key":"SteroidPotion"}],"is_trial":false,"path_per_floor":["M","M","?","?","M","R","M","?","T","R","M","R","M","M","R","B",null,"M","M","$","?","$","R","M","M","T","M","E"],"character_chosen":"DEFECT","items_purchased":["Medical Kit","Streamline","Static Discharge"],"campfire_rested":0,"item_purchase_floors":[20,20,22],"current_hp_per_floor":[61,48,37,37,42,42,26,26,26,26,23,23,33,43,43,23,59,64,71,71,71,71,71,67,29,29,39,0,0],"gold":108,"neow_bonus":"BOSS_RELIC","is_daily":false,"chose_seed":false,"campfire_upgraded":5,"win_rate":0.0,"timestamp":1608389119,"path_taken":["M","M","?","?","M","R","?","?","T","R","M","R","M","M","R","BOSS","M","M","?","?","$","R","M","?","T","M","E"],"items_purchased_type":["Relic","Card","Card"],"build_version":"2020-12-13","purchased_purges":1,"victory":false,"max_hp_per_floor":[71,71,71,71,71,71,71,71,71,71,71,71,71,71,71,71,71,71,71,71,71,71,71,71,71,71,71,71,71],"card_choices":[{"not_picked":["Redo","Conserve Battery"],"picked":"Self Repair","floor":1.0},{"not_picked":["Steam","Redo"],"picked":"Tempest","floor":2.0},{"not_picked":["Barrage","Redo"],"picked":"Double Energy","floor":5.0},{"not_picked":["Conserve Battery","Reinforced Body"],"picked":"Force Field","floor":7.0},{"not_picked":["Gash","Beam Cell"],"picked":"Rebound","floor":11.0},{"not_picked":["Static Discharge","Beam Cell"],"picked":"Melter","floor":13.0},{"not_picked":["Beam Cell","Doom and Gloom"],"picked":"Force Field","floor":14.0},{"not_picked":["Rainbow","Multi-Cast"],"picked":"Thunder Strike","floor":16.0},{"not_picked":["Skim","Blizzard","Cold Snap"],"picked":"SKIP","floor":18.0},{"not_picked":["Beam Cell","Leap+1","Hologram"],"picked":"SKIP","floor":19.0},{"not_picked":["Coolheaded","Auto Shields","Skim"],"picked":"SKIP","floor":24.0},{"not_picked":["Gash","Conserve Battery"],"picked":"Hologram","floor":25},{"not_picked":["Barrage","Leap"],"picked":"Reinforced Body","floor":27}],"player_experience":1369425,"relics_obtained":[{"floor":9.0,"key":"Centennial Puzzle"},{"floor":26,"key":"Happy Flower"}],"event_choices":[{"damage_healed":0.0,"max_hp_gain":0.0,"max_hp_loss":0.0,"gold_gain":75.0,"event_name":"World of Goop","player_choice":"Gather Gold","floor":3.0,"gold_loss":0.0,"damage_taken":11.0},{"damage_healed":0.0,"max_hp_gain":0.0,"max_hp_loss":0.0,"gold_gain":0.0,"event_name":"Match and Keep!","player_choice":"2 cards matched","floor":4.0,"gold_loss":0.0,"damage_taken":0.0,"cards_obtained":["Sweeping Beam","Undo"]},{"damage_healed":0.0,"max_hp_gain":0.0,"max_hp_loss":0.0,"gold_gain":0.0,"event_name":"Match and Keep!","player_choice":"2 cards matched","floor":8.0,"gold_loss":0.0,"damage_taken":0.0,"cards_obtained":["Fusion","Buffer"]},{"damage_healed":0.0,"max_hp_gain":0.0,"max_hp_loss":0.0,"gold_gain":0.0,"event_name":"Match and Keep!","player_choice":"2 cards matched","floor":8.0,"gold_loss":0.0,"damage_taken":0.0,"cards_obtained":["Fusion","Buffer"]},{"damage_healed":0.0,"max_hp_gain":0.0,"max_hp_loss":0.0,"gold_gain":0.0,"event_name":"The Mausoleum","player_choice":"Opened","floor":21.0,"gold_loss":0.0,"damage_taken":0.0,"relics_obtained":["Art of War"],"cards_obtained":["Writhe"]}],"is_beta":false,"boss_relics":[{"not_picked":["Ectoplasm","Empty Cage"],"picked":"Coffee Dripper"}],"items_purged_floors":[22],"is_endless":false,"potions_floor_spawned":[2,5,14,16,18],"killed_by":"Gremlin Leader","ascension_level":20}}