{"host":"g7i5n6mgt0ag3exa","time":1608351265,"event":{"mods":["AchievementEnabler","BaseMod","Bestiary","Better Note","Block Reminder","Colored Powertips","Filter the Spire","GifTheSpireLib","Highlight Path","Minty Spire (QoL Compilation)","Permanent Neow","Practice Mode","Quick Restart","Rare Cards Sparkle","Relic Stats","StSLib","Uncapped"],"gold_per_floor":[109,122,142,67,84,119,119,136,136,163,163,19,19,19,19,118,118,136,153,108,108],"floor_reached":20,"playtime":1007,"items_purged":["Strike_R"],"score":193,"play_id":"c15bbefd-dfb8-4594-8b76-901e1bbd9241","local_time":"20201218221425","is_ascension_mode":true,"campfire_choices":[{"data":"Demon Form","floor":11,"key":"SMITH"},{"data":"Body Slam","floor":13,"key":"SMITH"},{"floor":15,"key":"REST"}],"circlet_count":0,"master_deck":["Strike_R","Strike_R","Defend_R","Defend_R","Defend_R","Defend_R","Bash","Demon Form+1","Thunderclap","Twin Strike","Body Slam+1","Juggernaut+1","Entrench","Twin Strike"],"relics":["Burning Blood","Ornamental Fan","Shuriken","Frozen Egg 2","Lantern","Empty Cage"],"acts_visited":["Exordium","TheCity"],"potions_floor_usage":[2,6,10,16],"damage_taken":[{"damage":9,"enemies":"Cultist","floor":1,"turns":4},{"damage":2,"enemies":"2 Louse","floor":2,"turns":3},{"damage":6,"enemies":"Jaw Worm","floor":3,"turns":6},{"damage":10,"enemies":"Looter","floor":5,"turns":2},{"damage":27,"enemies":"3 Sentries","floor":6,"turns":6},{"damage":16,"enemies":"Lots of Slimes","floor":8,"turns":5},{"damage":15,"enemies":"Lagavulin","floor":10,"turns":6},{"damage":20,"enemies":"Slime Boss","floor":16,"turns":6},{"damage":28,"enemies":"Spheric Guardian","floor":18,"turns":5},{"damage":32,"enemies":"2 Thieves","floor":19,"turns":5}],"seed_played":"-2939164874853354726","potions_obtained":[{"floor":1,"key":"Weak Potion"},{"floor":5,"key":"SteroidPotion"},{"floor":8,"key":"EssenceOfSteel"},{"floor":10,"key":"Block Potion"}],"is_trial":false,"path_per_floor":["M","M","M","$","M","E","T","M","T","E","R","$","R","?","R","B",null,"M","M","$"],"character_chosen":"IRONCLAD","items_purchased":["Lantern","Twin Strike"],"campfire_rested":1,"item_purchase_floors":[12,20],"current_hp_per_floor":[77,80,80,80,76,55,55,45,45,36,36,36,36,36,60,46,80,58,32,32,32],"gold":108,"neow_bonus":"ONE_RANDOM_RARE_CARD","is_daily":false,"chose_seed":false,"campfire_upgraded":2,"win_rate":0.0,"timestamp":1608351265,"path_taken":["M","M","M","$","M","E","?","M","T","E","R","$","R","?","R","BOSS","M","M","$"],"items_purchased_type":["Relic","Card"],"build_version":"2020-12-13","purchased_purges":1,"victory":false,"max_hp_per_floor":[80,80,80,80,80,80,80,80,80,80,80,80,80,80,80,80,80,80,80,80,80],"relic_stats":{"counters":[10,48],"Ornamental Fan":[24],"Shuriken":[6],"obtain_stats":[{"Lantern":12,"Ornamental Fan":6,"Shuriken":9,"Frozen Egg 2":10,"Empty Cage":17,"Burning Blood":0},{"Lantern":7,"Ornamental Fan":5,"Shuriken":6,"Frozen Egg 2":7,"Empty Cage":8,"Burning Blood":0},{"Lantern":32,"Ornamental Fan":21,"Shuriken":26,"Frozen Egg 2":32,"Empty Cage":38,"Burning Blood":0}],"Burning Blood":59},"card_choices":[{"not_picked":["Shockwave","Clothesline"],"picked":"Thunderclap","floor":1},{"not_picked":["Anger","Pommel Strike","Sever Soul"],"picked":"SKIP","floor":2},{"not_picked":["Iron Wave","Seeing Red"],"picked":"Twin Strike","floor":3},{"not_picked":["Perfected Strike","Pommel Strike","Headbutt"],"picked":"SKIP","floor":5},{"not_picked":["Second Wind","Heavy Blade","Reckless Charge"],"picked":"SKIP","floor":6},{"not_picked":["Flame Barrier","Warcry"],"picked":"Body Slam","floor":8},{"not_picked":["Rupture+1","Pommel Strike","Cleave"],"picked":"SKIP","floor":10},{"not_picked":["Corruption+1","Fiend Fire"],"picked":"Juggernaut+1","floor":16},{"not_picked":["Pommel Strike","Inflame+1","Infernal Blade"],"picked":"SKIP","floor":18},{"not_picked":["Thunderclap","Intimidate"],"picked":"Entrench","floor":19}],"player_experience":64944,"relics_obtained":[{"floor":6,"key":"Ornamental Fan"},{"floor":9,"key":"Shuriken"},{"floor":10,"key":"Frozen Egg 2"}],"event_choices":[{"damage_healed":0,"gold_gain":0,"player_choice":"Ignored","damage_taken":0,"max_hp_gain":0,"max_hp_loss":0,"event_name":"Liars Game","floor":14,"gold_loss":0}],"is_beta":false,"boss_relics":[{"not_picked":["SlaversCollar","Black Blood"],"picked":"Empty Cage"}],"items_purged_floors":[4],"is_endless":false,"potions_floor_spawned":[1,5,8,10],"ascension_level":1}}