{"host":"jc4h38xtrb09g8pb","time":1608349804,"event":{"mods":["AchievementEnabler","BaseMod","Colored Map","Minty Spire (QoL Compilation)","Permanent Neow","SuperFastMode"],"gold_per_floor":[109,126,145,155,155,155,184,184,237,111,111,130,130,160,160,259,259,275,288,288,113,113,113,113],"floor_reached":23,"playtime":791,"items_purged":["Strike_B","Decay"],"score":269,"play_id":"9bb4f746-3765-434f-bfd5-2bf2cd5734c9","local_time":"20201219125004","is_ascension_mode":true,"campfire_choices":[{"data":"Sunder","floor":6.0,"key":"SMITH"},{"data":"Zap","floor":8.0,"key":"SMITH"},{"data":"Consume","floor":15.0,"key":"SMITH"}],"circlet_count":0,"master_deck":["Zap+1","Dualcast","Thunder Strike","Compile Driver","Barrage","Sunder+1","Storm","Consume+1","Ball Lightning","Go for the Eyes","Genetic Algorithm","Biased Cognition","Turbo","Chaos","Aggregate","Echo Form","Multi-Cast","Consume","White Noise+1","Hologram","Capacitor"],"relics":["Cracked Core","Question Card","Boot","Blood Vial","Pandora\u0027s Box"],"acts_visited":["Exordium","TheCity"],"potions_floor_usage":[23],"damage_taken":[{"damage":8.0,"enemies":"2 Louse","floor":1.0,"turns":2.0},{"damage":0.0,"enemies":"Small Slimes","floor":2.0,"turns":2.0},{"damage":1.0,"enemies":"Cultist","floor":3.0,"turns":3.0},{"damage":1.0,"enemies":"Looter","floor":4.0,"turns":2.0},{"damage":8.0,"enemies":"Lagavulin","floor":7.0,"turns":5.0},{"damage":3.0,"enemies":"Exordium Thugs","floor":12.0,"turns":3.0},{"damage":20.0,"enemies":"3 Sentries","floor":14.0,"turns":5.0},{"damage":7.0,"enemies":"The Guardian","floor":16.0,"turns":10.0},{"damage":33,"enemies":"Spheric Guardian","floor":18,"turns":4},{"damage":31,"enemies":"2 Thieves","floor":19,"turns":3},{"damage":34,"enemies":"Slavers","floor":23,"turns":1}],"seed_played":"4589917518563533797","potions_obtained":[{"floor":1.0,"key":"EntropicBrew"},{"floor":2.0,"key":"DistilledChaos"},{"floor":7.0,"key":"PotionOfCapacity"},{"floor":11.0,"key":"EssenceOfDarkness"},{"floor":14.0,"key":"Regen Potion"},{"floor":18,"key":"SteroidPotion"}],"is_trial":false,"path_per_floor":["M","M","M","M","?","R","E","R","T","$","?","M","?","E","R","B",null,"M","M","?","$","?","E"],"character_chosen":"DEFECT","items_purchased":["Ball Lightning","Capacitor"],"campfire_rested":0,"item_purchase_floors":[10,21],"current_hp_per_floor":[60,60,59,58,43,43,35,35,35,35,35,32,32,12,12,22,62,31,2,2,2,27,0,0],"gold":113,"neow_bonus":"ONE_RANDOM_RARE_CARD","is_daily":false,"chose_seed":false,"campfire_upgraded":3,"win_rate":0.0,"timestamp":1608349804,"path_taken":["M","M","M","M","?","R","E","R","T","$","?","?","?","E","R","BOSS","M","M","?","$","?","E"],"items_purchased_type":["Card","Card"],"build_version":"2020-12-13","purchased_purges":2,"victory":false,"max_hp_per_floor":[75,75,75,75,75,75,75,75,75,75,75,75,75,75,75,75,75,75,75,75,75,75,75,75],"card_choices":[{"not_picked":["Leap","Coolheaded"],"picked":"Compile Driver","floor":1.0},{"not_picked":["Sweeping Beam","Aggregate"],"picked":"Barrage","floor":2.0},{"not_picked":["Self Repair","Hologram"],"picked":"Sunder","floor":3.0},{"not_picked":["Coolheaded","Hologram"],"picked":"Storm","floor":4.0},{"not_picked":["Streamline","White Noise"],"picked":"Consume","floor":7.0},{"not_picked":["Fission","Compile Driver","Consume"],"picked":"Go for the Eyes","floor":12.0},{"not_picked":["Stack","Sweeping Beam","Hyperbeam"],"picked":"Genetic Algorithm","floor":14.0},{"not_picked":["Reboot","Machine Learning","Amplify"],"picked":"Biased Cognition","floor":16.0},{"not_picked":["BootSequence","Undo","Ball Lightning+1"],"picked":"White Noise+1","floor":18},{"not_picked":["Conserve Battery","Turbo+1","Ball Lightning"],"picked":"Hologram","floor":19}],"player_experience":704644,"relics_obtained":[{"floor":7.0,"key":"Question Card"},{"floor":9.0,"key":"Boot"},{"floor":14.0,"key":"Blood Vial"}],"event_choices":[{"damage_healed":0.0,"max_hp_gain":0.0,"max_hp_loss":0.0,"gold_gain":0.0,"event_name":"Shining Light","player_choice":"Entered Light","floor":5.0,"gold_loss":0.0,"damage_taken":15.0,"cards_upgraded":["Defend_B","Defend_B"]},{"damage_healed":0.0,"max_hp_gain":0.0,"max_hp_loss":0.0,"gold_gain":0.0,"event_name":"Lab","player_choice":"Got Potions","floor":11.0,"gold_loss":0.0,"damage_taken":0.0},{"cards_removed":["Strike_B"],"damage_healed":0.0,"max_hp_gain":0.0,"max_hp_loss":0.0,"gold_gain":0.0,"event_name":"Bonfire Elementals","player_choice":"Offered Basic","floor":13.0,"gold_loss":0.0,"damage_taken":0.0},{"damage_healed":0,"gold_gain":0,"player_choice":"Smashed Altar","damage_taken":0,"max_hp_gain":0,"max_hp_loss":0,"event_name":"Forgotten Altar","floor":20,"gold_loss":0,"cards_obtained":["Decay"]},{"damage_healed":25,"gold_gain":0,"player_choice":"Heal","damage_taken":0,"max_hp_gain":0,"max_hp_loss":0,"event_name":"The Library","floor":22,"gold_loss":0}],"is_beta":false,"boss_relics":[{"not_picked":["SlaversCollar","Empty Cage"],"picked":"Pandora\u0027s Box"}],"items_purged_floors":[10,21],"is_endless":false,"potions_floor_spawned":[1,2,7,14,18],"killed_by":"Slavers","ascension_level":7}}