{"host":"q9718omregw4er46","time":1608406462,"event":{"mods":["BaseMod","Bestiary","Colored Powertips","Minty Spire (QoL Compilation)","Quick Restart","Relic Stats"],"gold_per_floor":[111,130,145,159,169,202,202,202,229,229,209,209,225,258,258,258,258],"floor_reached":16,"playtime":448,"items_purged":[],"score":224,"play_id":"89230124-dab4-4b57-966d-b8e3cffab9cb","local_time":"20201220003422","is_ascension_mode":true,"campfire_choices":[{"floor":7,"key":"REST"},{"data":"Doom and Gloom","floor":12,"key":"SMITH"},{"data":"Static Discharge","floor":15,"key":"SMITH"}],"circlet_count":0,"master_deck":["AscendersBane","Strike_B","Strike_B","Strike_B","Defend_B","Defend_B","Defend_B","Defend_B","Zap","Dualcast","Glacier","FTL","Cold Snap","Doom and Gloom+1","Doubt","Static Discharge+1"],"relics":["Cursed Key","HornCleat","Oddly Smooth Stone","Golden Idol","Lantern"],"acts_visited":["Exordium"],"potions_floor_usage":[6,16],"damage_taken":[{"damage":1,"enemies":"Cultist","floor":1,"turns":4},{"damage":14,"enemies":"Small Slimes","floor":2,"turns":5},{"damage":1,"enemies":"2 Louse","floor":3,"turns":3},{"damage":6,"enemies":"2 Fungi Beasts","floor":4,"turns":5},{"damage":4,"enemies":"Red Slaver","floor":5,"turns":3},{"damage":23,"enemies":"Gremlin Nob","floor":6,"turns":4},{"damage":0,"enemies":"Exordium Wildlife","floor":13,"turns":3},{"damage":5,"enemies":"Lagavulin","floor":14,"turns":6},{"damage":27,"enemies":"Hexaghost","floor":16,"turns":10}],"seed_played":"-6656838862015883512","potions_obtained":[{"floor":1,"key":"FocusPotion"},{"floor":4,"key":"PowerPotion"},{"floor":6,"key":"SkillPotion"},{"floor":14,"key":"BlessingOfTheForge"}],"is_trial":false,"path_per_floor":["M","M","M","M","M","E","R","?","T","?","?","R","M","E","R","B"],"character_chosen":"DEFECT","items_purchased":[],"campfire_rested":1,"item_purchase_floors":[],"current_hp_per_floor":[63,49,48,42,38,15,36,29,29,29,29,29,29,24,24,0,0],"gold":258,"neow_bonus":"BOSS_RELIC","is_daily":false,"chose_seed":false,"campfire_upgraded":2,"win_rate":0.0,"timestamp":1608406462,"path_taken":["M","?","M","M","M","E","R","?","T","?","?","R","M","E","R","BOSS"],"items_purchased_type":[],"build_version":"2020-12-13","purchased_purges":0,"victory":false,"max_hp_per_floor":[71,71,71,71,71,71,71,71,71,64,64,64,64,64,64,64,64],"relic_stats":{"counters":[9,43],"Golden Idol":10,"Cursed Key":1,"obtain_stats":[{"Lantern":14,"HornCleat":6,"Golden Idol":10,"Oddly Smooth Stone":9,"Cracked Core":0,"Cursed Key":0},{"Lantern":8,"HornCleat":6,"Golden Idol":6,"Oddly Smooth Stone":6,"Cracked Core":0,"Cursed Key":0},{"Lantern":33,"HornCleat":24,"Golden Idol":24,"Oddly Smooth Stone":24,"Cracked Core":0,"Cursed Key":0}]},"card_choices":[{"not_picked":["Turbo","Heatsinks","Rip and Tear"],"picked":"SKIP","floor":1},{"not_picked":["Cold Snap","Steam"],"picked":"Glacier","floor":2},{"not_picked":["Conserve Battery","Rebound","Turbo"],"picked":"SKIP","floor":3},{"not_picked":["Rebound","Conserve Battery"],"picked":"FTL","floor":4},{"not_picked":["Reboot","Reprogram"],"picked":"Cold Snap","floor":5},{"not_picked":["Force Field","Hello World"],"picked":"Doom and Gloom","floor":6},{"not_picked":["Consume","Stack"],"picked":"Static Discharge","floor":13},{"not_picked":["Hello World","Scrape","Rebound"],"picked":"SKIP","floor":14}],"player_experience":1063916,"relics_obtained":[{"floor":6,"key":"HornCleat"},{"floor":9,"key":"Oddly Smooth Stone"},{"floor":14,"key":"Lantern"}],"event_choices":[{"cards_removed":["Strike_B"],"damage_healed":0,"gold_gain":0,"player_choice":"Card Removal","damage_taken":7,"max_hp_gain":0,"max_hp_loss":0,"event_name":"Golden Wing","floor":8,"gold_loss":0},{"damage_healed":0,"gold_gain":0,"player_choice":"Lose Max HP","damage_taken":0,"relics_obtained":["Golden Idol"],"max_hp_gain":0,"max_hp_loss":7,"event_name":"Golden Idol","floor":10,"gold_loss":0},{"damage_healed":0,"gold_gain":0,"player_choice":"Bought 1 Potion","damage_taken":0,"max_hp_gain":0,"max_hp_loss":0,"event_name":"The Woman in Blue","floor":11,"gold_loss":0}],"is_beta":false,"boss_relics":[],"items_purged_floors":[],"is_endless":false,"potions_floor_spawned":[1,4,6,14],"killed_by":"Hexaghost","ascension_level":20}}