{"host":"6ppucmbu28e4pclv","time":1608357563,"event":{"mods":["BaseMod","Colored Map","DeckTracker","Minty Spire (QoL Compilation)","StSLib"],"gold_per_floor":[111,128,78,78,2,2,13,27,27,58,58,58,75,92,92,165,165,176,187,187,112,112,112,140,140,140],"floor_reached":25,"playtime":941,"items_purged":["Flying Knee"],"score":365,"play_id":"f4c9ad59-7a8d-4a56-9548-ad6948457d06","local_time":"20201218215923","is_ascension_mode":true,"campfire_choices":[{"data":"Poisoned Stab","floor":6,"key":"SMITH"},{"data":"Terror","floor":15,"key":"SMITH"},{"data":"Phantasmal Killer","floor":23,"key":"SMITH"}],"circlet_count":0,"master_deck":["AscendersBane","Strike_G","Strike_G","Strike_G","Defend_G","Defend_G","Defend_G","Defend_G","Defend_G","Survivor","Neutralize","Poisoned Stab+1","Dodge and Roll","Poisoned Stab+1","Deadly Poison","Well Laid Plans","Backflip","Riddle With Holes+1","Terror+1","Backflip","Phantasmal Killer+1","CurseOfTheBell","Slice+1","Blade Dance","Concentrate"],"relics":["Ring of the Snake","Molten Egg 2","Pocketwatch","Calling Bell","Akabeko","Question Card","Unceasing Top","StrikeDummy","MealTicket"],"acts_visited":["Exordium","TheCity"],"potions_floor_usage":[13,16,16,24,24],"damage_taken":[{"damage":3,"enemies":"Small Slimes","floor":1,"turns":4},{"damage":0,"enemies":"Jaw Worm","floor":2,"turns":6},{"damage":0,"enemies":"2 Louse","floor":7,"turns":3},{"damage":12,"enemies":"Exordium Thugs","floor":8,"turns":4},{"damage":29,"enemies":"3 Sentries","floor":10,"turns":10},{"damage":10,"enemies":"Exordium Wildlife","floor":13,"turns":5},{"damage":3,"enemies":"Looter","floor":14,"turns":3},{"damage":4,"enemies":"The Guardian","floor":16,"turns":8},{"damage":1,"enemies":"Shell Parasite","floor":18,"turns":2},{"damage":15,"enemies":"3 Byrds","floor":19,"turns":5},{"damage":10,"enemies":"Book of Stabbing","floor":24,"turns":4},{"damage":29,"enemies":"Shelled Parasite and Fungi","floor":25,"turns":2}],"seed_played":"-8901706494196344208","potions_obtained":[{"floor":1,"key":"SneckoOil"},{"floor":8,"key":"Regen Potion"},{"floor":10,"key":"Regen Potion"},{"floor":14,"key":"ColorlessPotion"},{"floor":16,"key":"SkillPotion"},{"floor":19,"key":"Weak Potion"},{"floor":24,"key":"Strength Potion"}],"is_trial":false,"path_per_floor":["M","M","?","?","$","R","M","M","T","E","?","?","M","M","R","B",null,"M","M","?","$","T","R","E","M"],"character_chosen":"THE_SILENT","items_purchased":["Poisoned Stab","Deadly Poison"],"campfire_rested":0,"item_purchase_floors":[5,5],"current_hp_per_floor":[60,60,60,60,60,60,60,48,48,19,12,12,14,11,11,22,58,57,42,36,36,36,36,26,0,0],"gold":140,"neow_bonus":"THREE_CARDS","is_daily":false,"chose_seed":false,"campfire_upgraded":3,"win_rate":0.0,"timestamp":1608357563,"path_taken":["M","M","?","?","$","R","M","M","T","E","?","?","M","M","R","BOSS","M","M","?","$","?","R","E","M"],"items_purchased_type":["Card","Card"],"build_version":"2020-12-13","purchased_purges":1,"victory":false,"max_hp_per_floor":[70,70,70,70,70,70,70,70,70,70,70,70,70,70,70,70,70,70,70,70,70,70,70,70,70,70],"card_choices":[{"not_picked":["Caltrops","Bane"],"picked":"Poisoned Stab","floor":0},{"not_picked":["Noxious Fumes","Flechettes"],"picked":"Dodge and Roll","floor":1},{"not_picked":["Bane","Finisher"],"picked":"Flying Knee","floor":2},{"not_picked":["Endless Agony","Outmaneuver"],"picked":"Well Laid Plans","floor":7},{"not_picked":["All Out Attack","Concentrate"],"picked":"Backflip","floor":8},{"not_picked":["Distraction","Sucker Punch+1"],"picked":"Riddle With Holes+1","floor":10},{"not_picked":["Acrobatics","Setup"],"picked":"Terror","floor":13},{"not_picked":["Sucker Punch+1","Heel Hook+1"],"picked":"Backflip","floor":14},{"not_picked":["Doppelganger","Venomology"],"picked":"Phantasmal Killer","floor":16},{"not_picked":["Well Laid Plans","Bane+1","Riddle With Holes+1"],"picked":"Slice+1","floor":18},{"not_picked":["Noxious Fumes","Eviscerate+1","Quick Slash+1"],"picked":"Blade Dance","floor":19},{"not_picked":["Night Terror","PiercingWail","Backflip"],"picked":"Concentrate","floor":24}],"player_experience":867674,"relics_obtained":[{"floor":9,"key":"Molten Egg 2"},{"floor":10,"key":"Pocketwatch"},{"floor":17,"key":"Akabeko"},{"floor":17,"key":"Question Card"},{"floor":17,"key":"Unceasing Top"},{"floor":22,"key":"StrikeDummy"},{"floor":24,"key":"MealTicket"}],"event_choices":[{"cards_removed":["Strike_G"],"damage_healed":0,"gold_gain":0,"player_choice":"Card Removal","damage_taken":0,"max_hp_gain":0,"max_hp_loss":0,"event_name":"The Cleric","floor":3,"gold_loss":50},{"damage_healed":0,"gold_gain":0,"player_choice":"Grow","damage_taken":0,"max_hp_gain":0,"max_hp_loss":0,"event_name":"Living Wall","floor":4,"gold_loss":0,"cards_upgraded":["Poisoned Stab"]},{"cards_removed":["Strike_G"],"damage_healed":0,"gold_gain":0,"player_choice":"Card Removal","damage_taken":7,"max_hp_gain":0,"max_hp_loss":0,"event_name":"Golden Wing","floor":11,"gold_loss":0},{"damage_healed":0,"gold_gain":0,"player_choice":"Ignored","damage_taken":0,"max_hp_gain":0,"max_hp_loss":0,"event_name":"Shining Light","floor":12,"gold_loss":0},{"damage_healed":0,"gold_gain":0,"player_choice":"","damage_taken":6,"max_hp_gain":0,"max_hp_loss":0,"event_name":"Knowing Skull","floor":20,"potions_obtained":[],"gold_loss":0,"cards_obtained":[]}],"is_beta":false,"boss_relics":[{"not_picked":["SacredBark","Busted Crown"],"picked":"Calling Bell"}],"items_purged_floors":[21],"is_endless":false,"potions_floor_spawned":[1,8,10,14,16,19,24],"killed_by":"Shelled Parasite and Fungi","ascension_level":13}}