{"host":"uua02xqorlefedoe","time":1608396232,"event":{"mods":["AchievementEnabler","BaseMod","Bestiary","Colored Map","DeckTracker","Googly Eyes","Minty Spire (QoL Compilation)","Quick Restart","StSLib"],"gold_per_floor":[116,129,304,264,11,26,58,77,127,45,63,63,81,94,94,194,194,212,212,225,243,243,243],"floor_reached":22,"playtime":1334,"items_purged":["Doubt"],"score":312,"play_id":"26a10532-24a9-4b6f-bced-22661b9941e9","local_time":"20201219164352","is_ascension_mode":true,"campfire_choices":[{"data":"Catalyst","floor":12.0,"key":"SMITH"},{"data":"Well Laid Plans","floor":15.0,"key":"SMITH"}],"circlet_count":0,"master_deck":["Strike_G","Strike_G","Strike_G","Strike_G","Strike_G","Defend_G","Defend_G","Defend_G","Defend_G","Defend_G","Survivor","Neutralize","Footwork","All Out Attack","Grand Finale","Bouncing Flask","Dagger Throw","Quick Slash","Deadly Poison","Catalyst+1","Die Die Die","Deflect","Well Laid Plans+1","Corpse Explosion","Backflip+1","Masterful Stab","Backflip"],"relics":["Ring of the Snake","The Specimen","Ninja Scroll","Omamori","Cursed Key"],"acts_visited":["Exordium","TheCity"],"potions_floor_usage":[],"damage_taken":[{"damage":0.0,"enemies":"Jaw Worm","floor":1.0,"turns":5.0},{"damage":0.0,"enemies":"Small Slimes","floor":2.0,"turns":5.0},{"damage":0.0,"enemies":"Cultist","floor":6.0,"turns":4.0},{"damage":21.0,"enemies":"Lagavulin","floor":7.0,"turns":5.0},{"damage":6.0,"enemies":"Red Slaver","floor":8.0,"turns":3.0},{"damage":0.0,"enemies":"2 Fungi Beasts","floor":11.0,"turns":2.0},{"damage":1.0,"enemies":"Blue Slaver","floor":13.0,"turns":4.0},{"damage":15.0,"enemies":"Exordium Thugs","floor":14.0,"turns":4.0},{"damage":13.0,"enemies":"Hexaghost","floor":16.0,"turns":8.0},{"damage":32.0,"enemies":"Shell Parasite","floor":18.0,"turns":5.0},{"damage":0.0,"enemies":"Chosen","floor":20.0,"turns":4.0},{"damage":10.0,"enemies":"Centurion and Healer","floor":21.0,"turns":6.0},{"damage":19,"enemies":"Snecko","floor":22,"turns":3}],"seed_played":"-1112225805286662979","potions_obtained":[{"floor":4.0,"key":"Energy Potion"},{"floor":4.0,"key":"SneckoOil"},{"floor":4.0,"key":"Ancient Potion"},{"floor":6.0,"key":"PowerPotion"}],"is_trial":false,"path_per_floor":["M","M","?","?","$","M","E","M","T","$","M","R","M","M","R","B",null,"M","?","M","M","M"],"character_chosen":"THE_SILENT","items_purchased":["Grand Finale","Bouncing Flask","Catalyst"],"campfire_rested":0,"item_purchase_floors":[5,5,10],"current_hp_per_floor":[63,63,63,63,63,63,42,36,36,36,36,36,35,20,20,7,49,17,17,17,7,0,0],"gold":243,"neow_bonus":"ONE_RARE_RELIC","is_daily":false,"chose_seed":false,"campfire_upgraded":2,"win_rate":0.0,"timestamp":1608396232,"path_taken":["M","M","?","?","$","M","E","M","T","$","M","R","M","M","R","BOSS","M","?","M","?","M"],"items_purchased_type":["Card","Card","Card"],"build_version":"2020-12-13","purchased_purges":1,"victory":false,"max_hp_per_floor":[63,63,63,63,63,63,63,63,63,63,63,63,63,63,63,63,63,63,63,63,63,63,63],"card_choices":[{"not_picked":["Underhanded Strike","Deflect"],"picked":"Footwork","floor":1.0},{"not_picked":["Flying Knee","Tactician"],"picked":"All Out Attack","floor":2.0},{"not_picked":["Acrobatics","Cloak And Dagger"],"picked":"Dagger Throw","floor":6.0},{"not_picked":["Slice","Calculated Gamble"],"picked":"Quick Slash","floor":7.0},{"not_picked":["Outmaneuver","Quick Slash"],"picked":"Deadly Poison","floor":8.0},{"not_picked":["Setup","Crippling Poison"],"picked":"Die Die Die","floor":11.0},{"not_picked":["Bane","Sucker Punch"],"picked":"Deflect","floor":13.0},{"not_picked":["Concentrate","Acrobatics"],"picked":"Well Laid Plans","floor":14.0},{"not_picked":["Doppelganger","Burst"],"picked":"Corpse Explosion","floor":16.0},{"not_picked":["Well Laid Plans","Dodge and Roll"],"picked":"Backflip+1","floor":18.0},{"not_picked":["Footwork","Prepared+1"],"picked":"Backflip","floor":20.0},{"not_picked":["Accuracy","Quick Slash","Catalyst"],"picked":"SKIP","floor":21.0}],"player_experience":478500,"relics_obtained":[{"floor":7.0,"key":"Ninja Scroll"},{"floor":9.0,"key":"Omamori"}],"event_choices":[{"damage_healed":0.0,"max_hp_gain":0.0,"max_hp_loss":0.0,"gold_gain":175.0,"event_name":"Liars Game","player_choice":"AGREE","floor":3.0,"gold_loss":0.0,"damage_taken":0.0,"cards_obtained":["Doubt"]},{"damage_healed":0.0,"max_hp_gain":0.0,"max_hp_loss":0.0,"gold_gain":0.0,"event_name":"The Woman in Blue","player_choice":"Bought 3 Potions","floor":4.0,"gold_loss":0.0,"damage_taken":0.0},{"damage_healed":0.0,"max_hp_gain":0.0,"max_hp_loss":0.0,"gold_gain":0.0,"event_name":"Match and Keep!","player_choice":"1 cards matched","floor":19.0,"gold_loss":0.0,"damage_taken":0.0,"cards_obtained":["Masterful Stab"]}],"is_beta":false,"boss_relics":[{"not_picked":["Fusion Hammer","Busted Crown"],"picked":"Cursed Key"}],"items_purged_floors":[5],"is_endless":false,"potions_floor_spawned":[6,7,11,14],"killed_by":"Snecko","ascension_level":9}}