{"host":"Limoen","time":1608366687,"event":{"mods":["Aspiration","BaseMod","CCEM","Colored Powertips","Conspire","Downfall","Halation","Hubris","Infinite Spire","Mimic Mod","Minty Spire (QoL Compilation)","Quick Restart","RatMod","Relic Sorter","Replay The Spire","Spicy Shops","Spikes Relics","StSLib","The Blue Laboratory","Trackpad","vexMod"],"gold_per_floor":[99,199,119,119,119,150,150,135,135,166,166,181,195,213,229,229,229],"floor_reached":16,"playtime":524,"items_purged":[],"score":133,"play_id":"d17258f0-0824-4903-86b5-e5f5eef49ef3","local_time":"20201219093127","is_ascension_mode":false,"campfire_choices":[{"data":"hexamod:Sear","floor":1,"key":"SMITH"},{"data":"hexamod:ExtraCrispy","floor":5,"key":"SMITH"},{"data":"hexamod:Incineration","floor":9,"key":"SMITH"}],"circlet_count":0,"master_deck":["hexamod:Strike","hexamod:Strike","hexamod:Strike","hexamod:Strike","hexamod:Defend","hexamod:Defend","hexamod:Defend","hexamod:Defend","hexamod:Sear+1","hexamod:Float","hexamod:FirstSeal","hexamod:ExtraCrispy+1","hexamod:Incineration+1","hexamod:CatchUp","hexamod:VolcanoVisage","hexamod:ThirdSeal","hexamod:GhostflameBarrier","hexamod:ShieldOfDarkness","hexamod:Incineration","hexamod:Firestarter","hexamod:RecurringNightmare","hexamod:FirstSeal"],"relics":["hexamod:SpiritBrand","downfall:HeartsMalice","halation:LostSnail","Onion Ring","Gremlin Food","Shovel","Boot"],"acts_visited":["Exordium"],"potions_floor_usage":[16,16,16],"damage_taken":[{"damage":0,"enemies":"downfall:FleeingMerchant","floor":3,"turns":1},{"damage":0,"enemies":"Cultist","floor":4,"turns":1},{"damage":0,"enemies":"Lagavulin","floor":6,"turns":1},{"damage":4,"enemies":"downfall:FleeingMerchant","floor":8,"turns":4},{"damage":8,"enemies":"Gremlin Nob","floor":10,"turns":3},{"damage":18,"enemies":"Jaw Worm","floor":12,"turns":3},{"damage":16,"enemies":"Small Slimes","floor":13,"turns":4},{"damage":9,"enemies":"Blue Slaver","floor":14,"turns":4},{"damage":17,"enemies":"3 Louse","floor":15,"turns":3},{"damage":27,"enemies":"downfall:Silent","floor":16,"turns":4}],"seed_played":"1815221593763210692","potions_obtained":[{"floor":6,"key":"Strength Potion"},{"floor":12,"key":"blueLaboratory:BottledHope"},{"floor":13,"key":"hexamod:DoubleChargePotion"},{"floor":14,"key":"ColorlessPotion"}],"is_trial":false,"path_per_floor":["R","?","$","M","R","E","T","$","R","E","T","M","M","M","M","B"],"character_chosen":"THE_SPIRIT","items_purchased":["halation:LostSnail"],"campfire_rested":0,"item_purchase_floors":[3],"current_hp_per_floor":[70,70,70,70,70,70,70,70,70,69,69,58,49,40,23,0,0],"gold":229,"neow_bonus":"THREE_ENEMY_KILL","is_daily":false,"chose_seed":false,"campfire_upgraded":3,"win_rate":0.0,"timestamp":1608366687,"path_taken":["R","?","?","?","R","E","T","$","R","E","?","?","M","M","M","BOSS"],"items_purchased_type":["Relic"],"build_version":"2020-12-17","purchased_purges":0,"victory":false,"max_hp_per_floor":[70,70,70,70,70,70,70,70,70,70,70,70,70,70,70,70,70],"card_choices":[{"not_picked":["hexamod:BacktrackSmack","hexamod:HeatCrush"],"picked":"hexamod:FirstSeal","floor":3},{"not_picked":["hexamod:GhostLash","hexamod:HauntingEcho"],"picked":"hexamod:ExtraCrispy","floor":4},{"not_picked":["hexamod:BurningTouch","hexamod:SpectralAdrenaline"],"picked":"hexamod:Incineration","floor":6},{"not_picked":["hexamod:SkipABeat","hexamod:HauntingEcho"],"picked":"hexamod:CatchUp","floor":8},{"not_picked":["hexamod:Rewind","hexamod:AdvancingGuard"],"picked":"hexamod:VolcanoVisage","floor":10},{"not_picked":["hexamod:FirstSeal","hexamod:BurningTouch"],"picked":"hexamod:ThirdSeal","floor":12},{"not_picked":["hexamod:SpectralAdrenaline","hexamod:Hexaguard"],"picked":"hexamod:GhostflameBarrier","floor":13},{"not_picked":["hexamod:HauntingEcho","hexamod:FastForward"],"picked":"hexamod:ShieldOfDarkness","floor":13},{"not_picked":["hexamod:HeatCrush","hexamod:GhostShield"],"picked":"hexamod:Incineration","floor":14},{"not_picked":["hexamod:Haunt","hexamod:ShieldOfDarkness"],"picked":"hexamod:Firestarter","floor":14},{"not_picked":["hexamod:GhostShield","hexamod:Firestarter"],"picked":"hexamod:RecurringNightmare","floor":15},{"not_picked":["hexamod:Incineration","hexamod:HeatShield"],"picked":"hexamod:FirstSeal","floor":15}],"player_experience":400334,"relics_obtained":[{"floor":6,"key":"Onion Ring"},{"floor":7,"key":"Gremlin Food"},{"floor":10,"key":"Shovel"},{"floor":11,"key":"Boot"}],"event_choices":[],"is_beta":true,"boss_relics":[],"items_purged_floors":[],"is_endless":false,"potions_floor_spawned":[6,12,13,14,15],"killed_by":"downfall:Silent","ascension_level":0}}