{"host":"cyh4fejqtcjbfr7k","time":1608350402,"event":{"mods":["2.2 Compatiblity","AchievementEnabler","BaseMod","Colored Map","Colored Powertips","DeckTracker","Downfall","Googly Eyes","Hubris","Infinite Spire","Minty Spire (QoL Compilation)","Replay The Spire","Shop Mod","StSLib","SuperFastMode","Unceasing Turn Reminder"],"gold_per_floor":[111,111,111,128,128,128,162,162,162,162,173,173,183,211,223,339,351,379,410,422,434,459,497,521,546,558,570,582,594,606,367,367,463,463,482,482,498,510,525,525,559,22,75,75,75,106,57,57,57,57],"floor_reached":51,"playtime":2322,"items_purged":["Doubt","Strike_G"],"score":714,"play_id":"ddba3f46-f628-4b9c-8174-8f4f1f78901c","local_time":"20201218210002","is_ascension_mode":true,"campfire_choices":[{"data":"Survivor","floor":6,"key":"SMITH"},{"data":"Hidden Blade","floor":8,"key":"SMITH"},{"data":"Crippling Poison","floor":15,"key":"SMITH"},{"floor":27,"key":"REST"},{"floor":29,"key":"REST"},{"floor":32,"key":"REST"},{"floor":40,"key":"REST"},{"floor":44,"key":"REST"},{"data":"Apotheosis","floor":49,"key":"SMITH"}],"circlet_count":0,"master_deck":["Strike_G","Strike_G","Strike_G","Strike_G","Defend_G","Defend_G","Defend_G","Defend_G","Defend_G","Survivor+1","Neutralize+1","Quick Slash","Adrenaline+1","Hidden Blade+1","Outmaneuver","Deflect","Crippling Poison+1","Burst","PiercingWail","Reflex","Blade Dance+1","Toxin Wave+1","Well Laid Plans+1","Apotheosis+1","Noxious Fumes+1","Poisoned Stab","Poisoned Stab","Glass Knife","Accuracy+1","Deadly Poison","Envenom+1","Toxin Wave","Backflip+1","Poisoned Stab"],"relics":["Ring of the Snake","NeowsBlessing","Pantograph","Letter Opener","Black Star","Question Card","Busted Crown","Frozen Egg 2","Bag of Marbles","hubris:Towel","ReplayTheSpireMod:CursedCoin","MerchantsRug","hubris:ScarierMask","Lantern","Vampiric Spirits","TwistedFunnel","Counterbalance","Juzu Bracelet","infinitespire:PuzzleCube","Akabeko"],"acts_visited":["Exordium","TheCity","TheBeyond"],"potions_floor_usage":[14,14,23,23,35,38,39],"damage_taken":[{"damage":0,"enemies":"Cultist","floor":1,"turns":1},{"damage":0,"enemies":"Jaw Worm","floor":4,"turns":1},{"damage":0,"enemies":"3 Sentries","floor":7,"turns":1},{"damage":0,"enemies":"Small Slimes","floor":11,"turns":3},{"damage":0,"enemies":"Gremlin Gang","floor":13,"turns":5},{"damage":15,"enemies":"Lagavulin","floor":14,"turns":4},{"damage":70,"enemies":"Fading Forest","floor":16,"turns":11},{"damage":13,"enemies":"Spheric Guardian","floor":18,"turns":4},{"damage":0,"enemies":"Chosen","floor":19,"turns":5},{"damage":1,"enemies":"Centurion and Healer","floor":22,"turns":6},{"damage":26,"enemies":"Replay:Snechameleon","floor":23,"turns":10},{"damage":17,"enemies":"Shelled Parasite and Fungi","floor":24,"turns":6},{"damage":2,"enemies":"Snecko","floor":25,"turns":5},{"damage":4,"enemies":"Automaton","floor":33,"turns":8},{"damage":12,"enemies":"3 Darklings","floor":35,"turns":5},{"damage":0,"enemies":"Orb Walker","floor":37,"turns":3},{"damage":15,"enemies":"Jaw Worm Horde","floor":38,"turns":3},{"damage":18,"enemies":"Transient","floor":39,"turns":5},{"damage":30,"enemies":"Reptomancer","floor":41,"turns":6},{"damage":50,"enemies":"Giant Head","floor":46,"turns":7},{"damage":3,"enemies":"infinitespire:MassOfShapes","floor":50,"turns":2}],"seed_played":"4559903058746265190","potions_obtained":[{"floor":1,"key":"AttackPotion"},{"floor":7,"key":"CunningPotion"},{"floor":14,"key":"hexamod:EctoCoolerPotion"},{"floor":16,"key":"Milkshake"},{"floor":19,"key":"GamblersBrew"},{"floor":25,"key":"ColorlessPotion"},{"floor":33,"key":"Dexterity Potion"},{"floor":35,"key":"SteroidPotion"},{"floor":37,"key":"Reflective Coating"},{"floor":41,"key":"Elixir"},{"floor":46,"key":"LiquidBronze"}],"is_trial":false,"path_per_floor":["M","?","$","M","?","R","E","R","T","$","M","?","M","E","R","B",null,"M","M","?","AVR","M","E","M","M","T","R","?","R","?","$","R","B",null,"M","?","M","M","M","R","E","$","T","R","?","E","$","?","R","B",null],"character_chosen":"THE_SILENT","items_purchased":["Apotheosis","ReplayTheSpireMod:CursedCoin","Noxious Fumes+1","Poisoned Stab","MerchantsRug","TwistedFunnel","Counterbalance","Block Potion"],"campfire_rested":5,"item_purchase_floors":[31,31,31,31,31,42,42,47],"current_hp_per_floor":[70,70,70,70,70,70,70,70,70,70,70,75,75,60,60,5,75,62,62,62,62,61,35,18,16,16,38,38,60,46,46,70,76,80,68,68,68,53,35,59,29,29,29,53,53,6,6,70,70,70],"gold":57,"neow_bonus":"THREE_ENEMY_KILL","is_daily":false,"chose_seed":false,"campfire_upgraded":4,"win_rate":0.0,"timestamp":1608350402,"path_taken":["M","?","?","?","?","R","E","R","T","$","M","?","M","E","R","BOSS","M","M","?","AVR","?","E","?","M","T","R","?","R","?","?","R","BOSS","M","?","M","M","M","R","E","$","T","R","?","E","$","?","R","BOSS"],"items_purchased_type":["Card","Relic","Card","Card","Relic","Relic","Relic","Potion"],"build_version":"2020-12-13","purchased_purges":2,"victory":true,"max_hp_per_floor":[70,70,70,70,70,70,70,70,70,70,70,75,75,75,75,75,75,75,75,75,75,75,75,75,75,75,75,75,75,80,80,80,80,80,80,80,80,80,80,80,80,80,80,80,80,80,80,70,70,70],"card_choices":[{"not_picked":["PiercingWail","Outmaneuver"],"picked":"Quick Slash","floor":1},{"not_picked":["Flying Knee","Deadly Poison"],"picked":"Adrenaline","floor":4},{"not_picked":["Acrobatics","ReplayTheSpireMod:Scrap Shanks"],"picked":"Hidden Blade","floor":7},{"not_picked":["Deadly Poison","Hidden Blade"],"picked":"Outmaneuver","floor":11},{"not_picked":["Sucker Punch","Backflip"],"picked":"Deflect","floor":13},{"not_picked":["Bane","Caltrops"],"picked":"Crippling Poison","floor":14},{"not_picked":["Corpse Explosion","Unload"],"picked":"Burst","floor":16},{"not_picked":["Underhanded Strike","Dagger Throw"],"picked":"PiercingWail","floor":18},{"not_picked":["Backflip","Underhanded Strike+1"],"picked":"Reflex","floor":19},{"not_picked":["Concentrate","Flechettes+1"],"picked":"SKIP","floor":22},{"not_picked":["Accuracy+1"],"picked":"Blade Dance+1","floor":23},{"not_picked":["Underhanded Strike"],"picked":"Toxin Wave+1","floor":24},{"not_picked":["Dash"],"picked":"Well Laid Plans+1","floor":25},{"not_picked":["ReplayTheSpireMod:From All Sides"],"picked":"Glass Knife","floor":33},{"not_picked":["Sucker Punch"],"picked":"Accuracy+1","floor":35},{"not_picked":["Fluid Movement+1"],"picked":"Deadly Poison","floor":37},{"not_picked":["Cloak And Dagger+1"],"picked":"Envenom+1","floor":38},{"not_picked":["Sucker Punch"],"picked":"Toxin Wave","floor":39},{"not_picked":["Flying Knee"],"picked":"Backflip+1","floor":41},{"not_picked":["Backflip+1"],"picked":"Poisoned Stab","floor":46}],"player_experience":579988,"relics_obtained":[{"floor":7,"key":"Pantograph"},{"floor":9,"key":"Letter Opener"},{"floor":14,"key":"MawBank"},{"floor":23,"key":"Frozen Egg 2"},{"floor":23,"key":"Bag of Marbles"},{"floor":41,"key":"Lantern"},{"floor":41,"key":"Vampiric Spirits"},{"floor":43,"key":"Juzu Bracelet"},{"floor":46,"key":"infinitespire:PuzzleCube"},{"floor":46,"key":"Akabeko"}],"event_choices":[{"damage_healed":0,"gold_gain":0,"player_choice":"Donut","damage_taken":0,"max_hp_gain":5,"max_hp_loss":0,"event_name":"Big Fish","floor":12,"gold_loss":0},{"damage_healed":0,"gold_gain":0,"player_choice":"Gave Potion","damage_taken":0,"relics_obtained":["Question Card"],"max_hp_gain":0,"max_hp_loss":0,"event_name":"WeMeetAgain","floor":20,"gold_loss":0},{"damage_healed":0,"gold_gain":0,"player_choice":"Shed Blood","damage_taken":19,"max_hp_gain":5,"max_hp_loss":0,"event_name":"Forgotten Altar","floor":30,"gold_loss":0},{"damage_healed":70,"gold_gain":0,"player_choice":"Heal","damage_taken":0,"max_hp_gain":0,"max_hp_loss":10,"event_name":"The Moai Head","floor":48,"gold_loss":0}],"is_beta":false,"boss_relics":[{"not_picked":["Tiny House","Philosopher\u0027s Stone"],"picked":"Black Star"},{"not_picked":["hubris:TerracottaHorce","Replay:Bronze Core"],"picked":"hubris:ScarierMask"}],"items_purged_floors":[31,42],"is_endless":false,"potions_floor_spawned":[1,7,14,16,19,25,33,35,37,41,46],"ascension_level":3}}