{"host":"a5e2zwd8c2ad7the","time":1608388538,"event":{"mods":["Act Like it!","BaseMod","Colored Map","Hallownest","Minty Spire (QoL Compilation)","Quick Restart","Replay The Spire","StSLib","The Bug Knight","The Jungle"],"gold_per_floor":[109,109,128,205,4,4,4,43,91,105,121,121,121],"floor_reached":12,"playtime":244,"items_purged":[],"score":103,"play_id":"e38f247e-aabc-4093-b7dc-50c9a4c29d99","local_time":"20201219223538","is_ascension_mode":false,"campfire_choices":[],"circlet_count":0,"master_deck":["HollowMod:NailStrikeStart","HollowMod:NailStrikeStart","HollowMod:NailStrikeStart","HollowMod:NailStrikeStart","HollowMod:QuickDashStart","HollowMod:QuickDashStart","HollowMod:QuickDashStart","HollowMod:FocusHealStart","HollowMod:PogoStrike","HollowMod:SoulStrike","HollowMod:SoulVessel","HollowMod:LifebloodCocoon","HollowMod:FallenFury","HollowMod:FallenFury","HollowMod:HeavyBlow","HollowMod:SharpenedNail","HollowMod:GoodIntentions","HollowMod:SoulEater","HollowMod:CoiledNail"],"relics":["HollowMod:VesselMask","NeowsBlessing","The Courier","Golden Idol","Nunchaku","Anchor"],"acts_visited":["Exordium"],"potions_floor_usage":[],"damage_taken":[{"damage":0,"enemies":"Jaw Worm","floor":1,"turns":1},{"damage":0,"enemies":"Cultist","floor":3,"turns":1},{"damage":0,"enemies":"3 Sentries","floor":8,"turns":2},{"damage":0,"enemies":"2 Louse","floor":10,"turns":2},{"damage":7,"enemies":"Looter","floor":11,"turns":3},{"damage":0,"enemies":"Lagavulin","floor":12,"turns":1}],"seed_played":"-7749236790005723208","potions_obtained":[{"floor":3,"key":"Milkshake"},{"floor":7,"key":"Weak Potion"},{"floor":7,"key":"FairyPotion"}],"is_trial":false,"path_per_floor":["M","?","M","T","$","?","?","E","T","M","M","E"],"character_chosen":"THE_BUGKNIGHT","items_purchased":["HollowMod:LifebloodCocoon","HollowMod:FallenFury","HollowMod:HeavyBlow","HollowMod:SharpenedNail","HollowMod:GoodIntentions"],"campfire_rested":0,"item_purchase_floors":[5,5,5,5,5],"current_hp_per_floor":[75,75,75,75,75,57,57,57,57,57,50,50,50],"gold":121,"neow_bonus":"THREE_ENEMY_KILL","is_daily":false,"chose_seed":false,"campfire_upgraded":0,"win_rate":0.0,"timestamp":1608388538,"path_taken":["M","?","?","?","$","?","?","E","T","?","M","E"],"items_purchased_type":["Card","Card","Card","Card","Card"],"build_version":"2020-12-13","purchased_purges":0,"victory":false,"max_hp_per_floor":[75,75,75,75,75,75,75,75,75,75,75,75,75],"card_choices":[{"not_picked":["HollowMod:HowlingWraiths","HollowMod:InfectedCysts"],"picked":"HollowMod:SoulStrike","floor":1},{"not_picked":["HollowMod:ShadowDash","HollowMod:NewLittleFool"],"picked":"HollowMod:SoulVessel","floor":3},{"not_picked":["HollowMod:FallenFury","HollowMod:DescendingDark"],"picked":"HollowMod:SoulEater","floor":8},{"not_picked":["HollowMod:ShadowDash","HollowMod:WraithStrike"],"picked":"HollowMod:CoiledNail","floor":10},{"not_picked":["HollowMod:CoiledNail","HollowMod:SiblingsSouls","HollowMod:BlackTendrils"],"picked":"SKIP","floor":11}],"player_experience":26841,"relics_obtained":[{"floor":4,"key":"The Courier"},{"floor":8,"key":"Nunchaku"},{"floor":9,"key":"Anchor"}],"event_choices":[{"cards_removed":["HollowMod:QuickDashStart"],"damage_healed":0,"gold_gain":0,"player_choice":"Offered Basic","damage_taken":0,"max_hp_gain":0,"max_hp_loss":0,"event_name":"Bonfire Elementals","floor":2,"gold_loss":0},{"damage_healed":0,"gold_gain":0,"player_choice":"Take Damage","damage_taken":18,"relics_obtained":["Golden Idol"],"max_hp_gain":0,"max_hp_loss":0,"event_name":"Golden Idol","floor":6,"gold_loss":0},{"damage_healed":0,"gold_gain":0,"player_choice":"Got Potions","damage_taken":0,"max_hp_gain":0,"max_hp_loss":0,"event_name":"Lab","floor":7,"gold_loss":0}],"is_beta":false,"boss_relics":[],"items_purged_floors":[],"is_endless":false,"potions_floor_spawned":[3],"killed_by":"Lagavulin","ascension_level":0}}