{"host":"ipcfr4ajj2jkxvg7","time":1608391288,"event":{"mods":["BaseMod","Colored Powertips","GifTheSpireLib","Marisa（F雨　魔理沙）","Minty Spire (QoL Compilation)","Quick Restart","Remilia（蕾米莉亚）","Replay The Spire","RumiaBox-露米娅的神秘盒子","StSLib"],"gold_per_floor":[110,123,123,133,233,263,280,292,292,121,121,133,133,165,165,266,266,286,300,300,400,413,413,413],"floor_reached":23,"playtime":648,"items_purged":["Defend_MRS"],"score":315,"play_id":"b62dbcde-04af-4abd-abb8-21273f117196","local_time":"20201219232128","is_ascension_mode":true,"campfire_choices":[{"data":"EarthLightRay","floor":11,"key":"SMITH"},{"floor":15,"key":"REST"}],"circlet_count":0,"master_deck":["AscendersBane","Strike_MRS","Strike_MRS","Strike_MRS","Strike_MRS","Defend_MRS","Defend_MRS","MasterSpark","UpSweep","PowerUp","EarthLightRay+1","EarthLightRay","Orbital","GalacticHalo","MilkyWay","MaximisePower"],"relics":["MiniHakkero","NeowsBlessing","AddBug","SecretRecord","SecretRecord","SecretRecord","SecretRecord","AddBug","SecretRecord","SecretRecord"],"acts_visited":["Exordium","TheCity"],"potions_floor_usage":[18,22],"damage_taken":[{"damage":0.0,"enemies":"Cultist","floor":1.0,"turns":1.0},{"damage":0.0,"enemies":"2 Louse","floor":2.0,"turns":1.0},{"damage":0.0,"enemies":"Small Slimes","floor":4.0,"turns":1.0},{"damage":30.0,"enemies":"Lagavulin","floor":6.0,"turns":5.0},{"damage":17,"enemies":"Exordium Wildlife","floor":7,"turns":3},{"damage":21,"enemies":"Lots of Slimes","floor":8,"turns":5},{"damage":2,"enemies":"Red Slaver","floor":12,"turns":2},{"damage":20,"enemies":"3 Sentries","floor":14,"turns":5},{"damage":26,"enemies":"Hexaghost","floor":16,"turns":7},{"damage":0,"enemies":"Chosen","floor":18,"turns":4},{"damage":16,"enemies":"Shell Parasite","floor":19,"turns":4},{"damage":16,"enemies":"Shelled Parasite and Fungi","floor":22,"turns":3},{"damage":53,"enemies":"Book of Stabbing","floor":23,"turns":5}],"seed_played":"7936569503820459648","potions_obtained":[{"floor":1.0,"key":"Venom Potion"},{"floor":4.0,"key":"Milkshake"},{"floor":16,"key":"Adrenaline Potion"},{"floor":19,"key":"BottledSpark"}],"is_trial":false,"path_per_floor":["M","M","?","M","?","E","M","M","T","$","R","M","T","E","R","B",null,"M","M","?","?","M","E"],"character_chosen":"MARISA","items_purchased":["Orbital","GalacticHalo"],"campfire_rested":1,"item_purchase_floors":[10,10],"current_hp_per_floor":[68,68,68,68,68,38,27,13,13,13,13,27,27,23,45,37,66,75,59,59,59,52,22,22],"gold":413,"neow_bonus":"THREE_ENEMY_KILL","is_daily":false,"chose_seed":false,"campfire_upgraded":1,"win_rate":0.0,"timestamp":1608391288,"path_taken":["M","?","?","M","?","E","M","M","T","$","R","?","?","E","R","BOSS","M","M","?","?","?","E"],"items_purchased_type":["Card","Card"],"build_version":"2020-12-13","purchased_purges":1,"victory":false,"max_hp_per_floor":[75,75,75,75,75,75,75,75,75,75,75,75,75,75,75,75,75,75,75,75,75,75,75,75],"card_choices":[{"not_picked":["DarkSpark","WitchOfGreed"],"picked":"PowerUp","floor":1.0},{"not_picked":["MysteriousBeam","AsteroidBelt","OpenUniverse"],"picked":"SKIP","floor":2.0},{"not_picked":["DoubleSpark","IllusionStar","GalacticHalo"],"picked":"SKIP","floor":4.0},{"not_picked":["GrandCross","DragonMeteor"],"picked":"EarthLightRay","floor":6.0},{"not_picked":["Orbital","SuperNova","Occultation"],"picked":"SKIP","floor":7},{"not_picked":["SporeBomb","GrandCross"],"picked":"EarthLightRay","floor":8},{"not_picked":["StarlightTyphoon","AsteroidBelt"],"picked":"MilkyWay","floor":12},{"not_picked":["WitchLeyline","OpenUniverse","ChargeUpSpray"],"picked":"SKIP","floor":14},{"not_picked":["GravityBeat+1","GrandCross","SporeBomb"],"picked":"SKIP","floor":18},{"not_picked":["GalacticHalo+1","IllusionStar"],"picked":"MaximisePower","floor":19},{"not_picked":["Singularity","BlazeAway","GalacticHalo"],"picked":"SKIP","floor":22}],"player_experience":403039,"relics_obtained":[{"floor":1.0,"key":"AddBug"},{"floor":4.0,"key":"SecretRecord"},{"floor":6.0,"key":"Replay:Accelerometer"},{"floor":7,"key":"SecretRecord"},{"floor":9,"key":"ZombieArmy"},{"floor":13,"key":"Iron Hammer"},{"floor":14,"key":"SecretRecord"},{"floor":14,"key":"Bag of Preparation"},{"floor":18,"key":"SecretRecord"},{"floor":22,"key":"SecretRecord"}],"event_choices":[{"cards_removed":["Defend_MRS"],"damage_healed":0.0,"max_hp_gain":0.0,"max_hp_loss":0.0,"gold_gain":0.0,"event_name":"Living Wall","player_choice":"Forget","floor":3.0,"gold_loss":0.0,"damage_taken":0.0},{"damage_healed":0.0,"max_hp_gain":0.0,"max_hp_loss":0.0,"gold_gain":100.0,"event_name":"Golden Shrine","player_choice":"Pray","floor":5.0,"gold_loss":0.0,"damage_taken":0.0},{"damage_healed":0,"gold_gain":0,"player_choice":"Ignored","damage_taken":0,"max_hp_gain":0,"max_hp_loss":0,"event_name":"Cursed Tome","floor":20,"gold_loss":0},{"damage_healed":0,"gold_gain":100,"player_choice":"Pray","damage_taken":0,"max_hp_gain":0,"max_hp_loss":0,"event_name":"Golden Shrine","floor":21,"gold_loss":0}],"is_beta":false,"boss_relics":[{"not_picked":["Astrolabe","Runic Pyramid"],"picked":"AddBug"}],"items_purged_floors":[10],"is_endless":false,"potions_floor_spawned":[1,4,12,16,19],"killed_by":"Book of Stabbing","ascension_level":11}}