{"host":"g8sjq9ki9zl67elp","time":1608364078,"event":{"mods":["BaseMod","Colored Map","Highlight Path","Hubris","Infinite Spire","Mimic Mod","Minty Spire (QoL Compilation)","Replay The Spire","StSLib","everything is the same but u backflip on backflip"],"gold_per_floor":[118,118,137,149,159,159,190,190,229,229,245,245,275,49,49,144,144,156,167,167,167,167,195,213,213,213,231,251,251,265,115,115,224,224,256,290,20,20,38,71,71,71,71],"floor_reached":42,"playtime":2273,"items_purged":["Strike_P","Strike_P","Strike_P"],"score":822,"play_id":"92562627-531a-4b73-9300-d00c88eb98e2","local_time":"20201218234758","is_ascension_mode":true,"campfire_choices":[{"data":"TalkToTheHand","floor":6,"key":"SMITH"},{"data":"FlyingSleeves","floor":8,"key":"SMITH"},{"data":"PathToVictory","floor":10,"key":"SMITH"},{"floor":15,"key":"REST"},{"data":"Sanctity","floor":25,"key":"SMITH"},{"data":"Ragnarok","floor":29,"key":"SMITH"},{"data":"PathToVictory","floor":32,"key":"SMITH"},{"data":"Crescendo","floor":41,"key":"SMITH"}],"circlet_count":0,"master_deck":["Defend_P","Defend_P","Defend_P","Defend_P","Eruption+1","Vigilance","FlyingSleeves+1","TalkToTheHand+1","EmptyBody","PathToVictory+1","Sanctity+1","DeusExMachina","Ragnarok+1","InnerPeace+1","PathToVictory+1","FearNoEvil+1","EmptyBody","SpiritShield","Crescendo+1","EmptyFist+1"],"relics":["PureWater","hubris:Spice","Strawberry","Nunchaku","hubris:VirtuousBlindfold","hubris:BottledHeart","Bag of Marbles","infinitespire:EvilPickle","Oddly Smooth Stone"],"acts_visited":["Exordium","TheCity","TheBeyond"],"potions_floor_usage":[16,33,33,42],"damage_taken":[{"damage":0,"enemies":"2 Louse","floor":1,"turns":1},{"damage":0,"enemies":"Small Slimes","floor":3,"turns":3},{"damage":1,"enemies":"Jaw Worm","floor":4,"turns":2},{"damage":0,"enemies":"Looter","floor":5,"turns":1},{"damage":13,"enemies":"Lagavulin","floor":7,"turns":5},{"damage":0,"enemies":"Blue Slaver","floor":9,"turns":7},{"damage":0,"enemies":"Blue Slaver","floor":11,"turns":3},{"damage":0,"enemies":"Replay:BlueRogue","floor":13,"turns":4},{"damage":6,"enemies":"Slime Boss","floor":16,"turns":6},{"damage":0,"enemies":"Chosen","floor":18,"turns":2},{"damage":0,"enemies":"Spheric Guardian","floor":19,"turns":2},{"damage":0,"enemies":"Slavers","floor":23,"turns":7},{"damage":0,"enemies":"3 Cultists","floor":24,"turns":4},{"damage":0,"enemies":"Shelled Parasite and Fungi","floor":27,"turns":3},{"damage":0,"enemies":"Cultist and Chosen","floor":28,"turns":2},{"damage":0,"enemies":"Snake Plant","floor":30,"turns":2},{"damage":0,"enemies":"Pondfish","floor":33,"turns":6},{"damage":0,"enemies":"3 Darklings","floor":35,"turns":4},{"damage":0,"enemies":"3 Shapes","floor":36,"turns":5},{"damage":0,"enemies":"3 Darklings","floor":39,"turns":1},{"damage":0,"enemies":"Giant Head","floor":40,"turns":7},{"damage":1,"enemies":"Reptomancer","floor":42,"turns":3}],"seed_played":"-8080469777513068003","potions_obtained":[{"floor":1,"key":"Reflective Coating"},{"floor":7,"key":"Dexterity Potion"},{"floor":13,"key":"Regen Potion"},{"floor":16,"key":"StancePotion"},{"floor":33,"key":"BottledMiracle"},{"floor":40,"key":"AttackPotion"}],"is_trial":false,"path_per_floor":["M","?","M","M","M","R","E","R","MIM","R","M","?","E","$","R_BF","B",null,"M","M","?","?","?","E","M","R","T","M","M","R","M","$","R","B",null,"M","M","$","?","M","E","R","E"],"character_chosen":"WATCHER","items_purchased":["Nunchaku","EmptyBody","Oddly Smooth Stone"],"campfire_rested":1,"item_purchase_floors":[14,31,37],"current_hp_per_floor":[72,68,68,67,67,67,62,62,62,62,62,55,62,62,90,93,95,95,87,70,70,1,1,1,1,1,1,1,1,1,1,1,1,1,1,1,1,1,1,1,1,0,0],"gold":71,"neow_bonus":"UPGRADE_CARD","is_daily":false,"chose_seed":false,"campfire_upgraded":7,"win_rate":0.0,"timestamp":1608364078,"path_taken":["M","?","M","M","M","R","E","R","MIM","R","M","?","E","$","R_BF","BOSS","M","M","?","?","?","E","M","R","T","M","M","R","?","?","R","BOSS","M","M","$","?","M","E","R","E"],"items_purchased_type":["Relic","Card","Relic"],"build_version":"2020-12-13","purchased_purges":3,"victory":false,"max_hp_per_floor":[72,80,80,80,80,80,88,88,88,88,88,88,95,95,95,95,95,95,87,92,92,1,1,1,1,1,1,1,1,1,1,1,1,1,1,1,1,1,1,1,1,1,1],"card_choices":[{"not_picked":["Evaluate","Fasting2"],"picked":"FlyingSleeves","floor":1},{"not_picked":["Fasting2","Replay:ManipulateFuture"],"picked":"TalkToTheHand","floor":3},{"not_picked":["BowlingBash","SignatureMove"],"picked":"EmptyBody","floor":4},{"not_picked":["Meditate","SandsOfTime"],"picked":"PathToVictory","floor":5},{"not_picked":["FollowUp","ThirdEye","CutThroughFate"],"picked":"SKIP","floor":7},{"not_picked":["Replay:ManipulateFuture","CrushJoints"],"picked":"Sanctity","floor":9},{"not_picked":["Indignation","Replay:BluntJabs"],"picked":"DeusExMachina","floor":11},{"not_picked":["BowlingBash","ThirdEye","FollowUp"],"picked":"SKIP","floor":13},{"not_picked":["ConjureBlade","DeusExMachina"],"picked":"Ragnarok","floor":16},{"not_picked":["Replay:DivineShield","Wallop+1","JustLucky"],"picked":"SKIP","floor":18},{"not_picked":["ThirdEye","hubris:SpiceAddiction"],"picked":"hubris:SpiceAddiction","floor":19},{"not_picked":["Replay:Anticipation","Replay:Cycle"],"picked":"InnerPeace+1","floor":23},{"not_picked":["SashWhip","Sanctity"],"picked":"PathToVictory","floor":24},{"not_picked":["hubris:SpiceAddiction","Halt"],"picked":"FearNoEvil+1","floor":27},{"not_picked":["hubris:SpiceAddiction","WaveOfTheHand+1","SashWhip"],"picked":"SKIP","floor":28},{"not_picked":["Weave","Pray+1","FollowUp"],"picked":"SKIP","floor":30},{"not_picked":["Devotion","Blasphemy"],"picked":"SpiritShield","floor":33},{"not_picked":["EmptyFist+1","Protect"],"picked":"Crescendo","floor":35},{"not_picked":["ClearTheMind+1","Replay:AtTheReady","Consecrate"],"picked":"SKIP","floor":36},{"not_picked":["ClearTheMind+1","Replay:AtTheReady","Consecrate"],"picked":"SKIP","floor":36},{"not_picked":["Prostrate+1","Replay:Hum+1","CutThroughFate"],"picked":"SKIP","floor":39},{"not_picked":["Replay:BluntJabs","Replay:ManipulateFuture"],"picked":"EmptyFist+1","floor":40}],"player_experience":162175,"relics_obtained":[{"floor":7,"key":"hubris:Spice"},{"floor":13,"key":"Strawberry"},{"floor":23,"key":"Bag of Marbles"},{"floor":26,"key":"hubris:Spice"}],"event_choices":[{"damage_healed":0,"gold_gain":0,"player_choice":"Success","damage_taken":12,"relics_obtained":["hubris:Spice"],"max_hp_gain":0,"max_hp_loss":0,"event_name":"Scrap Ooze","floor":2,"gold_loss":0},{"cards_removed":["Strike_P"],"damage_healed":0,"gold_gain":0,"player_choice":"Card Removal","damage_taken":7,"max_hp_gain":0,"max_hp_loss":0,"event_name":"Golden Wing","floor":12,"gold_loss":0},{"damage_healed":0,"gold_gain":0,"player_choice":"Shed Blood","damage_taken":22,"max_hp_gain":5,"max_hp_loss":0,"event_name":"Forgotten Altar","floor":20,"gold_loss":0}],"is_beta":false,"boss_relics":[{"not_picked":["Honey Jar","hubris:RunicObelisk"],"picked":"hubris:VirtuousBlindfold"},{"not_picked":["hubris:Spice","Calling Bell","Snecko Eye"]}],"items_purged_floors":[14,31,37],"is_endless":false,"potions_floor_spawned":[1,7,13,16,23,24,28,33,40],"killed_by":"Reptomancer","ascension_level":1}}