{"host":"ds1yr10zonoc6w4a","time":1608408073,"event":{"mods":["2.2 Compatiblity","AchievementEnabler","Act Like it!","BaseMod","Downfall","Elementarium","Infinite Spire","Jorbs\u0027s Wanderer Trilogy","Menagerie","Minty Spire (QoL Compilation)","Pale of the Ancients","StSLib","The Animator","Wandering Minibosses","[IsaacMod]????"],"gold_per_floor":[126,143,68,84,112,145,145,158,158,193,244,255,291,310,310,428,428,448,459,54,73,92,119,119,151,151,151,169,169,181,192,192,292,292,333,346,434,38,38,38,53,53,53,84,91,117,117,117,117,117,124,124],"floor_reached":51,"playtime":6314,"items_purged":["animator:Defend","animator:Defend","animator:Scar","animator:KrulTepes","Machine Learning"],"score":1818,"play_id":"aff4c956-5df5-4a54-8570-2bc05d844fe9","local_time":"20201219130113","is_ascension_mode":true,"campfire_choices":[{"data":"animator:Bozes","floor":7,"key":"SMITH"},{"data":"animator:RoyMustang","floor":15,"key":"SMITH"},{"data":"animator:DwarfShaman","floor":24,"key":"SMITH"},{"data":"animator:Spearman","floor":27,"key":"SMITH"},{"data":"animator:ZankiKiguchi","floor":32,"key":"SMITH"},{"data":"animator:GoblinSlayer","floor":40,"key":"SMITH"},{"floor":47,"key":"REST"},{"floor":49,"key":"RECALL"}],"circlet_count":0,"master_deck":["AscendersBane","animator:LizardPriest","animator:DwarfShaman+1","animator:Azekura","animator:Bozes+1","animator:Mitsuba","animator:GuildGirl","animator:Shichika","animator:ZankiKiguchi+1","animator:Priestess","animator:RoyMustang+1","animator:Shigure","animator:SwordMaiden","animator:YuiTsuruno+1","animator:Mitsuba","animator:Spearman+1","animator:Mitsuba+1","animator:CowGirl","animator:GoblinSlayer+1","animator:Priestess","animator:HighElfArcher","animator:MaesHughes","animator:Canti+1","infinitespire:FutureSight","FTL+1","infinitespire:FutureSight","animator:Shigure"],"relics":["animator:LivingPicture","animator:TheMissingPiece","HushsDoor","DeadEye","wanderingMiniBosses:Inkheart","Blood Vial","infinitespire:Golems Mask","infinitespire:ShieldingShard","infinitespire:Eraser","Bag of Marbles","BlankCard","Sozu","PrismaticShard","PreservedInsect","Bag of Preparation","Smiling Mask","Ancient Tea Set","Elementarium:ElementariumTrophy","animator:RacePiece","Incubus","animator:AlchemistGlove","Champion Belt","ChampionBelt","Mercury Hourglass","SalivaCoin","infinitespire:Lucky Rock"],"acts_visited":["Menagerie:Menagerie","Elementarium:Elementarium","TheBeyond"],"potions_floor_usage":[4,6,16,18,22],"damage_taken":[{"damage":0.0,"enemies":"Menagerie:WhisperingWraith","floor":1.0,"turns":4.0},{"damage":0,"enemies":"Menagerie:StygianBoar","floor":2,"turns":15},{"damage":1,"enemies":"Menagerie:MonstrousExperiment","floor":4,"turns":3},{"damage":0,"enemies":"Menagerie:Hexasnake","floor":5,"turns":4},{"damage":4,"enemies":"Menagerie:MaskedSummoner","floor":6,"turns":6},{"damage":0,"enemies":"Menagerie:MENAGERIE_WILDLIFE","floor":8,"turns":3},{"damage":11,"enemies":"Menagerie:VoidReaper","floor":10,"turns":5},{"damage":3,"enemies":"Menagerie:MeltingSalamander","floor":12,"turns":3},{"damage":5,"enemies":"Menagerie:MaskedSummoner","floor":13,"turns":6},{"damage":0,"enemies":"Menagerie:3_RABBITS","floor":14,"turns":2},{"damage":1,"enemies":"Menagerie:Chimera","floor":16,"turns":6},{"damage":0,"enemies":"Elementarium:Cyclone","floor":18,"turns":3},{"damage":0,"enemies":"Elementarium:2_ELEMENTALS","floor":19,"turns":2},{"damage":7,"enemies":"Elementarium:STONE_GOLEMS","floor":21,"turns":3},{"damage":0,"enemies":"Elementarium:Hydrostalker","floor":22,"turns":4},{"damage":0,"enemies":"Elementarium:WarGolem","floor":23,"turns":3},{"damage":0,"enemies":"Elementarium:ElementalPortal","floor":25,"turns":4},{"damage":0,"enemies":"Elementarium:CYCLONE_AND_LIVING_STORMCLOUD","floor":28,"turns":3},{"damage":0,"enemies":"Elementarium:3_ELEMENTALS","floor":30,"turns":3},{"damage":0,"enemies":"Elementarium:VoidBeast","floor":31,"turns":3},{"damage":0,"enemies":"Elementarium:GolemEmperor","floor":33,"turns":6},{"damage":0,"enemies":"3 Shapes","floor":35,"turns":3},{"damage":14,"enemies":"3 Darklings","floor":36,"turns":5},{"damage":0,"enemies":"Transient","floor":41,"turns":5},{"damage":0,"enemies":"Nemesis","floor":44,"turns":1},{"damage":0,"enemies":"Nightmare","floor":46,"turns":1},{"damage":0,"enemies":"Time Eater","floor":50,"turns":3},{"damage":20,"enemies":"infinitespire:MassOfShapes","floor":51,"turns":1}],"seed_played":"-7234405289868886328","potions_obtained":[{"floor":1,"key":"SpeedPotion"},{"floor":2,"key":"SpeedPotion"},{"floor":12,"key":"Fire Potion"},{"floor":14,"key":"BlessingOfTheForge"},{"floor":16,"key":"Strength Potion"}],"is_trial":false,"path_per_floor":["M","M","$","M","M","E","R","M","T","E","T","M","E","M","R","B",null,"M","M","$","M","M","E","R","E","T","R","M","?","M","M","R","B",null,"M","M","?","$","?","R","M","AVR","T","E","?","NM","R","?","R","B","B"],"character_chosen":"THE_ANIMATOR","items_purchased":["PrismaticShard","PreservedInsect","Incubus","animator:AlchemistGlove","animator:MaesHughes"],"campfire_rested":1,"item_purchase_floors":[20,20,34,38,38],"current_hp_per_floor":[59,59,59,58,58,54,54,56,56,47,47,47,44,46,46,47,58,60,61,61,54,56,58,58,61,61,61,62,50,52,54,54,56,37,37,23,8,8,8,8,10,10,10,12,3,5,16,16,16,18,0,0],"gold":124,"neow_bonus":"TRANSFORM_TWO_CARDS","is_daily":false,"chose_seed":false,"campfire_upgraded":6,"win_rate":0.0,"timestamp":1608408073,"path_taken":["M","?","$","M","M","E","R","M","T","E","?","M","E","M","R","BOSS","M","?","$","M","M","E","R","E","T","R","M","?","M","M","R","BOSS","M","M","?","$","?","R","M","AVR","T","E","?","NM","R","?","R","BOSS","BOSS"],"items_purchased_type":["Relic","Relic","Relic","Relic","Card"],"build_version":"2020-12-13","purchased_purges":5,"victory":false,"max_hp_per_floor":[60,60,60,60,60,60,60,60,60,60,60,61,61,61,61,61,61,61,61,61,61,61,61,61,62,62,62,62,62,62,62,62,62,37,37,37,37,37,37,37,37,37,37,37,37,37,37,37,37,37,37,37],"card_choices":[{"not_picked":["animator:Hakurou","animator:Nanami"],"picked":"animator:Bozes","floor":1},{"not_picked":["animator:TukaLunaMarceau","animator:Sloth"],"picked":"animator:Mitsuba","floor":2},{"not_picked":["animator:Souei","animator:Gluttony"],"picked":"animator:Scar","floor":4},{"not_picked":["animator:CowGirl","animator:DwarfShaman"],"picked":"animator:GuildGirl","floor":5},{"not_picked":["animator:ElricEdward","animator:UneriGinkaku"],"picked":"animator:Shichika","floor":6},{"not_picked":["animator:Emonzaemon","animator:Shuna"],"picked":"animator:ZankiKiguchi","floor":8},{"not_picked":["animator:Pride","animator:Vesta","animator:UneriGinkaku"],"picked":"SKIP","floor":10},{"not_picked":["animator:DwarfShaman","animator:GuildGirl"],"picked":"animator:Priestess","floor":12},{"not_picked":["animator:Shuna","animator:TsurugaMeisai"],"picked":"animator:RoyMustang","floor":13},{"not_picked":["animator:Vesta","animator:YuiTsuruno"],"picked":"animator:Shigure","floor":14},{"not_picked":["animator:Biyorigo","animator:MadokaKaname"],"picked":"animator:SwordMaiden","floor":16},{"not_picked":["animator:Millim","animator:Hakurou+1"],"picked":"animator:YuiTsuruno+1","floor":18},{"not_picked":["animator:Yoichi","animator:Shinoa"],"picked":"animator:Mitsuba","floor":19},{"not_picked":["FlurryOfBlows","Guardian:ArmoredProtocol","stsjorbsmod:Panic"],"picked":"SKIP","floor":21},{"not_picked":["Body Slam+1","stsjorbsmod:Fear","Guardian:Orbwalk"],"picked":"SKIP","floor":22},{"not_picked":["Dodge and Roll","Guardian:TimeCapacitor+1","Rip and Tear"],"picked":"SKIP","floor":23},{"not_picked":["animator:LizardPriest","animator:DwarfShaman"],"picked":"animator:Spearman","floor":25},{"not_picked":["Dagger Throw","Cleave"],"picked":"animator:Mitsuba+1","floor":28},{"not_picked":["animator:Emonzaemon","Outmaneuver","animator:MetalKnight"],"picked":"SKIP","floor":30},{"not_picked":["stsjorbsmod:Strife","Slimebound:ItLooksTasty","animator:Shuna+1"],"picked":"SKIP","floor":31},{"not_picked":["stsjorbsmod:WastingForm","hexamod:SearingWound"],"picked":"Machine Learning","floor":33},{"not_picked":["animator:Witch","animator:CowGirl"],"picked":"animator:HighElfArcher","floor":35},{"not_picked":["Eviscerate+1","Aggregate+1","stsjorbsmod:Feint"],"picked":"SKIP","floor":36},{"not_picked":["animator:Kagari+1","Guardian:Recover"],"picked":"animator:Canti+1","floor":41},{"not_picked":["champ:CalledShot","sneckomod:WideSting"],"picked":"FTL+1","floor":44},{"not_picked":["infinitespire:SealOfDarkness+","infinitespire:Execution"],"picked":"infinitespire:FutureSight","floor":45},{"not_picked":["animator:CrowleyEusford","animator:HiiragiShinya"],"picked":"animator:Shigure","floor":46}],"player_experience":437758,"relics_obtained":[{"floor":2,"key":"wanderingMiniBosses:Inkheart"},{"floor":6,"key":"Blood Vial"},{"floor":6,"key":"infinitespire:Golems Mask"},{"floor":9,"key":"infinitespire:ShieldingShard"},{"floor":10,"key":"infinitespire:Eraser"},{"floor":11,"key":"Bag of Marbles"},{"floor":13,"key":"BlankCard"},{"floor":23,"key":"Bag of Preparation"},{"floor":25,"key":"Smiling Mask"},{"floor":43,"key":"Mercury Hourglass"},{"floor":44,"key":"SalivaCoin"},{"floor":46,"key":"infinitespire:Lucky Rock"}],"event_choices":[{"damage_healed":0,"gold_gain":0,"player_choice":"Blood","damage_taken":12,"relics_obtained":["Ancient Tea Set"],"max_hp_gain":0,"max_hp_loss":0,"event_name":"Elementarium:ShatteredPortal","floor":29,"gold_loss":0},{"cards_removed":["animator:Strike_GoblinSlayer"],"damage_healed":0,"gold_gain":0,"player_choice":"Purged","damage_taken":0,"max_hp_gain":0,"max_hp_loss":0,"event_name":"Purifier","floor":39,"gold_loss":0}],"is_beta":false,"boss_relics":[{"not_picked":["Black Star","infinitespire:Cupcake"],"picked":"Sozu"},{"not_picked":[]},{"not_picked":["animator:CursedBlade","Velvet Choker"],"picked":"animator:RacePiece"},{"not_picked":[]}],"items_purged_floors":[3,20,34,38,42],"is_endless":false,"potions_floor_spawned":[1,2,12,14,16,18,19,23,28,30,35,41,44],"killed_by":"infinitespire:MassOfShapes","ascension_level":20}}