{"host":"x1qj4d8ympd5jdqh","time":1608387046,"event":{"mods":["AchievementEnabler","AlwaysNeverKeys","BaseMod","Colored Map","Custom Start","DeckTracker","Highlight Path","Minty Spire (QoL Compilation)","StSLib","SuperFastMode"],"gold_per_floor":[119,43,58,78,92,119,119,129,129,163,219,230,230,155,155,229,229,240,240,252,252,252],"floor_reached":21,"playtime":594,"items_purged":["Strike_R"],"score":382,"play_id":"3d9e8d8d-07b0-4926-92c3-bdee5d97bde4","local_time":"20201219231046","is_ascension_mode":true,"campfire_choices":[{"data":"Carnage","floor":7,"key":"SMITH"},{"floor":13,"key":"REST"},{"data":"Combust","floor":15,"key":"SMITH"}],"circlet_count":0,"master_deck":["AscendersBane","Strike_R","Strike_R","Strike_R","Defend_R","Defend_R","Defend_R","Defend_R","Bash","Inflame","Carnage+1","Combust+1","Sword Boomerang","Shrug It Off","Barricade","Body Slam","Armaments"],"relics":["Burning Blood","Tiny Chest","Pear","Meat on the Bone","Blue Candle","Cursed Key"],"acts_visited":["Exordium","TheCity"],"potions_floor_usage":[5,6,10,11],"damage_taken":[{"damage":2,"enemies":"Cultist","floor":1,"turns":4},{"damage":9,"enemies":"Jaw Worm","floor":3,"turns":3},{"damage":7,"enemies":"2 Louse","floor":4,"turns":2},{"damage":21,"enemies":"Gremlin Gang","floor":5,"turns":4},{"damage":29,"enemies":"3 Sentries","floor":6,"turns":5},{"damage":26,"enemies":"Exordium Wildlife","floor":8,"turns":5},{"damage":8,"enemies":"Gremlin Nob","floor":10,"turns":3},{"damage":20,"enemies":"Gremlin Nob","floor":11,"turns":4},{"damage":6,"enemies":"2 Fungi Beasts","floor":12,"turns":4},{"damage":51,"enemies":"Slime Boss","floor":16,"turns":9},{"damage":43,"enemies":"Shell Parasite","floor":18,"turns":6},{"damage":28,"enemies":"3 Byrds","floor":20,"turns":4},{"damage":26,"enemies":"Sentry and Sphere","floor":21,"turns":5}],"seed_played":"240200606891105536","potions_obtained":[{"floor":1,"key":"ColorlessPotion"},{"floor":5,"key":"DuplicationPotion"},{"floor":8,"key":"AttackPotion"},{"floor":10,"key":"HeartOfIron"},{"floor":20,"key":"FearPotion"}],"is_trial":false,"path_per_floor":["M","$","M","M","M","E","R","M","T","E","?","M","R","$","R","B",null,"M","?","M","M"],"character_chosen":"IRONCLAD","items_purchased":["Carnage"],"campfire_rested":1,"item_purchase_floors":[2],"current_hp_per_floor":[79,79,76,75,60,37,37,17,27,25,23,35,62,62,62,29,76,51,51,41,15,15],"gold":252,"neow_bonus":"TEN_PERCENT_HP_BONUS","is_daily":false,"chose_seed":false,"campfire_upgraded":2,"win_rate":0.0,"timestamp":1608387046,"path_taken":["M","?","?","M","M","E","R","M","T","E","?","M","R","$","R","BOSS","M","?","M","?"],"items_purchased_type":["Card"],"build_version":"2020-12-13","purchased_purges":1,"victory":false,"max_hp_per_floor":[82,82,82,82,82,82,82,82,92,92,92,92,92,92,92,92,92,92,92,92,92,92],"card_choices":[{"not_picked":["Rupture","Flame Barrier"],"picked":"Inflame","floor":1},{"not_picked":["Perfected Strike","Searing Blow"],"picked":"Combust","floor":3},{"not_picked":["Heavy Blade","Burning Pact","Disarm"],"picked":"SKIP","floor":4},{"not_picked":["Clash","Flex","Body Slam"],"picked":"SKIP","floor":5},{"not_picked":["Warcry","Intimidate","Thunderclap"],"picked":"SKIP","floor":6},{"not_picked":["Perfected Strike","Searing Blow","Iron Wave"],"picked":"SKIP","floor":8},{"not_picked":["Dual Wield","Clothesline"],"picked":"Sword Boomerang","floor":10},{"not_picked":["Headbutt","Demon Form"],"picked":"Shrug It Off","floor":11},{"not_picked":["Infernal Blade","Iron Wave","Flex"],"picked":"SKIP","floor":12},{"not_picked":["Corruption","Bludgeon"],"picked":"Barricade","floor":16},{"not_picked":["Anger","Wild Strike"],"picked":"Body Slam","floor":18},{"not_picked":["Juggernaut","Thunderclap"],"picked":"Armaments","floor":20}],"player_experience":1248051,"relics_obtained":[{"floor":6,"key":"Tiny Chest"},{"floor":9,"key":"Pear"},{"floor":10,"key":"Meat on the Bone"},{"floor":11,"key":"Blue Candle"}],"event_choices":[{"damage_healed":0,"gold_gain":0,"player_choice":"Searched \u00271\u0027 times","damage_taken":0,"max_hp_gain":0,"max_hp_loss":0,"event_name":"Dead Adventurer","floor":11,"gold_loss":0},{"cards_removed":["Strike_R"],"damage_healed":0,"gold_gain":0,"player_choice":"Offered Basic","damage_taken":0,"max_hp_gain":0,"max_hp_loss":0,"event_name":"Bonfire Elementals","floor":19,"gold_loss":0}],"is_beta":false,"boss_relics":[{"not_picked":["Snecko Eye","Ectoplasm"],"picked":"Cursed Key"}],"items_purged_floors":[14],"is_endless":false,"potions_floor_spawned":[1,5,8,10,20],"killed_by":"Sentry and Sphere","ascension_level":20}}