{"host":"z6c1sol8rulx2ubz","time":1608421495,"event":{"mods":["AchievementEnabler","Act Like it!","BaseMod","Better Note","Better Third Choice","Downfall","Elementarium","Gold Saver","Hallownest","Hermit","Hubris","Infinite Spire","Jorbs\u0027s Wanderer Trilogy","Minty Spire (QoL Compilation)","Potionbrewer","Quick Restart","Rare Cards Sparkle","Reorder Act Four","StSLib","The Animator","The Bug Knight","The Cursed","The Dragon Tamer","The Necromancer","Wandering Minibosses"],"gold_per_floor":[861,961,435,450,450,625,702,736,511,539,539,539,552,562,578,677,677,677,706,706,706,706,224,251,236,236,236,284,311,328,343,361,464,464,464,467,467,478,492,492,518,518,538,566,584,595,180,191,206,304,304,330,330,3,3],"floor_reached":56,"playtime":3869,"items_purged":["hubris:Disease"],"score":1403,"play_id":"ef805585-02a1-4040-8ded-7373e50327ac","local_time":"20201219234455","is_ascension_mode":false,"campfire_choices":[{"floor":1,"key":"RECALL"},{"floor":9,"key":"REST"},{"floor":18,"key":"DIG"},{"floor":20,"key":"DIG"},{"floor":27,"key":"REST"},{"floor":35,"key":"DIG"},{"floor":37,"key":"DIG"},{"floor":42,"key":"DIG"},{"floor":53,"key":"DIG"}],"circlet_count":0,"master_deck":["champ:Strike","champ:Strike","champ:Strike","champ:Strike","champ:Defend","champ:Defend","champ:Defend","champ:Defend","champ:Execute","champ:Taunt","champ:DefensiveShout","champ:IronFortress","champ:GladiatorsShout+1","champ:ViciousMockery","champ:RecklessLeap+1","champ:CrookedStrike+1","champ:DefensiveStyle","champ:DefensiveStyle","champ:AdrenalArmor","champ:GladiatorStyle","champ:SteelEdge","CurseOfTheBell","champ:FocusedDefense","champ:DefensiveShout+1","champ:Improvising+1","champ:PerfectedStrike+1","champ:FocusedGladiator+1","champ:FocusedBerserking","champ:SteelEdge","champ:SkillfulDodge+1","wanderingMiniBosses:FinaleOfPromise","animator:Curse_Greed","champ:Shatter","champ:EnragedBash","champ:BerserkersShout","Transmutation+1","champ:SteelEdge","Impatience+1"],"relics":["champ:ChampionCrown","Tiny Chest","Anchor","downfall:ShatteredFragment","Guardian:PocketSentry","downfall:HeartBlessingRed","downfall:HeartBlessingBlue","downfall:HeartBlessingGreen","Ancient Tea Set","Shovel","Calling Bell","HollowMod:PaleOreRelic","hubris:DeckOfHolding","hubris:Potato","HollowMod:StagPassRelic","hubris:SlimyHat","Pear","expansioncontent:StudyCardRelic","Chemical X","infinitespire:EmpoweringShard","Bronze Scales","infinitespire:PuzzleCube","hubris:TenFootPole","Cursed Key","Potion Belt","hubris:EmptyBottle","MealTicket","Strawberry","wanderingMiniBosses:Blackblade","Shuriken","Vajra","HollowMod:LifeEnderRelic","War Paint","Bag of Marbles","Bottled Flame","hubris:DisguiseKit","Happy Flower"],"acts_visited":["Exordium","TheCity","Hallownest:KingdomsEdge","TheEnding"],"potions_floor_usage":[16,16,39,50,55,55,55,55],"damage_taken":[{"damage":10,"enemies":"downfall:FleeingMerchant","floor":3,"turns":4},{"damage":17,"enemies":"Small Slimes","floor":4,"turns":5},{"damage":51,"enemies":"3 Sentries","floor":8,"turns":8},{"damage":31,"enemies":"Gremlin Nob","floor":10,"turns":3},{"damage":0,"enemies":"2 Louse","floor":13,"turns":1},{"damage":5,"enemies":"Cultist","floor":14,"turns":2},{"damage":20,"enemies":"2 Fungi Beasts","floor":15,"turns":2},{"damage":40,"enemies":"downfall:Ironclad","floor":16,"turns":6},{"damage":32,"enemies":"Slavers","floor":19,"turns":6},{"damage":8,"enemies":"downfall:FleeingMerchant","floor":23,"turns":4},{"damage":3,"enemies":"downfall:FleeingMerchant","floor":25,"turns":4},{"damage":0,"enemies":"Chosen","floor":30,"turns":2},{"damage":0,"enemies":"Snecko","floor":31,"turns":3},{"damage":0,"enemies":"3 Cultists","floor":32,"turns":3},{"damage":6,"enemies":"downfall:Defect","floor":33,"turns":5},{"damage":0,"enemies":"downfall:FleeingMerchant","floor":36,"turns":2},{"damage":5,"enemies":"Hallownest:Shield_Heavy","floor":38,"turns":3},{"damage":7,"enemies":"Hallownest:3_Siblings","floor":39,"turns":6},{"damage":7,"enemies":"Hallownest:Shield_Sturdy","floor":43,"turns":3},{"damage":0,"enemies":"Hallownest:eliteCollector","floor":44,"turns":5},{"damage":0,"enemies":"Hallownest:2_Wandering_and_1_Horned","floor":45,"turns":3},{"damage":0,"enemies":"Hallownest:2_Great","floor":46,"turns":2},{"damage":0,"enemies":"Hallownest:Xero_Hu_Marmu","floor":48,"turns":3},{"damage":2,"enemies":"Hallownest:2_Soldiers_and_1_Guardian","floor":49,"turns":3},{"damage":0,"enemies":"downfall:Silent","floor":50,"turns":3},{"damage":53,"enemies":"downfall:CharBossMerchant","floor":52,"turns":4},{"damage":17,"enemies":"downfall:NeowBoss","floor":55,"turns":14}],"seed_played":"-7568146433904133393","potions_obtained":[{"floor":8,"key":"Block Potion"},{"floor":14,"key":"SkillPotion"},{"floor":30,"key":"potionbrewer:DiscountPotion"},{"floor":33,"key":"potionbrewer:BoundlessPotion"},{"floor":38,"key":"Strength Potion"},{"floor":43,"key":"SpeedPotion"},{"floor":44,"key":"FearPotion"},{"floor":49,"key":"hexamod:EctoCoolerPotion"}],"is_trial":false,"path_per_floor":["R","?","$","M","?","?","T","E","R","E","?","T","M","M","M","B",null,"R","E","R","?","AVR","$","T","$","?","R","T","T","M","M","M","B",null,"R","$","R","M","M","T","T","R","M","E","M","M","$","M","M","B",null,"E","R","$","B",null],"character_chosen":"THE_CHAMP","items_purchased":["champ:IronFortress","champ:GladiatorsShout","champ:ViciousMockery","Tiny Chest","Anchor","Chemical X","infinitespire:EmpoweringShard","champ:Improvising","hubris:EmptyBottle","MealTicket","champ:SkillfulDodge","FairyPotion","Bag of Marbles","Transmutation","Happy Flower","Impatience"],"campfire_rested":2,"item_purchase_floors":[3,3,3,3,3,23,23,23,36,36,36,47,47,47,54,54],"current_hp_per_floor":[99,99,99,87,60,60,60,34,76,60,60,60,60,60,60,49,109,109,104,114,106,106,119,119,119,44,79,79,79,99,103,103,113,119,119,119,126,121,126,126,126,126,126,126,126,126,126,126,126,126,126,99,99,114,120],"gold":3,"neow_bonus":"TEN_PERCENT_HP_BONUS","is_daily":false,"chose_seed":false,"campfire_upgraded":0,"win_rate":0.0,"timestamp":1608421495,"path_taken":["R","?","$","M","?","?","T","E","R","E","?","?","?","M","M","BOSS","R","E","R","?","AVR","$","T","$","?","R","?","?","M","?","M","BOSS","R","$","R","M","?","?","T","R","M","E","M","M","$","M","M","BOSS","E","R","$","BOSS"],"items_purchased_type":["Card","Card","Card","Relic","Relic","Relic","Relic","Card","Relic","Relic","Card","Potion","Relic","Card","Relic","Card"],"build_version":"2020-12-13","purchased_purges":1,"victory":true,"max_hp_per_floor":[99,99,99,99,99,99,99,99,109,109,109,109,109,109,109,109,109,109,109,119,119,119,119,119,119,119,119,119,119,119,119,119,119,119,119,119,126,126,126,126,126,126,126,126,126,126,126,126,126,126,126,126,126,126,126],"card_choices":[{"not_picked":["champ:Encircle","champ:StanceDance"],"picked":"champ:DefensiveShout","floor":3},{"not_picked":["champ:HeartStrike","champ:CrookedStrike"],"picked":"champ:RecklessLeap","floor":4},{"not_picked":["champ:StanceDance","champ:RecklessLeap"],"picked":"champ:CrookedStrike","floor":8},{"not_picked":["champ:GutPunch","champ:ArenaPreparation"],"picked":"champ:DefensiveStyle","floor":10},{"not_picked":["champ:StanceDance","champ:SkillfulDodge"],"picked":"champ:DefensiveStyle","floor":13},{"not_picked":["champ:EndlessRage","champ:CrookedStrike"],"picked":"champ:AdrenalArmor","floor":14},{"not_picked":["champ:FanOfKnives","champ:GladiatorsShout"],"picked":"champ:GladiatorStyle","floor":15},{"not_picked":["champ:ShieldSlam","champ:HeavySlash"],"picked":"champ:SteelEdge","floor":16},{"not_picked":["champ:HeartStrike","champ:BringItOn"],"picked":"champ:FocusedDefense","floor":19},{"not_picked":["champ:EnGarde","champ:FanOfKnives"],"picked":"champ:DefensiveShout+1","floor":23},{"not_picked":["champ:StanceDance","champ:Haymaker"],"picked":"champ:PerfectedStrike","floor":25},{"not_picked":["champ:EnragedBash","champ:StanceDance+1"],"picked":"champ:FocusedGladiator","floor":30},{"not_picked":["champ:HeartStrike+1","champ:BerserkersShout"],"picked":"champ:FocusedBerserking","floor":31},{"not_picked":["champ:Encircle+1","champ:DefensiveShout+1","champ:PreciseThrust"],"picked":"SKIP","floor":32},{"not_picked":["champ:ShieldSlam","champ:ShieldThrow"],"picked":"champ:SteelEdge","floor":33},{"not_picked":["champ:BerserkersShout+1","champ:Haymaker+1","champ:Riposte+1"],"picked":"SKIP","floor":36},{"not_picked":["champ:ViciousMockery+1","champ:PerfectedStrike","champ:FanOfKnives+1"],"picked":"SKIP","floor":38},{"not_picked":[],"picked":"wanderingMiniBosses:FinaleOfPromise","floor":39},{"not_picked":["champ:BerserkersShout+1","champ:CrookedStrike","champ:BringItOn"],"picked":"SKIP","floor":39},{"not_picked":["champ:BerserkersShout+1","champ:Backstep+1"],"picked":"champ:Shatter","floor":43},{"not_picked":["champ:DefensiveShout+1","champ:BladeFlurry+1"],"picked":"champ:EnragedBash","floor":44},{"not_picked":["champ:Circumvent","champ:FalseCounter","champ:Backstep"],"picked":"SKIP","floor":45},{"not_picked":["champ:CrookedStrike+1","champ:EnragedBash+1"],"picked":"champ:BerserkersShout","floor":46},{"not_picked":["champ:Encircle+1","champ:HeavySlash","champ:Circumvent+1"],"picked":"SKIP","floor":48},{"not_picked":["champ:FaceSlap","champ:Backstep+1","champ:GladiatorsShout+1"],"picked":"SKIP","floor":49},{"not_picked":["champ:StrikeOfGenius","champ:HoldFirm"],"picked":"champ:SteelEdge","floor":50},{"not_picked":["champ:FocusedGladiator+1","champ:Circumvent+1","champ:EnragedBash"],"picked":"SKIP","floor":52}],"player_experience":269489,"relics_obtained":[{"floor":8,"key":"Guardian:PocketSentry"},{"floor":10,"key":"Ancient Tea Set"},{"floor":12,"key":"Shovel"},{"floor":17,"key":"HollowMod:PaleOreRelic"},{"floor":17,"key":"hubris:DeckOfHolding"},{"floor":17,"key":"hubris:Potato"},{"floor":18,"key":"HollowMod:StagPassRelic"},{"floor":19,"key":"hubris:SlimyHat"},{"floor":20,"key":"Pear"},{"floor":24,"key":"Bronze Scales"},{"floor":28,"key":"infinitespire:PuzzleCube"},{"floor":29,"key":"hubris:TenFootPole"},{"floor":35,"key":"Potion Belt"},{"floor":37,"key":"Strawberry"},{"floor":39,"key":"wanderingMiniBosses:Blackblade"},{"floor":40,"key":"Shuriken"},{"floor":41,"key":"Vajra"},{"floor":42,"key":"HollowMod:LifeEnderRelic"},{"floor":44,"key":"War Paint"},{"floor":52,"key":"Bottled Flame"},{"floor":53,"key":"hubris:DisguiseKit"}],"event_choices":[],"is_beta":false,"boss_relics":[{"not_picked":["Pandora\u0027s Box","Tiny House"],"picked":"Calling Bell"},{"not_picked":["potionbrewer:BhaskarasWheel","hubris:Stopwatch"],"picked":"Cursed Key"}],"items_purged_floors":[54],"is_endless":false,"potions_floor_spawned":[8,14,30,33,38,43,44,48,49],"ascension_level":0}}