{"host":"lvjh6hxnvmu3o62c","time":1608392700,"event":{"mods":["Act Like it!","Astrologer","BaseMod","Challenge The Spire","Colored Powertips","Downfall","Hero for Fun","HornydragonMod","Lobotomy","LobotomyExtend","Marisa（F雨　魔理沙）","Minty Spire (QoL Compilation)","Pale of the Ancients","Quick Restart","Reimu（博丽灵梦）","Remilia（蕾米莉亚）","Replay The Spire","Shop Mod","StSLib","SuperFastMode","The Construct","Yuri Mod","[地精首领爬塔]The Maniac","vexMod"],"gold_per_floor":[117,168,188,97,97,97,116,143,220,97,97,43,43,43,43],"floor_reached":14,"playtime":460,"items_purged":[],"score":88,"play_id":"4217d674-7b44-447d-ab7d-f6c7120ef740","local_time":"20201219234500","is_ascension_mode":false,"campfire_choices":[{"floor":6,"key":"RECALL"},{"data":"MasterSpark","floor":11,"key":"SMITH"}],"circlet_count":0,"master_deck":["Strike_MRS","Strike_MRS","Strike_MRS","Strike_MRS","Defend_MRS","Defend_MRS","Defend_MRS","Defend_MRS","MasterSpark+1","UpSweep","DC","LuminesStrike","ShootingEcho","SatelliteIllusion","StarlightTyphoon","DC","DragonMeteor","SuperNova","DoubleSpark"],"relics":["MiniHakkero","LetterFromLob","MerchantsRug","Pocketwatch","vexMod:InvisibilityCloak","vexMod:Spyglass"],"acts_visited":["Exordium"],"potions_floor_usage":[],"damage_taken":[{"damage":0,"enemies":"2 Louse","floor":1,"turns":2},{"damage":0,"enemies":"Small Slimes","floor":3,"turns":2},{"damage":6,"enemies":"Jaw Worm","floor":5,"turns":2},{"damage":10,"enemies":"Looter","floor":7,"turns":2},{"damage":27,"enemies":"3 Sentries","floor":8,"turns":5},{"damage":28,"enemies":"Lagavulin","floor":14,"turns":3}],"seed_played":"6130910224616121100","potions_obtained":[{"floor":3,"key":"Fire Potion"},{"floor":7,"key":"Toxic Potion"}],"is_trial":false,"path_per_floor":["M","?","M","$","M","R","M","E","T","$","R","$","M","E"],"character_chosen":"MARISA","items_purchased":["MerchantsRug","vexMod:Spyglass","DoubleSpark"],"campfire_rested":0,"item_purchase_floors":[4,10,12],"current_hp_per_floor":[75,57,57,57,51,51,41,14,14,14,14,14,14,0,0],"gold":43,"neow_bonus":"THREE_CARDS","is_daily":false,"chose_seed":false,"campfire_upgraded":1,"win_rate":0.0,"timestamp":1608392700,"path_taken":["M","?","M","$","M","R","M","E","T","$","R","?","M","E"],"items_purchased_type":["Relic","Relic","Card"],"build_version":"2020-12-13","purchased_purges":0,"victory":false,"max_hp_per_floor":[75,75,75,75,75,75,75,75,75,75,75,75,75,75,75],"card_choices":[{"not_picked":["PowerUp","OrrerysSun"],"picked":"DC","floor":0},{"not_picked":["DarkMatter","EnergyRecoil"],"picked":"LuminesStrike","floor":1},{"not_picked":["GalacticHalo","OrrerysSun"],"picked":"ShootingEcho","floor":2},{"not_picked":["SporeBomb","GravityBeat"],"picked":"SatelliteIllusion","floor":2},{"not_picked":["OneTimeOff","GrandCross"],"picked":"StarlightTyphoon","floor":3},{"not_picked":["PulseMagic","Acceleration"],"picked":"DC","floor":5},{"not_picked":["Orbital","AsteroidBelt"],"picked":"DragonMeteor","floor":7},{"not_picked":["IllusionStar","ChargingUp"],"picked":"SuperNova","floor":8}],"player_experience":331681,"relics_obtained":[{"floor":1,"key":"LetterFromLob"},{"floor":2,"key":"Bottled Flame"},{"floor":8,"key":"Pocketwatch"},{"floor":9,"key":"vexMod:InvisibilityCloak"}],"event_choices":[],"is_beta":false,"boss_relics":[],"items_purged_floors":[],"is_endless":false,"potions_floor_spawned":[3,7],"killed_by":"Lagavulin","ascension_level":0}}