{"host":"0vd2boh2oi7jm085","time":1608369371,"event":{"mods":["BaseMod","Colored Map","Colored Powertips","Highlight Path","Minty Spire (QoL Compilation)","Quick Restart","StSLib","The IronCluck"],"gold_per_floor":[115,5,280,105,123,149,149,177,230,249,249,249,249],"floor_reached":12,"playtime":290,"items_purged":["Regret"],"score":163,"play_id":"5681320d-5a97-41da-9f33-657ce25d0d17","local_time":"20201219011611","is_ascension_mode":true,"campfire_choices":[{"floor":7,"key":"REST"},{"floor":11,"key":"REST"}],"circlet_count":0,"master_deck":["AscendersBane","Strike_R","Strike_R","Strike_R","Strike_R","Strike_R","Defend_R","Defend_R","Defend_R","Defend_R","Bash","Body Slam","Ghostly Armor","Finesse"],"relics":["Burning Blood","PreservedInsect","Unceasing Top","MealTicket"],"acts_visited":["Exordium"],"potions_floor_usage":[8],"damage_taken":[{"damage":7.0,"enemies":"2 Louse","floor":1.0,"turns":2.0},{"damage":1,"enemies":"Cultist","floor":5,"turns":4},{"damage":41,"enemies":"3 Sentries","floor":6,"turns":14},{"damage":29,"enemies":"Gremlin Nob","floor":8,"turns":4},{"damage":18,"enemies":"Small Slimes","floor":10,"turns":4},{"damage":49,"enemies":"Lagavulin","floor":12,"turns":7}],"seed_played":"3193623251719217844","potions_obtained":[{"floor":0.0,"key":"SpeedPotion"},{"floor":0.0,"key":"Strength Potion"},{"floor":8,"key":"SpeedPotion"}],"is_trial":false,"path_per_floor":["M","$","?","$","M","E","R","E","T","M","R","E"],"character_chosen":"IRONCLAD","items_purchased":["Body Slam","Ghostly Armor","Finesse"],"campfire_rested":2,"item_purchase_floors":[2,2,4],"current_hp_per_floor":[67,67,67,67,72,37,59,36,36,24,46,0,0],"gold":249,"neow_bonus":"THREE_SMALL_POTIONS","is_daily":false,"chose_seed":false,"campfire_upgraded":0,"win_rate":0.0,"timestamp":1608369371,"path_taken":["M","$","?","$","M","E","R","E","T","?","R","E"],"items_purchased_type":["Card","Card","Card"],"build_version":"2020-12-13","purchased_purges":1,"victory":false,"max_hp_per_floor":[75,75,75,75,75,75,75,75,75,75,75,75,75],"card_choices":[{"not_picked":["Headbutt","Iron Wave","Havoc"],"picked":"SKIP","floor":1.0},{"not_picked":["Uppercut","Rampage","Armaments"],"picked":"SKIP","floor":5},{"not_picked":["Bloodletting","Clothesline","Havoc"],"picked":"SKIP","floor":6},{"not_picked":["Uppercut","Disarm","Exhume"],"picked":"SKIP","floor":8},{"not_picked":["Pommel Strike","Perfected Strike","Havoc"],"picked":"SKIP","floor":10}],"player_experience":91716,"relics_obtained":[{"floor":6,"key":"PreservedInsect"},{"floor":8,"key":"Unceasing Top"},{"floor":9,"key":"MealTicket"}],"event_choices":[{"damage_healed":0.0,"max_hp_gain":0.0,"max_hp_loss":0.0,"gold_gain":275.0,"event_name":"Golden Shrine","player_choice":"Desecrate","floor":3.0,"gold_loss":0.0,"damage_taken":0.0,"cards_obtained":["Regret"]}],"is_beta":false,"boss_relics":[],"items_purged_floors":[4],"is_endless":false,"potions_floor_spawned":[8],"killed_by":"Lagavulin","ascension_level":18}}