{"host":"4qkvkh7pd9qr2mca","time":1608386744,"event":{"mods":["AchievementEnabler","BaseMod","Colored Map","Colored Powertips","Highlight Path","Minty Spire (QoL Compilation)","Permanent Neow","Quick Restart","StSLib","SuperFastMode"],"gold_per_floor":[109,109,125,140,159,159,170,170,196,222,222,247,266,299,299,375,375,393,406,65,77,100,128,128,154,154,183,183,140,172,8,8,83,83,95,115,133,186,211,242,274,274,274,274,303,303,10,43,43,43,43],"floor_reached":52,"playtime":4252,"items_purged":["Phantasmal Killer","Backstab"],"score":2553,"play_id":"4e927853-56ba-4a0d-855c-3e292784654c","local_time":"20201219150544","is_ascension_mode":true,"campfire_choices":[{"data":"All Out Attack","floor":6.0,"key":"SMITH"},{"data":"Neutralize","floor":8.0,"key":"SMITH"},{"floor":15,"key":"REST"},{"data":"After Image","floor":24,"key":"SMITH"},{"data":"Well Laid Plans","floor":32,"key":"SMITH"},{"data":"Adrenaline","floor":44,"key":"SMITH"},{"data":"Apotheosis","floor":49,"key":"SMITH"}],"circlet_count":0,"master_deck":["AscendersBane","Survivor","Neutralize+1","Caltrops+1","All Out Attack+1","Calculated Gamble","Terror","Unload","Caltrops","Backflip","Storm of Steel","Sucker Punch","After Image+1","Phantasmal Killer","Adrenaline+1","PiercingWail","Well Laid Plans+1","Envenom","After Image","Blade Dance+1","Footwork","Deflect","Backflip","Crippling Poison+1","Noxious Fumes","Wraith Form v2","Tactician","Adrenaline","CurseOfTheBell","PiercingWail+1","Cloak And Dagger+1","Acrobatics+1","Panacea","Apotheosis+1","Thinking Ahead"],"relics":["Ring of the Snake","FossilizedHelix","MealTicket","Centennial Puzzle","Regal Pillow","TungstenRod","Pandora\u0027s Box","Orrery","Pen Nib","Bottled Lightning","Toy Ornithopter","Paper Crane","Matryoshka","Darkstone Periapt","TwistedFunnel","Calling Bell","Bag of Marbles","The Courier","WingedGreaves","Torii","Calipers","Happy Flower","Dream Catcher","Molten Egg 2","HornCleat","Potion Belt","OrangePellets","Oddly Smooth Stone"],"acts_visited":["Exordium","TheCity","TheBeyond"],"potions_floor_usage":[16,23,25,33,36,38,51,51,51,51],"damage_taken":[{"damage":4.0,"enemies":"Jaw Worm","floor":1.0,"turns":7.0},{"damage":0.0,"enemies":"Cultist","floor":3.0,"turns":5.0},{"damage":0.0,"enemies":"2 Louse","floor":4.0,"turns":2.0},{"damage":7.0,"enemies":"Exordium Wildlife","floor":5.0,"turns":4.0},{"damage":0.0,"enemies":"Large Slime","floor":7.0,"turns":5.0},{"damage":26.0,"enemies":"3 Sentries","floor":10.0,"turns":9.0},{"damage":0.0,"enemies":"Lagavulin","floor":12.0,"turns":5.0},{"damage":0.0,"enemies":"Blue Slaver","floor":13.0,"turns":3.0},{"damage":0,"enemies":"Gremlin Nob","floor":14,"turns":2},{"damage":8,"enemies":"The Guardian","floor":16,"turns":9},{"damage":0,"enemies":"3 Byrds","floor":18,"turns":2},{"damage":0,"enemies":"2 Thieves","floor":19,"turns":4},{"damage":10,"enemies":"Shelled Parasite and Fungi","floor":21,"turns":5},{"damage":6,"enemies":"Book of Stabbing","floor":23,"turns":5},{"damage":10,"enemies":"Slavers","floor":25,"turns":5},{"damage":0,"enemies":"Gremlin Leader","floor":27,"turns":8},{"damage":13,"enemies":"Slavers","floor":30,"turns":7},{"damage":7,"enemies":"Collector","floor":33,"turns":8},{"damage":0,"enemies":"3 Darklings","floor":35,"turns":4},{"damage":0,"enemies":"Orb Walker","floor":36,"turns":4},{"damage":0,"enemies":"4 Shapes","floor":37,"turns":2},{"damage":0,"enemies":"2 Orb Walkers","floor":38,"turns":5},{"damage":0,"enemies":"Mind Bloom Boss Battle","floor":39,"turns":6},{"damage":0,"enemies":"Reptomancer","floor":40,"turns":8},{"damage":0,"enemies":"Giant Head","floor":41,"turns":9},{"damage":0,"enemies":"Nemesis","floor":45,"turns":5},{"damage":0,"enemies":"Giant Head","floor":48,"turns":6},{"damage":0,"enemies":"Donu and Deca","floor":50,"turns":11},{"damage":17,"enemies":"Time Eater","floor":51,"turns":12}],"seed_played":"671768173008374632","potions_obtained":[{"floor":1.0,"key":"SteroidPotion"},{"floor":5.0,"key":"ColorlessPotion"},{"floor":10.0,"key":"Block Potion"},{"floor":12.0,"key":"BlessingOfTheForge"},{"floor":16,"key":"LiquidBronze"},{"floor":25,"key":"Poison Potion"},{"floor":27,"key":"Block Potion"},{"floor":33,"key":"AttackPotion"},{"floor":37,"key":"Weak Potion"},{"floor":40,"key":"Weak Potion"}],"is_trial":false,"path_per_floor":["M","?","M","M","M","R","M","R","T","E","?","E","M","E","R","B",null,"M","M","$","M","T","E","R","E","T","E","?","$","E","$","R","B",null,"M","M","M","?","?","E","E","?","T","R","E","?","$","E","R","B","B",null],"character_chosen":"THE_SILENT","items_purchased":["Footwork","Deflect","Orrery","Tactician","TwistedFunnel","OrangePellets","Energy Potion","Fire Potion"],"campfire_rested":1,"item_purchase_floors":[20,20,20,29,31,47,47,47],"current_hp_per_floor":[55,55,55,55,48,48,48,48,48,22,22,22,22,22,55,47,57,57,57,60,50,50,44,44,34,34,34,34,49,36,51,51,49,63,63,66,66,66,66,66,66,66,66,66,66,57,66,66,66,66,49],"gold":43,"neow_bonus":"ONE_RARE_RELIC","is_daily":false,"chose_seed":false,"campfire_upgraded":6,"win_rate":0.0,"timestamp":1608386744,"path_taken":["M","?","M","M","?","R","?","R","T","E","?","E","M","E","R","BOSS","M","M","$","M","?","E","R","E","T","E","?","?","E","$","R","BOSS","M","M","M","?","?","E","E","?","T","R","E","?","$","E","R","BOSS","BOSS"],"items_purchased_type":["Card","Card","Relic","Card","Relic","Relic","Potion","Potion"],"build_version":"2020-12-13","purchased_purges":2,"victory":true,"max_hp_per_floor":[60,60,60,60,60,60,60,60,60,60,60,60,60,60,60,60,60,60,60,60,60,60,60,60,60,60,60,60,60,60,60,60,60,66,66,66,66,66,66,66,66,66,66,66,66,66,66,66,66,66,66],"card_choices":[{"not_picked":["Underhanded Strike","Slice"],"picked":"Caltrops","floor":1.0},{"not_picked":["Cloak And Dagger","Catalyst"],"picked":"All Out Attack","floor":3.0},{"not_picked":["Underhanded Strike","Dodge and Roll"],"picked":"Calculated Gamble","floor":4.0},{"not_picked":["Outmaneuver","Reflex","Setup"],"picked":"SKIP","floor":5.0},{"not_picked":["Heel Hook","Flying Knee"],"picked":"Terror","floor":7.0},{"not_picked":["Flying Knee","Finisher"],"picked":"Unload","floor":10.0},{"not_picked":["Outmaneuver","Dodge and Roll"],"picked":"Phantasmal Killer","floor":12.0},{"not_picked":["Underhanded Strike","Reflex","Prepared"],"picked":"SKIP","floor":13.0},{"not_picked":["Tactician","Terror"],"picked":"Backflip","floor":14},{"not_picked":["Grand Finale","Phantasmal Killer"],"picked":"Storm of Steel","floor":16},{"not_picked":["Dagger Spray","Heel Hook","Outmaneuver"],"picked":"SKIP","floor":18},{"not_picked":["Crippling Poison","Dagger Spray"],"picked":"Blade Dance+1","floor":19},{"not_picked":["Slice","Corpse Explosion"],"picked":"Backflip","floor":20},{"not_picked":["Deadly Poison","Cloak And Dagger"],"picked":"Crippling Poison+1","floor":20},{"not_picked":["Heel Hook","Infinite Blades"],"picked":"Noxious Fumes","floor":20},{"not_picked":["Bane","Deadly Poison","Outmaneuver"],"picked":"SKIP","floor":21},{"not_picked":["Dagger Throw","Calculated Gamble","Sucker Punch+1"],"picked":"SKIP","floor":23},{"not_picked":["Dagger Throw","Caltrops","All Out Attack"],"picked":"SKIP","floor":25},{"not_picked":["Flying Knee","Backflip+1"],"picked":"Wraith Form v2","floor":27},{"not_picked":["Setup","Sucker Punch","Underhanded Strike"],"picked":"SKIP","floor":30},{"not_picked":["Phantasmal Killer","Corpse Explosion"],"picked":"Adrenaline","floor":33},{"not_picked":["Masterful Stab","Deadly Poison"],"picked":"PiercingWail+1","floor":35},{"not_picked":["Distraction+1","Bane+1","PiercingWail"],"picked":"SKIP","floor":36},{"not_picked":["Blade Dance","Poisoned Stab+1","Sucker Punch"],"picked":"SKIP","floor":37},{"not_picked":["Footwork","Skewer"],"picked":"Cloak And Dagger+1","floor":38},{"not_picked":["Quick Slash","Riddle With Holes","Dodge and Roll"],"picked":"SKIP","floor":40},{"not_picked":["Caltrops","Prepared+1"],"picked":"Acrobatics+1","floor":41},{"not_picked":["Reflex","Deadly Poison+1","Dash+1"],"picked":"SKIP","floor":45},{"not_picked":["Impatience","Transmutation"],"picked":"Panacea","floor":46},{"not_picked":["Magnetism","Dark Shackles"],"picked":"Apotheosis","floor":46},{"not_picked":["The Bomb","Transmutation"],"picked":"Thinking Ahead","floor":46},{"not_picked":["Sucker Punch+1","Prepared","Poisoned Stab+1"],"picked":"SKIP","floor":48}],"player_experience":442031,"relics_obtained":[{"floor":9.0,"key":"MealTicket"},{"floor":10.0,"key":"Centennial Puzzle"},{"floor":12.0,"key":"Regal Pillow"},{"floor":14,"key":"TungstenRod"},{"floor":22,"key":"Pen Nib"},{"floor":23,"key":"Bottled Lightning"},{"floor":25,"key":"Toy Ornithopter"},{"floor":26,"key":"Paper Crane"},{"floor":27,"key":"Matryoshka"},{"floor":30,"key":"Darkstone Periapt"},{"floor":34,"key":"Bag of Marbles"},{"floor":34,"key":"The Courier"},{"floor":34,"key":"WingedGreaves"},{"floor":38,"key":"Torii"},{"floor":39,"key":"Calipers"},{"floor":40,"key":"Happy Flower"},{"floor":41,"key":"Dream Catcher"},{"floor":43,"key":"Molten Egg 2"},{"floor":43,"key":"HornCleat"},{"floor":45,"key":"Potion Belt"},{"floor":48,"key":"Oddly Smooth Stone"}],"event_choices":[{"damage_healed":0.0,"max_hp_gain":0.0,"max_hp_loss":0.0,"gold_gain":0.0,"event_name":"Upgrade Shrine","player_choice":"Upgraded","floor":2.0,"gold_loss":0.0,"damage_taken":0.0,"cards_upgraded":["Caltrops"]},{"damage_healed":0.0,"max_hp_gain":0.0,"max_hp_loss":0.0,"gold_gain":0.0,"cards_transformed":["Strike_G"],"event_name":"Transmorgrifier","player_choice":"Transformed","floor":11.0,"gold_loss":0.0,"damage_taken":0.0,"cards_obtained":["Caltrops"]},{"damage_healed":0,"gold_gain":0,"player_choice":"Ignored","damage_taken":0,"max_hp_gain":0,"max_hp_loss":0,"event_name":"Vampires","floor":28,"gold_loss":0},{"damage_healed":0,"gold_gain":0,"player_choice":"Fight","damage_taken":0,"max_hp_gain":0,"max_hp_loss":0,"event_name":"Mysterious Sphere","floor":38,"gold_loss":0},{"damage_healed":0,"gold_gain":0,"player_choice":"Fight","damage_taken":0,"max_hp_gain":0,"max_hp_loss":0,"event_name":"MindBloom","floor":39,"gold_loss":0},{"damage_healed":0,"gold_gain":0,"player_choice":"Ignored","damage_taken":0,"max_hp_gain":0,"max_hp_loss":0,"event_name":"Tomb of Lord Red Mask","floor":42,"gold_loss":0},{"damage_healed":0,"gold_gain":0,"player_choice":"Memory 3","damage_taken":10,"max_hp_gain":0,"max_hp_loss":0,"event_name":"SensoryStone","floor":46,"gold_loss":0}],"is_beta":false,"boss_relics":[{"not_picked":["HoveringKite","Tiny House"],"picked":"Pandora\u0027s Box"},{"not_picked":["Black Star","Ring of the Serpent"],"picked":"Calling Bell"}],"items_purged_floors":[20,47],"is_endless":false,"potions_floor_spawned":[1,5,10,12,14,16,18,25,27,33,35,37,40,41],"ascension_level":20}}