{"host":"30jsp143e4v19aze","time":1608388939,"event":{"mods":["BaseMod","Colored Map","Highlight Path","Minty Spire (QoL Compilation)","Quick Restart","Relic Sorter","Relic Stats","Say the Spire","StSLib"],"gold_per_floor":[111,111,128,138,2,31,41,41,66,66,98,113,133,147,147,218,218,218,55,55,0,0,0,0,0,0,0,0,0,0,0,0,0,0],"floor_reached":33,"playtime":2531,"items_purged":["Strike_R"],"score":648,"play_id":"f7334eef-a1a2-4d93-9e49-564d07872728","local_time":"20201219154219","is_ascension_mode":true,"campfire_choices":[{"data":"Uppercut","floor":8,"key":"SMITH"},{"data":"Pommel Strike","floor":10,"key":"SMITH"},{"data":"Inflame","floor":15,"key":"SMITH"},{"data":"Whirlwind","floor":23,"key":"SMITH"},{"data":"Shockwave","floor":32,"key":"SMITH"}],"circlet_count":0,"master_deck":["AscendersBane","Defend_R","Defend_R","Defend_R","Defend_R","Bash","Shrug It Off","Pommel Strike+1","Battle Trance","Rampage","Flame Barrier","Uppercut+1","Sword Boomerang+1","Shrug It Off","Inflame+1","Shrug It Off","Reaper","Shrug It Off","Whirlwind+1","Bite","Bite","Bite+1","Bite","Bite","Shockwave+1","Burning Pact","Headbutt"],"relics":["Coffee Dripper","Blue Candle","Boot","Strawberry","Red Skull","Odd Mushroom","Ectoplasm","WingedGreaves","Whetstone"],"acts_visited":["Exordium","TheCity"],"potions_floor_usage":[5,16,18,25,25,33],"damage_taken":[{"damage":0,"enemies":"Cultist","floor":1,"turns":3},{"damage":0,"enemies":"Jaw Worm","floor":3,"turns":4},{"damage":3,"enemies":"Small Slimes","floor":4,"turns":3},{"damage":33,"enemies":"Gremlin Nob","floor":6,"turns":4},{"damage":2,"enemies":"2 Fungi Beasts","floor":7,"turns":4},{"damage":10,"enemies":"Lagavulin","floor":11,"turns":5},{"damage":0,"enemies":"Exordium Wildlife","floor":12,"turns":3},{"damage":1,"enemies":"The Mushroom Lair","floor":13,"turns":3},{"damage":7,"enemies":"Lots of Slimes","floor":14,"turns":3},{"damage":6,"enemies":"The Guardian","floor":16,"turns":6},{"damage":5,"enemies":"Shell Parasite","floor":18,"turns":4},{"damage":14,"enemies":"2 Thieves","floor":21,"turns":3},{"damage":6,"enemies":"Snecko","floor":22,"turns":5},{"damage":28,"enemies":"Book of Stabbing","floor":25,"turns":5},{"damage":8,"enemies":"Centurion and Healer","floor":27,"turns":5},{"damage":50,"enemies":"Slavers","floor":28,"turns":8},{"damage":11,"enemies":"Shelled Parasite and Fungi","floor":30,"turns":4},{"damage":17,"enemies":"Snake Plant","floor":31,"turns":4},{"damage":49,"enemies":"Champ","floor":33,"turns":9}],"seed_played":"2742942039837305825","potions_obtained":[{"floor":1,"key":"BloodPotion"},{"floor":3,"key":"CultistPotion"},{"floor":16,"key":"GamblersBrew"},{"floor":18,"key":"ColorlessPotion"},{"floor":28,"key":"BloodPotion"},{"floor":31,"key":"SpeedPotion"}],"is_trial":false,"path_per_floor":["M","?","M","M","$","E","M","R","T","R","E","M","?","M","R","B",null,"M","$","?","M","M","R","?","E","T","M","E","$","M","M","R","B"],"character_chosen":"IRONCLAD","items_purchased":["Rampage","Dexterity Potion","Whirlwind"],"campfire_rested":0,"item_purchase_floors":[5,5,19],"current_hp_per_floor":[68,61,61,58,73,40,38,38,45,45,35,35,34,27,27,21,67,68,68,68,68,68,68,57,34,34,46,24,24,32,30,30,0,0],"gold":0,"neow_bonus":"BOSS_RELIC","is_daily":false,"chose_seed":false,"campfire_upgraded":5,"win_rate":0.0,"timestamp":1608388939,"path_taken":["M","?","M","M","$","E","M","R","T","R","E","M","?","M","R","BOSS","M","$","?","M","M","R","?","E","T","M","E","?","M","?","R","BOSS"],"items_purchased_type":["Card","Potion","Card"],"build_version":"2020-12-13","purchased_purges":1,"victory":false,"max_hp_per_floor":[75,75,75,75,75,75,75,75,82,82,82,82,82,82,82,82,82,82,82,82,82,82,82,57,57,57,57,57,57,57,57,57,57,57],"relic_stats":{"counters":[19,85],"Blue Candle":[0],"Ectoplasm":270,"Whetstone":["Sword Boomerang","Bite"],"Boot":[18],"obtain_stats":[{"Strawberry":9,"Blue Candle":28,"Ectoplasm":17,"WingedGreaves":25,"Coffee Dripper":0,"Whetstone":26,"Odd Mushroom":13,"Boot":6,"Burning Blood":0,"Red Skull":11},{"Strawberry":5,"Blue Candle":16,"Ectoplasm":10,"WingedGreaves":14,"Coffee Dripper":0,"Whetstone":14,"Odd Mushroom":8,"Boot":4,"Burning Blood":0,"Red Skull":6},{"Strawberry":18,"Blue Candle":68,"Ectoplasm":38,"WingedGreaves":55,"Coffee Dripper":0,"Whetstone":55,"Odd Mushroom":29,"Boot":14,"Burning Blood":0,"Red Skull":23}]},"card_choices":[{"not_picked":["Dropkick","Thunderclap"],"picked":"Shrug It Off","floor":1},{"not_picked":["Seeing Red","Sword Boomerang"],"picked":"Pommel Strike","floor":3},{"not_picked":["Entrench","Pommel Strike"],"picked":"Battle Trance","floor":4},{"not_picked":["Armaments","Ghostly Armor"],"picked":"Flame Barrier","floor":6},{"not_picked":["Cleave","Carnage"],"picked":"Uppercut","floor":7},{"not_picked":["Clothesline","Hemokinesis"],"picked":"Sword Boomerang","floor":11},{"not_picked":["Flex","Anger"],"picked":"Shrug It Off","floor":12},{"not_picked":["Warcry","Armaments"],"picked":"Inflame","floor":13},{"not_picked":["Flex","Twin Strike"],"picked":"Shrug It Off","floor":14},{"not_picked":["Immolate","Bludgeon"],"picked":"Reaper","floor":16},{"not_picked":["Seeing Red","Intimidate"],"picked":"Shrug It Off","floor":18},{"not_picked":["Clothesline","Warcry","Heavy Blade"],"picked":"SKIP","floor":21},{"not_picked":["Iron Wave","Anger","Clothesline"],"picked":"SKIP","floor":22},{"not_picked":["Body Slam+1","Clash"],"picked":"Shockwave","floor":25},{"not_picked":["Cleave","Clothesline+1"],"picked":"Burning Pact","floor":27},{"not_picked":["Perfected Strike","Power Through","Fire Breathing"],"picked":"SKIP","floor":28},{"not_picked":["Clothesline","Second Wind+1"],"picked":"Headbutt","floor":30},{"not_picked":["Heavy Blade","Havoc","Infernal Blade+1"],"picked":"SKIP","floor":31}],"player_experience":2921272,"relics_obtained":[{"floor":6,"key":"Boot"},{"floor":9,"key":"Strawberry"},{"floor":11,"key":"Red Skull"},{"floor":13,"key":"Odd Mushroom"},{"floor":25,"key":"WingedGreaves"},{"floor":26,"key":"Whetstone"},{"floor":28,"key":"Blue Candle"}],"event_choices":[{"cards_removed":["Strike_R"],"damage_healed":0,"gold_gain":0,"player_choice":"Card Removal","damage_taken":7,"max_hp_gain":0,"max_hp_loss":0,"event_name":"Golden Wing","floor":2,"gold_loss":0},{"damage_healed":0,"gold_gain":0,"player_choice":"Fought Mushrooms","damage_taken":0,"max_hp_gain":0,"max_hp_loss":0,"event_name":"Mushrooms","floor":13,"gold_loss":0},{"damage_healed":0,"gold_gain":0,"player_choice":"Became a vampire","damage_taken":0,"max_hp_gain":0,"max_hp_loss":25,"event_name":"Vampires","floor":24,"gold_loss":0,"cards_obtained":["Bite","Bite","Bite","Bite","Bite"]}],"is_beta":false,"boss_relics":[{"not_picked":["Busted Crown","Philosopher\u0027s Stone"],"picked":"Ectoplasm"}],"items_purged_floors":[19],"is_endless":false,"potions_floor_spawned":[1,3,7,16,18,28,31],"killed_by":"Champ","ascension_level":20}}