{"host":"inrqn0jglgjaorlx","time":1608402918,"event":{"mods":["2.2 Compatiblity","Abigail Mod","AchievementEnabler","Act Like it!","BaseMod","CapriCore","Friendly Minions","Gensokyo","Marisa（霧雨　魔理沙）","Minty Spire (QoL Compilation)","Prisma Mod","Reimu（博??梦）","Remilia（蕾米莉?）","StSLib","SuperFastMode","The Alterego","The Immortal","The Marked"],"gold_per_floor":[115,115,127,137,151,151,177,177,177,187,201,226,251,270,270,367,367,379,391,411,411,422,422,453,469,494,494,158,177,193,49,49,154,154,172,172,190,202,302,302,327,327,354,354,385,385,402,51,51,51,51],"floor_reached":50,"playtime":2350,"items_purged":["theMarked:Strike","theMarked:Strike"],"score":692,"play_id":"8788d53b-585c-4558-9857-2656d426d9ae","local_time":"20201219183518","is_ascension_mode":true,"campfire_choices":[{"data":"theMarked:ComboAttacks","floor":6,"key":"SMITH"},{"data":"theMarked:KeepCalmAndFightOn","floor":8,"key":"SMITH"},{"floor":15,"key":"DIG"},{"floor":23,"key":"DIG"},{"floor":27,"key":"DIG"},{"floor":32,"key":"DIG"},{"floor":40,"key":"REST"},{"floor":42,"key":"DIG"},{"floor":44,"key":"REST"},{"floor":49,"key":"REST"}],"circlet_count":0,"master_deck":["theMarked:Strike","theMarked:Strike","theMarked:Defend","theMarked:Defend","theMarked:Defend","theMarked:Defend","theMarked:SoldierOfQuellstein","theMarked:TwofoldDefense","theMarked:ReduceFriction","theMarked:ComboAttacks+1","theMarked:KeepCalmAndFightOn+1","theMarked:Polarize+1","theMarked:Levitate+1","theMarked:Improvise+1","theMarked:DispelDoubt","theMarked:EnhancedHearing","theMarked:ParalyzingBlade+1","theMarked:RogueSparks+1","theMarked:TwofoldDefense+1","theMarked:TwofoldDefense+1","theMarked:BanishingStrike","theMarked:EternalStudent+1","theMarked:SwordAndMagic+1","theMarked:TwofoldDefense+1","theMarked:BanishingStrike+1","theMarked:StartUp+1","theMarked:MysticalArsenal+1"],"relics":["theMarked:ArtifactOfAir","Anchor","Toxic Egg 2","Odd Mushroom","Shovel","Mastiff:ReiMu","Philosopher\u0027s Stone","Pocketwatch","MealTicket","theMarked:DemonDagger","Bottled Flame","Ornamental Fan","Bronze Scales","Art of War","Black Star","Mango","Juzu Bracelet","Oddly Smooth Stone","Ancient Tea Set","Dream Catcher","ClockworkSouvenir"],"acts_visited":["Exordium","TheCity","TheBeyond"],"potions_floor_usage":[7,7,16,20,22,24,25,33,33,35,41,41,41,50],"damage_taken":[{"damage":1,"enemies":"Jaw Worm","floor":1,"turns":4},{"damage":1,"enemies":"Cultist","floor":3,"turns":3},{"damage":3,"enemies":"Small Slimes","floor":4,"turns":4},{"damage":5,"enemies":"2 Fungi Beasts","floor":5,"turns":4},{"damage":10,"enemies":"Lagavulin","floor":7,"turns":8},{"damage":0,"enemies":"Red Slaver","floor":10,"turns":4},{"damage":3,"enemies":"Exordium Thugs","floor":11,"turns":3},{"damage":0,"enemies":"The Mushroom Lair","floor":12,"turns":1},{"damage":9,"enemies":"3 Sentries","floor":13,"turns":3},{"damage":3,"enemies":"Exordium Wildlife","floor":14,"turns":3},{"damage":0,"enemies":"Slime Boss","floor":16,"turns":5},{"damage":7,"enemies":"3 Byrds","floor":18,"turns":4},{"damage":0,"enemies":"Chosen","floor":19,"turns":3},{"damage":9,"enemies":"3 Cultists","floor":20,"turns":4},{"damage":4,"enemies":"Snecko","floor":22,"turns":5},{"damage":20,"enemies":"Book of Stabbing","floor":24,"turns":4},{"damage":2,"enemies":"Cultist and Chosen","floor":25,"turns":4},{"damage":2,"enemies":"Centurion and Healer","floor":29,"turns":5},{"damage":0,"enemies":"Shelled Parasite and Fungi","floor":30,"turns":3},{"damage":39,"enemies":"Automaton","floor":33,"turns":9},{"damage":34,"enemies":"3 Darklings","floor":35,"turns":4},{"damage":4,"enemies":"Orb Walker","floor":37,"turns":4},{"damage":30,"enemies":"Jaw Worm Horde","floor":38,"turns":4},{"damage":0,"enemies":"Reptomancer","floor":41,"turns":3},{"damage":13,"enemies":"Nemesis","floor":45,"turns":5},{"damage":20,"enemies":"Sphere and 2 Shapes","floor":47,"turns":4},{"damage":83,"enemies":"Awakened One","floor":50,"turns":6}],"seed_played":"-5637303404369475630","potions_obtained":[{"floor":4,"key":"DistilledChaos"},{"floor":5,"key":"theMarked:SummonPotion"},{"floor":7,"key":"CultistPotion"},{"floor":12,"key":"Dexterity Potion"},{"floor":13,"key":"FearPotion"},{"floor":16,"key":"SteroidPotion"},{"floor":20,"key":"Strength Potion"},{"floor":21,"key":"PowerPotion"},{"floor":24,"key":"Strength Potion"},{"floor":29,"key":"GrandPatriotsElixir:ReiMu"},{"floor":30,"key":"Fire Potion"},{"floor":33,"key":"BlessingOfTheForge"},{"floor":37,"key":"SteroidPotion"},{"floor":38,"key":"LiquidMemories"}],"is_trial":false,"path_per_floor":["M","?","M","M","M","R","E","R","T","M","M","?","E","M","R","B",null,"M","M","M","?","M","R","E","M","T","R","$","M","M","$","R","B",null,"M","?","M","M","?","R","E","R","T","R","E","?","M","$","R","B"],"character_chosen":"THE_DEFAULT","items_purchased":["Ornamental Fan","Bronze Scales","ClockworkSouvenir","CultistPotion"],"campfire_rested":3,"item_purchase_floors":[28,31,48,48],"current_hp_per_floor":[76,76,75,72,67,67,57,57,57,57,54,54,45,42,42,42,77,70,70,61,61,57,57,37,35,35,35,50,48,48,63,63,24,77,43,43,39,9,9,32,46,46,46,73,60,60,40,55,82,0,0],"gold":51,"neow_bonus":"TEN_PERCENT_HP_BONUS","is_daily":false,"chose_seed":false,"campfire_upgraded":2,"win_rate":0.0,"timestamp":1608402918,"path_taken":["M","?","M","M","M","R","E","R","T","M","?","?","E","M","R","BOSS","M","M","M","?","M","R","E","M","T","R","$","?","M","$","R","BOSS","M","?","M","M","?","R","E","R","T","R","E","?","M","$","R","BOSS"],"items_purchased_type":["Relic","Relic","Relic","Potion"],"build_version":"2020-12-13","purchased_purges":2,"victory":false,"max_hp_per_floor":[77,77,77,77,77,77,77,77,77,77,77,77,77,77,77,77,77,77,77,77,77,77,77,77,77,77,77,77,77,77,77,77,77,77,77,77,77,77,77,77,91,91,91,91,91,91,91,91,91,91,91],"card_choices":[{"not_picked":["theMarked:Overthink","theMarked:WardOff"],"picked":"theMarked:TwofoldDefense","floor":1},{"not_picked":["theMarked:RogueSparks","theMarked:Convert"],"picked":"theMarked:ReduceFriction","floor":3},{"not_picked":["theMarked:HeightenedSenses","theMarked:TwofoldDefense","theMarked:Reabsorb"],"picked":"SKIP","floor":4},{"not_picked":["theMarked:Seal","theMarked:Static"],"picked":"theMarked:ComboAttacks","floor":5},{"not_picked":["theMarked:Overcharge","theMarked:Panic"],"picked":"theMarked:KeepCalmAndFightOn","floor":7},{"not_picked":["theMarked:KeepCalmAndFightOn","theMarked:Frustration"],"picked":"theMarked:ChainLightning","floor":10},{"not_picked":["theMarked:WardOff+1","theMarked:SoldierForm","theMarked:Convert+1"],"picked":"SKIP","floor":11},{"not_picked":["theMarked:LightningStrikesTwice","theMarked:Aftermath+1"],"picked":"theMarked:Polarize+1","floor":12},{"not_picked":["theMarked:ResourceFulStrike","theMarked:WastefulAttack"],"picked":"theMarked:Levitate+1","floor":13},{"not_picked":["theMarked:WastefulAttack","theMarked:ParalyzingBlade+1"],"picked":"theMarked:Improvise+1","floor":14},{"not_picked":["theMarked:Snap","theMarked:MuscleMemory"],"picked":"theMarked:DispelDoubt","floor":16},{"not_picked":["theMarked:GodGivenPower+1","theMarked:Frustration"],"picked":"theMarked:EnhancedHearing","floor":18},{"not_picked":["theMarked:CreepingChasm+1","theMarked:Electrify+1","theMarked:LightningStrikesTwice"],"picked":"SKIP","floor":19},{"not_picked":["theMarked:ResourceFulStrike","theMarked:SwordAndMagic"],"picked":"theMarked:ParalyzingBlade+1","floor":20},{"not_picked":["theMarked:Convert+1","theMarked:SwordAndMagic"],"picked":"theMarked:RogueSparks+1","floor":22},{"not_picked":["theMarked:RepellingDischarge+1","theMarked:WastefulDefense+1"],"picked":"theMarked:TwofoldDefense+1","floor":24},{"not_picked":["theMarked:CreepingChasm+1","theMarked:PowerFlow+1","theMarked:RogueSparks"],"picked":"SKIP","floor":25},{"not_picked":["theMarked:Improvise+1","theMarked:ElectricStrings"],"picked":"theMarked:TwofoldDefense+1","floor":29},{"not_picked":["theMarked:RogueSparks+1","theMarked:Panic+1"],"picked":"theMarked:BanishingStrike","floor":30},{"not_picked":["theMarked:TakeOffHeels+1","theMarked:TurnInvisible+1"],"picked":"theMarked:EternalStudent+1","floor":33},{"not_picked":["theMarked:Panic+1","theMarked:Static+1"],"picked":"theMarked:SwordAndMagic+1","floor":35},{"not_picked":["theMarked:Parkour","theMarked:EmpowerWeapon+1"],"picked":"theMarked:TwofoldDefense+1","floor":37},{"not_picked":["theMarked:Parkour","theMarked:EmpowerWeapon+1"],"picked":"theMarked:BanishingStrike+1","floor":38},{"not_picked":["theMarked:WastefulAttack+1","theMarked:KeepCalmAndFightOn+1","theMarked:EnhanceMovement+1"],"picked":"SKIP","floor":41},{"not_picked":["theMarked:HeightenedSenses+1","theMarked:RepellingDischarge+1"],"picked":"theMarked:StartUp+1","floor":45},{"not_picked":["theMarked:UnarmedFury","theMarked:EmpowerWeapon+1"],"picked":"theMarked:MysticalArsenal+1","floor":47}],"player_experience":387506,"relics_obtained":[{"floor":7,"key":"Anchor"},{"floor":9,"key":"Toxic Egg 2"},{"floor":12,"key":"Odd Mushroom"},{"floor":13,"key":"Shovel"},{"floor":15,"key":"Mastiff:ReiMu"},{"floor":23,"key":"Pocketwatch"},{"floor":24,"key":"MealTicket"},{"floor":26,"key":"theMarked:DemonDagger"},{"floor":27,"key":"Bottled Flame"},{"floor":32,"key":"Art of War"},{"floor":41,"key":"Mango"},{"floor":41,"key":"Juzu Bracelet"},{"floor":42,"key":"Oddly Smooth Stone"},{"floor":43,"key":"Ancient Tea Set"},{"floor":45,"key":"Dream Catcher"}],"event_choices":[{"cards_removed":["theMarked:Strike"],"damage_healed":0,"gold_gain":0,"player_choice":"Purged","damage_taken":0,"max_hp_gain":0,"max_hp_loss":0,"event_name":"Purifier","floor":2,"gold_loss":0},{"damage_healed":0,"gold_gain":0,"player_choice":"Fought Mushrooms","damage_taken":0,"max_hp_gain":0,"max_hp_loss":0,"event_name":"Mushrooms","floor":12,"gold_loss":0},{"damage_healed":0,"gold_gain":0,"player_choice":"Got Potions","damage_taken":0,"max_hp_gain":0,"max_hp_loss":0,"event_name":"Lab","floor":21,"gold_loss":0},{"cards_removed":["theMarked:ChainLightning"],"damage_healed":0,"gold_gain":0,"player_choice":"Removed Attack","damage_taken":0,"max_hp_gain":0,"max_hp_loss":0,"event_name":"Falling","floor":36,"gold_loss":0},{"damage_healed":0,"gold_gain":100,"player_choice":"Pray","damage_taken":0,"max_hp_gain":0,"max_hp_loss":0,"event_name":"Golden Shrine","floor":39,"gold_loss":0},{"damage_healed":0,"gold_gain":0,"player_choice":"Ignored","damage_taken":0,"max_hp_gain":0,"max_hp_loss":0,"event_name":"Mysterious Sphere","floor":46,"gold_loss":0}],"is_beta":false,"boss_relics":[{"not_picked":["Cursed Key","theMarked:Eyepatch"],"picked":"Philosopher\u0027s Stone"},{"not_picked":["Pandora\u0027s Box","Busted Crown"],"picked":"Black Star"}],"items_purged_floors":[28,48],"is_endless":false,"potions_floor_spawned":[4,5,7,12,13,16,20,24,29,30,33,37,38],"killed_by":"Awakened One","ascension_level":1}}