{"host":"u2grshebrc5rdzdn","time":1608395959,"event":{"mods":["AchievementEnabler","BaseMod","Minty Spire (QoL Compilation)","StSLib"],"gold_per_floor":[110,128,128,128,303,303,336,351,405,434,450,450,482,482,482,587,587,605,221,233,50,62,62,62,62,62,92,192,220,238,271,271,271,271],"floor_reached":33,"playtime":1352,"items_purged":["Strike_B","Doubt"],"score":385,"play_id":"40b4fa8c-b7a5-42c1-a8ee-eed8aff7b079","local_time":"20201219173919","is_ascension_mode":true,"campfire_choices":[{"data":"Doom and Gloom","floor":6,"key":"SMITH"},{"floor":12,"key":"REST"},{"data":"Biased Cognition","floor":15,"key":"SMITH"},{"data":"Storm","floor":23,"key":"SMITH"},{"data":"Machine Learning","floor":25,"key":"SMITH"},{"floor":32,"key":"REST"}],"circlet_count":0,"master_deck":["Defend_B","Defend_B","Defend_B","Defend_B","Zap+1","Dualcast","Ball Lightning+1","Sweeping Beam+1","Doom and Gloom+1","Electrodynamics","Machine Learning+1","Self Repair","Biased Cognition+1","Machine Learning","Undo","Coolheaded","Storm+1","Writhe","Coolheaded","BootSequence"],"relics":["Cracked Core","Anchor","DataDisk","Happy Flower","Bronze Scales","Ginger","Empty Cage","TungstenRod","Juzu Bracelet","White Beast Statue","Orichalcum","Prayer Wheel","Bottled Lightning","Whetstone","Symbiotic Virus"],"acts_visited":["Exordium","TheCity"],"potions_floor_usage":[10,13,22,29,33,33],"damage_taken":[{"damage":0,"enemies":"2 Louse","floor":1,"turns":2},{"damage":5,"enemies":"Small Slimes","floor":2,"turns":3},{"damage":25,"enemies":"Lagavulin","floor":7,"turns":7},{"damage":0,"enemies":"Jaw Worm","floor":8,"turns":2},{"damage":20,"enemies":"Gremlin Nob","floor":10,"turns":3},{"damage":0,"enemies":"2 Fungi Beasts","floor":11,"turns":2},{"damage":30,"enemies":"Lagavulin","floor":13,"turns":5},{"damage":40,"enemies":"Hexaghost","floor":16,"turns":7},{"damage":0,"enemies":"Chosen","floor":18,"turns":3},{"damage":5,"enemies":"Shell Parasite","floor":20,"turns":4},{"damage":6,"enemies":"Snake Plant","floor":22,"turns":4},{"damage":11,"enemies":"Gremlin Leader","floor":27,"turns":5},{"damage":17,"enemies":"Colosseum Slavers","floor":28,"turns":3},{"damage":0,"enemies":"Colosseum Nobs","floor":28,"turns":2},{"damage":24,"enemies":"Slavers","floor":29,"turns":3},{"damage":8,"enemies":"Centurion and Healer","floor":30,"turns":3},{"damage":9,"enemies":"Book of Stabbing","floor":31,"turns":4},{"damage":46,"enemies":"Champ","floor":33,"turns":8}],"seed_played":"-7554808666854964367","potions_obtained":[{"floor":8,"key":"DuplicationPotion"},{"floor":10,"key":"SpeedPotion"},{"floor":11,"key":"SkillPotion"},{"floor":22,"key":"BlessingOfTheForge"},{"floor":27,"key":"Dexterity Potion"},{"floor":28,"key":"EssenceOfSteel"},{"floor":29,"key":"AttackPotion"},{"floor":30,"key":"ColorlessPotion"}],"is_trial":false,"path_per_floor":["M","M","?","?","?","R","E","M","T","E","M","R","E","?","R","B",null,"M","$","M","$","M","R","?","R","T","E","?","E","M","E","R","B"],"character_chosen":"DEFECT","items_purchased":["TungstenRod","Coolheaded","Storm"],"campfire_rested":2,"item_purchase_floors":[19,21,21],"current_hp_per_floor":[75,70,70,67,67,67,42,42,42,22,22,44,21,46,46,13,75,75,75,70,70,64,64,64,64,64,60,43,26,25,23,45,0,0],"gold":271,"neow_bonus":"UPGRADE_CARD","is_daily":false,"chose_seed":false,"campfire_upgraded":4,"win_rate":0.0,"timestamp":1608395959,"path_taken":["M","M","?","?","?","R","E","M","T","E","M","R","E","?","R","BOSS","M","$","M","$","M","R","?","R","T","E","?","E","M","E","R","BOSS"],"items_purchased_type":["Relic","Card","Card"],"build_version":"2020-12-13","purchased_purges":2,"victory":false,"max_hp_per_floor":[75,75,75,75,75,75,75,75,75,75,75,75,75,75,75,75,75,75,75,75,75,75,75,75,75,75,75,75,75,75,75,75,75,75],"card_choices":[{"not_picked":["Conserve Battery","Stack"],"picked":"Ball Lightning","floor":1},{"not_picked":["Blizzard","Recycle"],"picked":"Sweeping Beam","floor":2},{"not_picked":["Hologram","Fusion","Sweeping Beam"],"picked":"SKIP","floor":7},{"not_picked":["Beam Cell","Coolheaded"],"picked":"Electrodynamics","floor":8},{"not_picked":["Genetic Algorithm","Cold Snap"],"picked":"Machine Learning","floor":10},{"not_picked":["Hologram","Barrage"],"picked":"Self Repair","floor":11},{"not_picked":["FTL","Stack"],"picked":"Biased Cognition","floor":13},{"not_picked":["Echo Form","Reboot"],"picked":"Machine Learning","floor":16},{"not_picked":["Steam Power+1","Reinforced Body"],"picked":"Undo","floor":18},{"not_picked":["Stack","Barrage","Reinforced Body"],"picked":"SKIP","floor":20},{"not_picked":["Redo","Steam Power","Rip and Tear"],"picked":"SKIP","floor":22},{"not_picked":["Recycle+1","Genetic Algorithm","Steam Power"],"picked":"SKIP","floor":27},{"not_picked":["Steam","Redo"],"picked":"Coolheaded","floor":28},{"not_picked":["Rip and Tear+1","Stack+1"],"picked":"BootSequence","floor":29},{"not_picked":["Reinforced Body","Ball Lightning+1","Steam+1"],"picked":"SKIP","floor":30},{"not_picked":["Aggregate","Gash","Go for the Eyes+1"],"picked":"SKIP","floor":30},{"not_picked":["Creative AI","Chaos","Beam Cell"],"picked":"SKIP","floor":31}],"player_experience":295928,"relics_obtained":[{"floor":7,"key":"DataDisk"},{"floor":9,"key":"Happy Flower"},{"floor":10,"key":"Bronze Scales"},{"floor":13,"key":"Ginger"},{"floor":26,"key":"White Beast Statue"},{"floor":27,"key":"Orichalcum"},{"floor":28,"key":"Prayer Wheel"},{"floor":28,"key":"Bottled Lightning"},{"floor":29,"key":"Whetstone"},{"floor":31,"key":"Symbiotic Virus"}],"event_choices":[{"damage_healed":0,"gold_gain":0,"cards_transformed":["Strike_B"],"player_choice":"Change","damage_taken":0,"max_hp_gain":0,"max_hp_loss":0,"event_name":"Living Wall","floor":3,"gold_loss":0,"cards_obtained":["Doom and Gloom"]},{"damage_healed":0,"gold_gain":0,"player_choice":"Success","damage_taken":3,"relics_obtained":["Anchor"],"max_hp_gain":0,"max_hp_loss":0,"event_name":"Scrap Ooze","floor":4,"gold_loss":0},{"damage_healed":0,"gold_gain":175,"player_choice":"AGREE","damage_taken":0,"max_hp_gain":0,"max_hp_loss":0,"event_name":"Liars Game","floor":5,"gold_loss":0,"cards_obtained":["Doubt"]},{"damage_healed":25,"gold_gain":0,"player_choice":"Banana","damage_taken":0,"max_hp_gain":0,"max_hp_loss":0,"event_name":"Big Fish","floor":14,"gold_loss":0},{"damage_healed":0,"gold_gain":0,"player_choice":"Opened","damage_taken":0,"relics_obtained":["Juzu Bracelet"],"max_hp_gain":0,"max_hp_loss":0,"event_name":"The Mausoleum","floor":24,"gold_loss":0,"cards_obtained":["Writhe"]},{"damage_healed":0,"gold_gain":0,"player_choice":"Fight","damage_taken":0,"max_hp_gain":0,"max_hp_loss":0,"event_name":"Colosseum","floor":28,"gold_loss":0},{"damage_healed":0,"gold_gain":0,"player_choice":"Fought Nobs","damage_taken":0,"max_hp_gain":0,"max_hp_loss":0,"event_name":"Colosseum","floor":28,"gold_loss":0}],"is_beta":false,"boss_relics":[{"not_picked":["Fusion Hammer","Runic Dome"],"picked":"Empty Cage"}],"items_purged_floors":[19,21],"is_endless":false,"potions_floor_spawned":[8,10,11,22,27,28,28,29,30,31],"killed_by":"Champ","ascension_level":4}}