{"host":"ldbx2jhnvtia1ouf","time":1608389885,"event":{"mods":["BaseMod","Better Note","Better Sensory Stone","Better Skull","Better Third Choice","Block Reminder","Colored Map","Colored Powertips","Curses Come First","Highlight Path","Minty Spire (QoL Compilation)","Permanent Neow","Spicy Shops","StSLib","Transform Curses","Unceasing Turn Reminder"],"gold_per_floor":[109,109,109,15,34,34,52,69,69,144,173,173,63,88,88,186,186,205,205,205,225,245,275,275,292,315,315,52,63,1,19,19,115,115,130,90,101,114,128,128,140,140,140,184,196,196],"floor_reached":45,"playtime":3468,"items_purged":["Strike_G","Defend_G"],"score":525,"play_id":"4babfc2a-8990-4cbb-a526-1e683ca20a56","local_time":"20201220005805","is_ascension_mode":false,"campfire_choices":[{"floor":6,"key":"REST"},{"floor":12,"key":"REST"},{"floor":15,"key":"REST"},{"floor":24,"key":"REST"},{"floor":27,"key":"REST"},{"floor":32,"key":"REST"},{"floor":40,"key":"REST"},{"floor":42,"key":"REST"}],"circlet_count":0,"master_deck":["Strike_G","Strike_G","Strike_G","Defend_G","Defend_G","Defend_G","Defend_G","Survivor","Neutralize","Flechettes","Deflect","Backstab","Infinite Blades","Deflect","Endless Agony","Well Laid Plans","Deadly Poison","Finisher","Glass Knife","Catalyst","Prepared","Noxious Fumes","After Image","Dagger Throw+1","Backstab","Prepared","Blade Dance","Footwork+1","Prepared","Envenom","Deflect+1","Blade Dance+1","Footwork","Flying Knee","Infinite Blades+1","Tools of the Trade","Quick Slash+1","Acrobatics+1","Crippling Poison","Tactician","Slice+1","A Thousand Cuts","Dash+1","Poisoned Stab+1"],"relics":["Ring of the Serpent","Prayer Wheel","Toy Ornithopter","Bottled Tornado","Orichalcum","Sundial","HoveringKite","Pear","Bag of Marbles","Membership Card","Dream Catcher","MawBank","Meat on the Bone"],"acts_visited":["Exordium","TheCity","TheBeyond"],"potions_floor_usage":[33,33,45,45,45],"damage_taken":[{"damage":0,"enemies":"Small Slimes","floor":1,"turns":4},{"damage":0,"enemies":"2 Louse","floor":5,"turns":2},{"damage":0,"enemies":"Cultist","floor":7,"turns":3},{"damage":10,"enemies":"Looter","floor":8,"turns":2},{"damage":25,"enemies":"Gremlin Nob","floor":11,"turns":5},{"damage":19,"enemies":"Lagavulin","floor":14,"turns":6},{"damage":11,"enemies":"The Guardian","floor":16,"turns":8},{"damage":7,"enemies":"Shell Parasite","floor":18,"turns":5},{"damage":11,"enemies":"3 Byrds","floor":21,"turns":6},{"damage":24,"enemies":"Snecko","floor":22,"turns":5},{"damage":17,"enemies":"Gremlin Leader","floor":23,"turns":7},{"damage":32,"enemies":"Sentry and Sphere","floor":25,"turns":6},{"damage":32,"enemies":"Snake Plant","floor":29,"turns":5},{"damage":20,"enemies":"Shelled Parasite and Fungi","floor":31,"turns":4},{"damage":65,"enemies":"Champ","floor":33,"turns":10},{"damage":22,"enemies":"3 Shapes","floor":35,"turns":6},{"damage":20,"enemies":"Orb Walker","floor":37,"turns":4},{"damage":26,"enemies":"Sphere and 2 Shapes","floor":38,"turns":7},{"damage":19,"enemies":"Transient","floor":39,"turns":5},{"damage":2,"enemies":"4 Shapes","floor":41,"turns":5},{"damage":34,"enemies":"Giant Head","floor":44,"turns":7},{"damage":37,"enemies":"Sphere and 2 Shapes","floor":45,"turns":5}],"seed_played":"3106709839052348754","potions_obtained":[{"floor":8,"key":"EssenceOfSteel"},{"floor":14,"key":"FairyPotion"},{"floor":23,"key":"Weak Potion"},{"floor":25,"key":"BlessingOfTheForge"},{"floor":33,"key":"Swift Potion"},{"floor":39,"key":"EssenceOfSteel"},{"floor":41,"key":"CunningPotion"}],"is_trial":false,"path_per_floor":["M","?","?","$","M","R","M","M","T","?","E","R","$","E","R","B",null,"M","?","?","M","M","E","R","M","T","R","$","M","$","M","R","B",null,"M","?","M","M","M","R","M","R","T","E","M"],"character_chosen":"THE_SILENT","items_purchased":["Infinite Blades","Deflect","Noxious Fumes","Membership Card","Footwork","Dream Catcher","Infinite Blades"],"campfire_rested":8,"item_purchase_floors":[4,4,13,28,28,28,30],"current_hp_per_floor":[49,46,46,46,46,67,67,57,57,46,21,42,42,23,44,33,70,63,63,80,69,45,38,65,33,33,60,60,28,28,8,35,27,90,68,68,48,22,3,30,28,55,55,21,0,0],"gold":196,"neow_bonus":"ONE_RARE_RELIC","is_daily":false,"chose_seed":false,"campfire_upgraded":0,"win_rate":0.0,"timestamp":1608389885,"path_taken":["M","?","?","$","M","R","M","?","T","?","E","R","?","E","R","BOSS","M","?","?","M","M","E","R","?","T","R","$","M","?","M","R","BOSS","M","?","M","?","M","R","M","R","T","E","M"],"items_purchased_type":["Card","Card","Card","Relic","Card","Relic","Card"],"build_version":"2020-12-13","purchased_purges":2,"victory":false,"max_hp_per_floor":[70,70,70,70,70,70,70,70,70,70,70,70,70,70,70,70,70,70,70,80,80,80,90,90,90,90,90,90,90,90,90,90,90,90,90,90,90,90,90,90,90,90,90,90,90,90],"card_choices":[{"not_picked":["Bane","Acrobatics"],"picked":"Flechettes","floor":1},{"not_picked":["Sucker Punch","Acrobatics"],"picked":"Deflect","floor":1},{"not_picked":["Sucker Punch","Dagger Spray"],"picked":"Endless Agony","floor":5},{"not_picked":["Dagger Spray","Backstab"],"picked":"Well Laid Plans","floor":5},{"not_picked":["Poisoned Stab","Riddle With Holes"],"picked":"Deadly Poison","floor":7},{"not_picked":["Bane","Slice"],"picked":"Finisher","floor":7},{"not_picked":["Acrobatics","Sucker Punch"],"picked":"Glass Knife","floor":8},{"not_picked":["Skewer","Acrobatics"],"picked":"Catalyst","floor":8},{"not_picked":["Deflect","Eviscerate"],"picked":"Prepared","floor":11},{"not_picked":["PiercingWail","Acrobatics"],"picked":"Doppelganger","floor":14},{"not_picked":["Malaise","Corpse Explosion"],"picked":"After Image","floor":16},{"not_picked":["Deadly Poison","Sucker Punch"],"picked":"Dagger Throw+1","floor":18},{"not_picked":["Predator+1","Flying Knee"],"picked":"Backstab","floor":18},{"not_picked":["Dagger Throw","PiercingWail"],"picked":"Prepared","floor":21},{"not_picked":["Finisher","Eviscerate"],"picked":"Blade Dance","floor":21},{"not_picked":["Dagger Spray","Acrobatics+1"],"picked":"Footwork+1","floor":22},{"not_picked":["Poisoned Stab","Dagger Throw"],"picked":"Prepared","floor":22},{"not_picked":["Backstab","Finisher"],"picked":"Envenom","floor":23},{"not_picked":["Catalyst","Skewer+1"],"picked":"Deflect+1","floor":25},{"not_picked":["Prepared+1","Deflect"],"picked":"Blade Dance","floor":25},{"not_picked":["Dodge and Roll","Terror"],"picked":"Flying Knee","floor":29},{"not_picked":["Deadly Poison+1","PiercingWail","Predator"],"picked":"SKIP","floor":29},{"not_picked":["Die Die Die","All Out Attack","Prepared"],"picked":"SKIP","floor":31},{"not_picked":["Expertise","Slice","Blade Dance"],"picked":"SKIP","floor":31},{"not_picked":["Envenom","Doppelganger"],"picked":"Tools of the Trade","floor":33},{"not_picked":["Dagger Spray+1","Choke"],"picked":"Quick Slash+1","floor":35},{"not_picked":["Quick Slash","Bane","PiercingWail+1"],"picked":"SKIP","floor":35},{"not_picked":["Deflect+1","Sucker Punch"],"picked":"Acrobatics+1","floor":37},{"not_picked":["Escape Plan+1","Flying Knee+1"],"picked":"Crippling Poison","floor":37},{"not_picked":["Finisher+1","Blade Dance+1"],"picked":"Tactician","floor":38},{"not_picked":["Deflect","Bane+1","Distraction"],"picked":"SKIP","floor":38},{"not_picked":["Expertise","Bane"],"picked":"Slice+1","floor":39},{"not_picked":["Deflect","Prepared","Acrobatics"],"picked":"SKIP","floor":39},{"not_picked":["Blade Dance","Deflect"],"picked":"A Thousand Cuts","floor":40},{"not_picked":["Dagger Spray+1","Predator","Acrobatics"],"picked":"SKIP","floor":41},{"not_picked":["Terror+1","Slice","Quick Slash+1"],"picked":"SKIP","floor":41},{"not_picked":["Deflect","Skewer"],"picked":"Dash+1","floor":42},{"not_picked":["Dagger Throw","Venomology"],"picked":"Poisoned Stab+1","floor":44}],"player_experience":58898,"relics_obtained":[{"floor":9,"key":"Bottled Tornado"},{"floor":11,"key":"Orichalcum"},{"floor":14,"key":"Sundial"},{"floor":23,"key":"Pear"},{"floor":26,"key":"Bag of Marbles"},{"floor":43,"key":"MawBank"},{"floor":44,"key":"Meat on the Bone"}],"event_choices":[{"damage_healed":0,"gold_gain":0,"player_choice":"Relic ","damage_taken":3,"max_hp_gain":0,"max_hp_loss":0,"event_name":"betterThird:BetterScrap","floor":2,"gold_loss":0,"cards_obtained":["Recycle"]},{"damage_healed":0,"gold_gain":0,"cards_transformed":["Strike_G"],"player_choice":"Transformed","damage_taken":0,"max_hp_gain":0,"max_hp_loss":0,"event_name":"Transmorgrifier","floor":3,"gold_loss":0,"cards_obtained":["Backstab"]},{"damage_healed":0,"gold_gain":75,"player_choice":"Gold","damage_taken":11,"max_hp_gain":0,"max_hp_loss":0,"event_name":"betterThird:BetterGoop","floor":10,"gold_loss":0},{"damage_healed":0,"gold_gain":0,"player_choice":"Ignored","damage_taken":0,"max_hp_gain":0,"max_hp_loss":0,"event_name":"betterNote:BetterNote","floor":19,"gold_loss":0,"cards_obtained":["Demon Form"]},{"cards_removed":["Doppelganger"],"damage_healed":7,"gold_gain":0,"player_choice":"Offered Rare","damage_taken":0,"max_hp_gain":10,"max_hp_loss":0,"event_name":"Bonfire Elementals","floor":20,"gold_loss":0},{"damage_healed":0,"gold_gain":0,"player_choice":"Upgraded Two","damage_taken":0,"max_hp_gain":0,"max_hp_loss":0,"event_name":"Designer","floor":36,"gold_loss":40,"cards_upgraded":["Infinite Blades","Blade Dance"]}],"is_beta":false,"boss_relics":[{"not_picked":["Busted Crown","Black Star"],"picked":"HoveringKite"},{"not_picked":["SacredBark","Velvet Choker"],"picked":"Ring of the Serpent"}],"items_purged_floors":[13,28],"is_endless":false,"potions_floor_spawned":[8,14,23,25,33,39,41],"killed_by":"Sphere and 2 Shapes","ascension_level":0}}