{"host":"f55lpzc7830gmx23","time":1608413527,"event":{"mods":["BaseMod","Better Note","Downfall","Hermit","Minty Spire (QoL Compilation)","StSLib","The Blackbeard","The Cursed","The Necromancer"],"gold_per_floor":[109,123,123,1,1,34,34,69,120,120,131,144,162,162,162,260,260,279,290,300,314,314,314,314,314],"floor_reached":23,"playtime":1628,"items_purged":[],"score":305,"play_id":"e2710cf7-91b4-490c-8eae-8da07f3e616d","local_time":"20201219223207","is_ascension_mode":true,"campfire_choices":[{"floor":7,"key":"REST"},{"floor":10,"key":"REST"},{"floor":15,"key":"REST"}],"circlet_count":0,"master_deck":["AscendersBane","blackbeard:IntimidatingStrike","blackbeard:Cutlass+1","blackbeard:WiseDefense","blackbeard:Sword","blackbeard:AgileStrike","blackbeard:GoldenDefense","blackbeard:SwordDance","blackbeard:BeatUp","blackbeard:Dagger","blackbeard:Dagger","blackbeard:DeadlyArsenal","blackbeard:Salvager","blackbeard:WeaponMastery","blackbeard:Boarding","blackbeard:FieryDefense","blackbeard:GoldenStrike","blackbeard:GoldenDefense","blackbeard:BlindAttacks","blackbeard:UndeadForm","blackbeard:SmithingHammer","blackbeard:SmithingHammer+1","blackbeard:DeadlyArsenal","blackbeard:PirateEarring"],"relics":["blackbeard:LoadTheCannons","Smiling Mask","FossilizedHelix","Bag of Preparation","WarpedTongs","Pandora\u0027s Box"],"acts_visited":["Exordium","TheCity"],"potions_floor_usage":[8,18,20,23],"damage_taken":[{"damage":0,"enemies":"Cultist","floor":1,"turns":3},{"damage":5,"enemies":"Small Slimes","floor":2,"turns":3},{"damage":36,"enemies":"Lagavulin","floor":6,"turns":8},{"damage":15,"enemies":"3 Sentries","floor":8,"turns":7},{"damage":0,"enemies":"2 Louse","floor":11,"turns":1},{"damage":10,"enemies":"Large Slime","floor":12,"turns":5},{"damage":0,"enemies":"Looter","floor":13,"turns":2},{"damage":31,"enemies":"The Guardian","floor":16,"turns":12},{"damage":23,"enemies":"Shell Parasite","floor":18,"turns":4},{"damage":8,"enemies":"Spheric Guardian","floor":19,"turns":3},{"damage":16,"enemies":"Snake Plant","floor":20,"turns":3},{"damage":45,"enemies":"Chosen and Byrds","floor":21,"turns":6},{"damage":18,"enemies":"Slavers","floor":23,"turns":2}],"seed_played":"4994778332824041162","potions_obtained":[{"floor":6,"key":"SkillPotion"},{"floor":13,"key":"FairyPotion"},{"floor":16,"key":"SkillPotion"},{"floor":19,"key":"Fire Potion"},{"floor":21,"key":"Energy Potion"}],"is_trial":false,"path_per_floor":["M","M","?","$","?","E","R","E","T","R","M","M","M","?","R","B",null,"M","M","M","M","?","E"],"character_chosen":"BLACKBEARD_CLASS","items_purchased":["blackbeard:AgileStrike","blackbeard:GoldenDefense"],"campfire_rested":3,"item_purchase_floors":[4,4],"current_hp_per_floor":[68,63,63,63,63,27,49,34,34,56,56,46,46,46,68,37,66,43,35,19,17,17,0,0,0],"gold":314,"neow_bonus":"UPGRADE_CARD","is_daily":false,"chose_seed":false,"campfire_upgraded":0,"win_rate":0.0,"timestamp":1608413527,"path_taken":["M","?","?","$","?","E","R","E","T","R","?","M","M","?","R","BOSS","M","M","?","M","?","E"],"items_purchased_type":["Card","Card"],"build_version":"2020-12-13","purchased_purges":0,"victory":false,"max_hp_per_floor":[75,75,75,75,75,75,75,75,75,75,75,75,75,75,75,75,75,75,75,75,75,75,75,75,75],"card_choices":[{"not_picked":["blackbeard:SwordDance","blackbeard:Upgrade"],"picked":"blackbeard:WiseDefense","floor":1},{"not_picked":["blackbeard:GoldenDefense","blackbeard:CannonballSupply"],"picked":"blackbeard:Sword","floor":2},{"not_picked":["blackbeard:WiseDefense","blackbeard:TerrorOfTheSeas"],"picked":"blackbeard:SwordDance","floor":6},{"not_picked":["blackbeard:ArmorUp","blackbeard:Eyepatch"],"picked":"blackbeard:BeatUp","floor":8},{"not_picked":["blackbeard:SwordDance","blackbeard:AgileStrike"],"picked":"blackbeard:Dagger","floor":11},{"not_picked":["blackbeard:Eyepatch","blackbeard:Sword"],"picked":"blackbeard:Dagger","floor":12},{"not_picked":["blackbeard:BlindAttacks","blackbeard:WoodenLeg"],"picked":"blackbeard:DeadlyArsenal","floor":13},{"not_picked":["blackbeard:PirateStrength","blackbeard:BountyHunter"],"picked":"blackbeard:Salvager","floor":16},{"not_picked":["blackbeard:SwordDance","blackbeard:DeadlyArsenal"],"picked":"blackbeard:SmithingHammer","floor":18},{"not_picked":["blackbeard:CloakAndCannonball","blackbeard:BlindAttacks"],"picked":"blackbeard:SmithingHammer+1","floor":19},{"not_picked":["blackbeard:Spear","blackbeard:WiseDefense"],"picked":"blackbeard:DeadlyArsenal","floor":20},{"not_picked":["blackbeard:Boarding","blackbeard:Recklessness"],"picked":"blackbeard:PirateEarring","floor":21}],"player_experience":431600,"relics_obtained":[{"floor":6,"key":"Smiling Mask"},{"floor":8,"key":"FossilizedHelix"},{"floor":9,"key":"Bag of Preparation"}],"event_choices":[{"damage_healed":0,"gold_gain":0,"player_choice":"Ignored","damage_taken":0,"max_hp_gain":0,"max_hp_loss":0,"event_name":"Golden Wing","floor":3,"gold_loss":0},{"cards_removed":["blackbeard:BlackbeardDefend"],"damage_healed":0,"gold_gain":0,"player_choice":"Purged","damage_taken":0,"max_hp_gain":0,"max_hp_loss":0,"event_name":"Purifier","floor":5,"gold_loss":0},{"damage_healed":0,"gold_gain":0,"player_choice":"Rummage","damage_taken":0,"relics_obtained":["WarpedTongs"],"max_hp_gain":0,"max_hp_loss":0,"event_name":"Accursed Blacksmith","floor":14,"gold_loss":0,"cards_obtained":["Pain"]},{"cards_removed":["Pain"],"damage_healed":0,"gold_gain":0,"player_choice":"Removed Curses","damage_taken":0,"max_hp_gain":0,"max_hp_loss":0,"event_name":"Fountain of Cleansing","floor":22,"gold_loss":0}],"is_beta":false,"boss_relics":[{"not_picked":["Ectoplasm","Velvet Choker"],"picked":"Pandora\u0027s Box"}],"items_purged_floors":[],"is_endless":false,"potions_floor_spawned":[6,13,16,19,21],"killed_by":"Slavers","ascension_level":10}}