{"host":"gbop6m4qugddaz18","time":1608421974,"event":{"mods":["2.2 Compatiblity","BaseMod","Better Third Choice","Block Reminder","Downfall","GifTheSpireLib","Highlight Path","Minty Spire (QoL Compilation)","Replay The Spire","StSLib"],"gold_per_floor":[99,115,149,149,149,149,149,164,164,196,196,210,38,23,33,33,33],"floor_reached":16,"playtime":536,"items_purged":[],"score":124,"play_id":"f76a1964-b96b-4536-bfb1-a03fd2ac7a6a","local_time":"20201219185254","is_ascension_mode":true,"campfire_choices":[{"data":"Zap","floor":1,"key":"SMITH"},{"data":"Dualcast","floor":4,"key":"SMITH"},{"data":"Steam","floor":9,"key":"SMITH"}],"circlet_count":0,"master_deck":["Strike_B","Strike_B+1","Strike_B","Strike_B","Defend_B","Defend_B+1","Defend_B","Defend_B","Zap+1","Dualcast+1","Ball Lightning","Coolheaded","Steam+1","Rebound","Cold Snap","ReplaySort+1","Lockon","Gash","Hologram+1","Turbo+1"],"relics":["Cracked Core","Ancient Tea Set","ReplayTheSpireMod:Ninjato","Simple Rune","Toxic Egg 2","Nunchaku"],"acts_visited":["Exordium"],"potions_floor_usage":[13],"damage_taken":[{"damage":2,"enemies":"Small Slimes","floor":2,"turns":2},{"damage":30,"enemies":"Lagavulin","floor":3,"turns":5},{"damage":0,"enemies":"Cultist","floor":6,"turns":1},{"damage":0,"enemies":"2 Louse","floor":8,"turns":2},{"damage":24,"enemies":"3 Sentries","floor":10,"turns":7},{"damage":0,"enemies":"Red Slaver","floor":12,"turns":3},{"damage":0,"enemies":"downfall:FleeingMerchant","floor":13,"turns":4},{"damage":0,"enemies":"downfall:FleeingMerchant","floor":14,"turns":4},{"damage":5,"enemies":"3 Louse","floor":15,"turns":3},{"damage":17,"enemies":"downfall:Ironclad","floor":16,"turns":3}],"seed_played":"2613081147362227852","potions_obtained":[{"floor":8,"key":"BlessingOfTheForge"},{"floor":12,"key":"Block Potion"},{"floor":15,"key":"DistilledChaos"}],"is_trial":false,"path_per_floor":["R","M","E","R","?","M","T","M","R","E","?","M","$","$","M","B"],"character_chosen":"DEFECT","items_purchased":["Nunchaku"],"campfire_rested":0,"item_purchase_floors":[13],"current_hp_per_floor":[75,73,43,43,43,43,43,43,43,19,19,19,19,19,14,0,0],"gold":33,"neow_bonus":"RANDOM_COMMON_RELIC","is_daily":false,"chose_seed":false,"campfire_upgraded":3,"win_rate":0.0,"timestamp":1608421974,"path_taken":["R","M","E","R","?","M","T","M","R","E","?","?","?","$","M","BOSS"],"items_purchased_type":["Relic"],"build_version":"2020-12-13","purchased_purges":0,"victory":false,"max_hp_per_floor":[75,75,75,75,75,75,75,75,75,75,75,75,75,75,75,75,75],"card_choices":[{"not_picked":["BootSequence","Tempest"],"picked":"Ball Lightning","floor":2},{"not_picked":["BasicCrystalCard","Compile Driver"],"picked":"Coolheaded","floor":3},{"not_picked":["Recycle","Coolheaded"],"picked":"Steam","floor":6},{"not_picked":["BasicCrystalCard","Barrage"],"picked":"Rebound","floor":8},{"not_picked":["Barrage","ReplayRNGCard+1"],"picked":"Cold Snap","floor":10},{"not_picked":["Compile Driver","Panic Button+1"],"picked":"Lockon","floor":12},{"not_picked":["Ball Lightning","Sunder"],"picked":"Gash","floor":13},{"not_picked":["ReplayTheSpireMod:Repulse+1","BasicCrystalCard+1"],"picked":"Hologram+1","floor":14},{"not_picked":["Tempest+1","ReplaySolidLightProjector+1"],"picked":"Turbo+1","floor":15}],"player_experience":484266,"relics_obtained":[{"floor":3,"key":"ReplayTheSpireMod:Ninjato"},{"floor":7,"key":"Simple Rune"},{"floor":10,"key":"Toxic Egg 2"}],"event_choices":[],"is_beta":false,"boss_relics":[],"items_purged_floors":[],"is_endless":false,"potions_floor_spawned":[8,12,15],"killed_by":"downfall:Ironclad","ascension_level":3}}