{"host":"8zzc9mdnfkdiyxma","time":1608370183,"event":{"mods":["2.2 Compatiblity","BaseMod","Better Altar","Better Match","Better Note","Better Sensory Stone","Better Skull","Better Third Choice","Better Vampires","Colored Map","Colored Powertips","Downfall","Emptier Cage","Energized Spire","Minty Spire (QoL Compilation)","Permanent Neow","Rare Cards Sparkle","Relic Filter","SacredBarkPlus","StSLib","Waifu the Spire"],"gold_per_floor":[199,49,49,499,534,552,552,477,508,508,608,628,122,132,149,149,149],"floor_reached":16,"playtime":1121,"items_purged":["Slimebound:Icky"],"score":113,"play_id":"61304e37-e73a-46a5-9461-13aa9e8cfc04","local_time":"20201219042943","is_ascension_mode":true,"campfire_choices":[{"floor":1,"key":"RECALL"},{"floor":8,"key":"REST"},{"data":"hexamod:FastForward","floor":10,"key":"SMITH"}],"circlet_count":0,"master_deck":["hexamod:Strike","hexamod:Strike","hexamod:Strike","hexamod:Strike","hexamod:Defend","hexamod:Defend","hexamod:Defend","hexamod:Defend","hexamod:Sear","hexamod:Float","hexamod:EtherealExpedition","hexamod:FastForward+1","Discovery","Slimebound:Icky","Slimebound:Icky","hexamod:TimeWarp","hexamod:ThermalTransfer","hexamod:ThermalTransfer","hexamod:TimeWarp","hexamod:RadiantFlame","hexamod:GhostflameBarrier","hexamod:WildfireWeapon"],"relics":["hexamod:SpiritBrand","Anchor","Singing Bowl","Oddly Smooth Stone","downfall:HeartBlessingRed","Akabeko","Mummified Hand"],"acts_visited":["Exordium"],"potions_floor_usage":[9,16,16],"damage_taken":[{"damage":0,"enemies":"downfall:FleeingMerchant","floor":2,"turns":4},{"damage":36,"enemies":"3 Sentries","floor":5,"turns":9},{"damage":0,"enemies":"Jaw Worm","floor":6,"turns":3},{"damage":16,"enemies":"Gremlin Nob","floor":9,"turns":4},{"damage":0,"enemies":"2 Louse","floor":12,"turns":2},{"damage":0,"enemies":"downfall:FleeingMerchant","floor":13,"turns":4},{"damage":0,"enemies":"Cultist","floor":14,"turns":2},{"damage":0,"enemies":"Blue Slaver","floor":15,"turns":3},{"damage":36,"enemies":"downfall:Defect","floor":16,"turns":5}],"seed_played":"6481010236904009940","potions_obtained":[{"floor":6,"key":"LiquidBronze"},{"floor":12,"key":"Ancient Potion"},{"floor":14,"key":"FearPotion"},{"floor":15,"key":"AttackPotion"}],"is_trial":false,"path_per_floor":["R","$","?","?","E","M","T","R","E","R","?","M","$","M","M","B"],"character_chosen":"THE_SPIRIT","items_purchased":["hexamod:FastForward","Discovery","hexamod:TimeWarp","Mummified Hand","hexamod:RadiantFlame"],"campfire_rested":1,"item_purchase_floors":[2,2,13,13,13],"current_hp_per_floor":[70,70,63,63,27,27,27,48,34,34,34,34,36,36,36,0,0],"gold":149,"neow_bonus":"HUNDRED_GOLD","is_daily":false,"chose_seed":false,"campfire_upgraded":1,"win_rate":0.0,"timestamp":1608370183,"path_taken":["R","$","?","?","E","M","T","R","E","R","?","M","$","M","M","BOSS"],"items_purchased_type":["Card","Card","Card","Relic","Card"],"build_version":"2020-12-13","purchased_purges":1,"victory":false,"max_hp_per_floor":[70,70,70,70,70,70,70,70,72,72,72,72,74,74,74,74,74],"card_choices":[{"not_picked":["hexamod:GhostLash","hexamod:SwordOfDarkness"],"picked":"hexamod:EtherealExpedition","floor":2},{"not_picked":["hexamod:HauntingEcho","hexamod:HexaLevel"],"picked":"hexamod:TimeWarp","floor":5},{"not_picked":["hexamod:Firestarter","hexamod:RecurringNightmare"],"picked":"hexamod:ThermalTransfer","floor":6},{"not_picked":["hexamod:AdvancingGuard","hexamod:Rewind","hexamod:Firestarter"],"picked":"Singing Bowl","floor":9},{"not_picked":["hexamod:FirstSeal","hexamod:RainOfEmbers"],"picked":"hexamod:ThermalTransfer","floor":12},{"not_picked":["hexamod:Again","hexamod:HeatMetal","hexamod:Firestarter"],"picked":"Singing Bowl","floor":13},{"not_picked":["hexamod:ChargedBarrage","hexamod:HeatMetal"],"picked":"hexamod:GhostflameBarrier","floor":14},{"not_picked":["hexamod:BurningTouch","hexamod:ShieldOfDarkness"],"picked":"hexamod:WildfireWeapon","floor":15}],"player_experience":1025761,"relics_obtained":[{"floor":5,"key":"Singing Bowl"},{"floor":7,"key":"Oddly Smooth Stone"},{"floor":9,"key":"Akabeko"}],"event_choices":[{"damage_healed":0,"gold_gain":0,"player_choice":"Relic ","damage_taken":7,"max_hp_gain":0,"max_hp_loss":0,"event_name":"betterThird:BetterScrap","floor":3,"gold_loss":0,"cards_obtained":["Expertise"]}],"is_beta":false,"boss_relics":[],"items_purged_floors":[13],"is_endless":false,"potions_floor_spawned":[6,12,14,15],"killed_by":"downfall:Defect","ascension_level":1}}