{"host":"9tzam4717zt8ei1o","time":1608383298,"event":{"mods":["BaseMod","Colored Map","Keyboard Shortcuts","Minty Spire (QoL Compilation)","Quick Restart","StSLib","SuperFastMode"],"gold_per_floor":[113,113,113,124,29,29,39,58,81,81,91,15,15,35,35,106,106,82,82,32,43,57,57,7,42,42,42,60,74,84,103,103,182,182,201,251,201,221,232,232,265,265,292,217,251,201,201,217,217,217,217,217,217,23,50,50,50],"floor_reached":56,"playtime":1830,"items_purged":["Strike_G","Strike_G","Strike_G","Strike_G","Defend_G","Defend_G"],"score":2188,"play_id":"6d60421c-47c4-4302-8da8-6c1eceaee3ea","local_time":"20201219220818","is_ascension_mode":true,"campfire_choices":[{"data":"Prepared","floor":6.0,"key":"SMITH"},{"data":"Reflex","floor":10.0,"key":"SMITH"},{"data":"Calculated Gamble","floor":15.0,"key":"SMITH"},{"data":"Acrobatics","floor":23.0,"key":"SMITH"},{"data":"Eviscerate","floor":27.0,"key":"SMITH"},{"data":"Eviscerate","floor":32.0,"key":"SMITH"},{"data":"Tools of the Trade","floor":40.0,"key":"SMITH"},{"floor":42.0,"key":"RECALL"},{"floor":47.0,"key":"REST"},{"data":"Calculated Gamble","floor":49.0,"key":"SMITH"},{"data":"Backflip","floor":53.0,"key":"SMITH"}],"circlet_count":0,"master_deck":["AscendersBane","Defend_G","Defend_G","Defend_G+1","Survivor","Neutralize+1","Backstab","Reflex+1","Eviscerate+1","Prepared+1","Backflip+1","Calculated Gamble+1","Acrobatics+1","Expertise+1","Eviscerate+1","Tools of the Trade+1","Prepared+1","Escape Plan+1","Calculated Gamble+1","Madness"],"relics":["Ring of the Snake","Smiling Mask","Dream Catcher","WristBlade","Centennial Puzzle","Blue Candle","HoveringKite","Vajra","Omamori","Pen Nib"],"acts_visited":["Exordium","TheCity","TheBeyond","TheEnding"],"potions_floor_usage":[56,56],"damage_taken":[{"damage":5.0,"enemies":"Small Slimes","floor":1.0,"turns":6.0},{"damage":0.0,"enemies":"2 Louse","floor":4.0,"turns":3.0},{"damage":0.0,"enemies":"Cultist","floor":7.0,"turns":3.0},{"damage":13.0,"enemies":"Lots of Slimes","floor":8.0,"turns":5.0},{"damage":0.0,"enemies":"Looter","floor":11.0,"turns":3.0},{"damage":0.0,"enemies":"Blue Slaver","floor":14.0,"turns":2.0},{"damage":23.0,"enemies":"Hexaghost","floor":16.0,"turns":12.0},{"damage":7.0,"enemies":"2 Thieves","floor":18.0,"turns":4.0},{"damage":0.0,"enemies":"Shell Parasite","floor":21.0,"turns":1.0},{"damage":0.0,"enemies":"Snake Plant","floor":22.0,"turns":2.0},{"damage":5.0,"enemies":"Gremlin Leader","floor":25.0,"turns":3.0},{"damage":1.0,"enemies":"3 Cultists","floor":28.0,"turns":2.0},{"damage":1.0,"enemies":"Centurion and Healer","floor":29.0,"turns":1.0},{"damage":6.0,"enemies":"Snake Plant","floor":30.0,"turns":2.0},{"damage":1.0,"enemies":"Chosen and Byrds","floor":31.0,"turns":1.0},{"damage":9.0,"enemies":"Champ","floor":33.0,"turns":4.0},{"damage":10.0,"enemies":"Orb Walker","floor":35.0,"turns":3.0},{"damage":24.0,"enemies":"3 Shapes","floor":38.0,"turns":2.0},{"damage":0.0,"enemies":"Sphere and 2 Shapes","floor":39.0,"turns":1.0},{"damage":1.0,"enemies":"Giant Head","floor":41.0,"turns":1.0},{"damage":1.0,"enemies":"Nemesis","floor":45.0,"turns":1.0},{"damage":1.0,"enemies":"Transient","floor":48.0,"turns":3.0},{"damage":1.0,"enemies":"Awakened One","floor":50.0,"turns":2.0},{"damage":1.0,"enemies":"Donu and Deca","floor":51.0,"turns":2.0},{"damage":1.0,"enemies":"Shield and Spear","floor":55.0,"turns":1.0},{"damage":64,"enemies":"The Heart","floor":56,"turns":5}],"seed_played":"-2486785529585883848","potions_obtained":[{"floor":1.0,"key":"Fruit Juice"},{"floor":7.0,"key":"Weak Potion"},{"floor":14.0,"key":"AttackPotion"},{"floor":21.0,"key":"SkillPotion"},{"floor":25.0,"key":"SkillPotion"},{"floor":28.0,"key":"PowerPotion"},{"floor":45.0,"key":"DistilledChaos"}],"is_trial":false,"path_per_floor":["M","?","?","M","$","R","M","M","T","R","M","$","$","M","R","B",null,"M","?","$","M","M","R","$","E","T","R","M","M","M","M","R","B",null,"M","?","$","M","M","R","E","R","T","?","E","$","R","M","R","B","B",null,"R","$","E","B"],"character_chosen":"THE_SILENT","items_purchased":["Eviscerate","Prepared","Acrobatics","PowerPotion","Madness"],"campfire_rested":1,"item_purchase_floors":[5,5,12,54,54],"current_hp_per_floor":[54,34,34,34,34,34,34,26,26,26,26,26,26,26,26,3,54,47,47,47,47,47,47,47,42,42,42,41,40,34,33,33,24,59,49,49,49,25,25,25,24,24,24,24,23,23,44,43,43,42,41,64,64,64,63,0,0],"gold":50,"neow_bonus":"RANDOM_COMMON_RELIC","is_daily":false,"chose_seed":false,"campfire_upgraded":9,"win_rate":0.0,"timestamp":1608383298,"path_taken":["M","?","?","?","$","R","M","M","T","R","M","?","$","M","R","BOSS","M","?","$","M","M","R","$","E","T","R","M","M","M","M","R","BOSS","M","?","$","?","M","R","E","R","T","?","E","$","R","M","R","BOSS","BOSS","R","$","E","BOSS"],"items_purchased_type":["Card","Card","Card","Potion","Card"],"build_version":"2020-12-13","purchased_purges":6,"victory":false,"max_hp_per_floor":[66,66,66,66,66,66,66,71,71,71,71,71,71,71,71,71,71,71,71,71,71,71,71,71,71,71,71,71,71,71,71,71,71,71,71,71,71,71,71,71,71,71,71,71,71,71,71,71,71,71,71,71,71,71,71,71,71],"card_choices":[{"not_picked":["Flying Knee","Choke"],"picked":"Backstab","floor":1.0},{"not_picked":["Outmaneuver","Blade Dance"],"picked":"Reflex","floor":4.0},{"not_picked":["Flying Knee","Sucker Punch","Deflect"],"picked":"SKIP","floor":7.0},{"not_picked":["Night Terror","Choke"],"picked":"Backflip","floor":8.0},{"not_picked":["Blade Dance","Dagger Spray"],"picked":"Calculated Gamble","floor":11.0},{"not_picked":["Cloak And Dagger","Backflip","Deadly Poison"],"picked":"SKIP","floor":14.0},{"not_picked":["Flying Knee","Quick Slash"],"picked":"Expertise+1","floor":18.0},{"not_picked":["Crippling Poison","Acrobatics","Cloak And Dagger"],"picked":"SKIP","floor":21.0},{"not_picked":["Slice","Sucker Punch","Quick Slash"],"picked":"SKIP","floor":22.0},{"not_picked":["Dagger Throw","Underhanded Strike"],"picked":"Eviscerate","floor":25.0},{"not_picked":["Footwork","Predator","Cloak And Dagger"],"picked":"SKIP","floor":28.0},{"not_picked":["Dagger Spray","Sucker Punch","Deadly Poison"],"picked":"SKIP","floor":29.0},{"not_picked":["Heel Hook","Blur","Dodge and Roll"],"picked":"SKIP","floor":30.0},{"not_picked":["PiercingWail","All Out Attack","Phantasmal Killer"],"picked":"SKIP","floor":31.0},{"not_picked":["Malaise","Venomology"],"picked":"Tools of the Trade","floor":33.0},{"not_picked":["Heel Hook+1","Poisoned Stab"],"picked":"Prepared+1","floor":35.0},{"not_picked":["Cloak And Dagger","Calculated Gamble"],"picked":"Escape Plan+1","floor":38.0},{"not_picked":["Outmaneuver","Predator","Endless Agony+1"],"picked":"SKIP","floor":39.0},{"not_picked":["Deflect","Dagger Spray+1","Dodge and Roll"],"picked":"SKIP","floor":41.0},{"not_picked":["Phantasmal Killer","Prepared","Quick Slash"],"picked":"SKIP","floor":45.0},{"not_picked":["Deadly Poison","Finisher+1"],"picked":"Calculated Gamble","floor":47.0},{"not_picked":["Calculated Gamble","Riddle With Holes+1","PiercingWail"],"picked":"SKIP","floor":48.0},{"not_picked":["Masterful Stab","Underhanded Strike+1","Noxious Fumes"],"picked":"SKIP","floor":55.0}],"player_experience":93584,"relics_obtained":[{"floor":9.0,"key":"Dream Catcher"},{"floor":25.0,"key":"Centennial Puzzle"},{"floor":26.0,"key":"Blue Candle"},{"floor":41.0,"key":"Vajra"},{"floor":45.0,"key":"Omamori"},{"floor":55.0,"key":"Pen Nib"}],"event_choices":[{"damage_healed":0.0,"max_hp_gain":0.0,"max_hp_loss":0.0,"gold_gain":0.0,"event_name":"Shining Light","player_choice":"Entered Light","floor":2.0,"gold_loss":0.0,"damage_taken":20.0,"cards_upgraded":["Defend_G","Neutralize"]},{"damage_healed":0.0,"max_hp_gain":0.0,"max_hp_loss":0.0,"gold_gain":0.0,"event_name":"Match and Keep!","player_choice":"0 cards matched","floor":3.0,"gold_loss":0.0,"damage_taken":0.0,"cards_obtained":[]},{"damage_healed":0.0,"max_hp_gain":0.0,"max_hp_loss":0.0,"gold_gain":0.0,"event_name":"The Mausoleum","player_choice":"Ignored","floor":19.0,"gold_loss":0.0,"damage_taken":0.0},{"damage_healed":0.0,"max_hp_gain":0.0,"max_hp_loss":0.0,"gold_gain":50.0,"event_name":"Golden Shrine","player_choice":"Pray","floor":36.0,"gold_loss":0.0,"damage_taken":0.0},{"cards_removed":["Strike_G"],"damage_healed":0.0,"max_hp_gain":0.0,"max_hp_loss":0.0,"gold_gain":0.0,"event_name":"Designer","player_choice":"Single Remove","floor":44.0,"gold_loss":75.0,"damage_taken":0.0}],"is_beta":false,"boss_relics":[{"not_picked":["Coffee Dripper","Fusion Hammer"],"picked":"WristBlade"},{"not_picked":["Busted Crown","SacredBark"],"picked":"HoveringKite"}],"items_purged_floors":[12,20,24,37,46,54],"is_endless":false,"potions_floor_spawned":[1,7,14,21,25,28,33,35,45],"killed_by":"The Heart","ascension_level":20}}