{"host":"gkm149kh1ihaqy0o","time":1608418006,"event":{"mods":["AchievementEnabler","BaseMod","Colored Powertips","Googly Eyes","Key Reminder","Minty Spire (QoL Compilation)","Permanent Neow","Quick Restart","Random Character Button","Rare Cards Sparkle","Relic Sorter","Relic Stats","SuperFastMode","Unceasing Turn Reminder","everything is the same but u backflip on backflip"],"gold_per_floor":[114,289,99,114,129,129,172,172,172,187,217,67,97,112,112,212,212,227,31,46,61,76,76,106,205,205,235,250,250,280,295,295,395,395,410,425,425,425,440,440,470,485,485,515,542,392,422,437,437,437],"floor_reached":51,"playtime":2343,"items_purged":["Doubt"],"score":932,"play_id":"236c1166-db64-41fd-8e73-cafafcec030c","local_time":"20201219164646","daily_mods":["Draft","Uncertain Future","Elite Swarm"],"is_ascension_mode":false,"campfire_choices":[{"data":"Flex","floor":6,"key":"SMITH"},{"data":"Flex","floor":8,"key":"SMITH"},{"data":"Armaments","floor":15,"key":"SMITH"},{"data":"Berserk","floor":23,"key":"SMITH"},{"data":"Armaments","floor":29,"key":"SMITH"},{"floor":32,"key":"REST"},{"data":"Bullet Time","floor":40,"key":"SMITH"},{"data":"Seek","floor":49,"key":"SMITH"}],"circlet_count":0,"master_deck":["Sword Boomerang","Sword Boomerang","Sword Boomerang","Flex+1","Iron Wave","Thunderclap","Pommel Strike","Twin Strike","Pummel","Sword Boomerang","Whirlwind","Battle Trance","Shrug It Off","Armaments+1","Iron Wave","Inflame","Flex+1","Shrug It Off+1","Armaments+1","Berserk+1","Feed","Uppercut","Demon Form","Sever Soul+1","Flex+1","Backflip","Reaper","Echo Form","Hyperbeam","Blade Dance","Bullet Time+1","Battle Trance+1","Steam","All For One","Chill+1","DevaForm+1","Seek+1","Reprogram"],"relics":["Burning Blood","Calipers","Incense Burner","Vajra","HandDrill","Bottled Flame","SlaversCollar","PrismaticShard","Potion Belt","Shuriken","War Paint","Oddly Smooth Stone","Black Star","White Beast Statue","InkBottle","Frozen Egg 2","Turnip","Bird Faced Urn","StoneCalendar","Cauldron","The Courier","Du-Vu Doll"],"acts_visited":["Exordium","TheCity","TheBeyond"],"potions_floor_usage":[13,21,21,33,35,44,45,45,47,48,48,48,50,50,50,50,50,50],"damage_taken":[{"damage":7,"enemies":"Small Slimes","floor":1,"turns":2},{"damage":0,"enemies":"2 Louse","floor":4,"turns":1},{"damage":0,"enemies":"Jaw Worm","floor":5,"turns":1},{"damage":15,"enemies":"Lagavulin Event","floor":7,"turns":4},{"damage":0,"enemies":"Gremlin Gang","floor":10,"turns":2},{"damage":8,"enemies":"Gremlin Nob","floor":11,"turns":3},{"damage":1,"enemies":"3 Sentries","floor":13,"turns":2},{"damage":0,"enemies":"Blue Slaver","floor":14,"turns":1},{"damage":0,"enemies":"Slime Boss","floor":16,"turns":4},{"damage":10,"enemies":"Spheric Guardian","floor":18,"turns":3},{"damage":10,"enemies":"2 Thieves","floor":20,"turns":2},{"damage":0,"enemies":"Snake Plant","floor":21,"turns":2},{"damage":16,"enemies":"Centurion and Healer","floor":22,"turns":5},{"damage":42,"enemies":"Slavers","floor":24,"turns":4},{"damage":15,"enemies":"Gremlin Leader","floor":27,"turns":5},{"damage":7,"enemies":"3 Cultists","floor":28,"turns":5},{"damage":40,"enemies":"Slavers","floor":30,"turns":4},{"damage":34,"enemies":"Sentry and Sphere","floor":31,"turns":6},{"damage":20,"enemies":"Champ","floor":33,"turns":7},{"damage":24,"enemies":"3 Shapes","floor":35,"turns":3},{"damage":1,"enemies":"Orb Walker","floor":36,"turns":3},{"damage":34,"enemies":"4 Shapes","floor":39,"turns":3},{"damage":24,"enemies":"Giant Head","floor":41,"turns":6},{"damage":24,"enemies":"Maw","floor":42,"turns":7},{"damage":19,"enemies":"Reptomancer","floor":44,"turns":5},{"damage":53,"enemies":"2 Orb Walkers","floor":45,"turns":5},{"damage":22,"enemies":"Giant Head","floor":47,"turns":6},{"damage":2,"enemies":"Spire Growth","floor":48,"turns":3},{"damage":46,"enemies":"Awakened One","floor":50,"turns":6}],"seed_played":"-2908382401684788831","potions_obtained":[{"floor":4,"key":"Explosive Potion"},{"floor":10,"key":"SmokeBomb"},{"floor":13,"key":"Swift Potion"},{"floor":14,"key":"Explosive Potion"},{"floor":20,"key":"ElixirPotion"},{"floor":21,"key":"FairyPotion"},{"floor":30,"key":"BloodPotion"},{"floor":33,"key":"EssenceOfSteel"},{"floor":41,"key":"ElixirPotion"},{"floor":42,"key":"Weak Potion"},{"floor":44,"key":"BlessingOfTheForge"},{"floor":45,"key":"ColorlessPotion"},{"floor":46,"key":"CultistPotion"},{"floor":46,"key":"EntropicBrew"},{"floor":46,"key":"EssenceOfSteel"},{"floor":47,"key":"LiquidBronze"},{"floor":48,"key":"Regen Potion"}],"is_trial":false,"path_per_floor":["M","?","$","M","M","R","?","R","T","M","E","$","E","M","R","B",null,"M","$","M","M","M","R","E","?","T","E","M","R","E","M","R","B",null,"M","M","?","?","M","R","E","M","T","E","?","$","E","M","R","B",null],"character_chosen":"IRONCLAD","items_purchased":["Inflame","Flex","HandDrill","Flex","PrismaticShard","Cauldron"],"campfire_rested":1,"item_purchase_floors":[3,3,12,19,19,46],"current_hp_per_floor":[79,79,79,80,80,80,71,71,71,77,75,75,80,80,80,80,80,76,76,72,78,71,71,35,35,35,53,69,69,35,10,36,57,89,72,89,89,89,64,64,46,41,41,60,37,37,55,63,63,80],"gold":437,"neow_bonus":"","is_daily":true,"chose_seed":false,"campfire_upgraded":7,"win_rate":0.0,"timestamp":1608418006,"path_taken":["M","?","$","M","M","R","?","R","T","M","E","?","E","M","R","BOSS","M","$","?","?","M","R","E","?","T","E","M","R","E","M","R","BOSS","M","M","?","?","M","R","E","M","T","E","?","$","E","M","R","BOSS"],"items_purchased_type":["Card","Card","Relic","Card","Relic","Relic"],"build_version":"2020-12-13","purchased_purges":1,"victory":true,"max_hp_per_floor":[80,80,80,80,80,80,80,80,80,80,80,80,80,80,80,80,80,80,80,80,80,83,83,83,83,83,83,86,86,86,89,89,89,89,89,89,89,89,92,92,92,92,92,92,92,92,92,92,92,92],"relic_stats":{"counters":[29,110],"Shuriken":[27],"Bird Faced Urn":[28],"StoneCalendar":[0],"Turnip":[0],"HandDrill":[12],"Black Star":3,"War Paint":["Shrug It Off","Flex"],"obtain_stats":[{"Potion Belt":24,"Calipers":7,"Vajra":11,"Oddly Smooth Stone":30,"StoneCalendar":45,"The Courier":47,"Incense Burner":9,"War Paint":27,"Frozen Egg 2":43,"PrismaticShard":19,"Burning Blood":0,"White Beast Statue":41,"Du-Vu Doll":47,"SlaversCollar":17,"Cauldron":46,"Bottled Flame":13,"Shuriken":26,"Bird Faced Urn":44,"Turnip":44,"HandDrill":12,"Black Star":34,"InkBottle":41},{"Potion Belt":14,"Calipers":4,"Vajra":6,"Oddly Smooth Stone":17,"StoneCalendar":26,"The Courier":27,"Incense Burner":4,"War Paint":15,"Frozen Egg 2":24,"PrismaticShard":10,"Burning Blood":0,"White Beast Statue":23,"Du-Vu Doll":27,"SlaversCollar":9,"Cauldron":26,"Bottled Flame":7,"Shuriken":14,"Bird Faced Urn":25,"Turnip":25,"HandDrill":6,"Black Star":19,"InkBottle":23},{"Potion Belt":36,"Calipers":8,"Vajra":13,"Oddly Smooth Stone":50,"StoneCalendar":95,"The Courier":101,"Incense Burner":8,"War Paint":41,"Frozen Egg 2":85,"PrismaticShard":23,"Burning Blood":0,"White Beast Statue":78,"Du-Vu Doll":101,"SlaversCollar":20,"Cauldron":95,"Bottled Flame":15,"Shuriken":36,"Bird Faced Urn":90,"Turnip":90,"HandDrill":13,"Black Star":63,"InkBottle":78}],"Burning Blood":149,"InkBottle":[10]},"card_choices":[{"not_picked":["Havoc","Body Slam"],"picked":"Sword Boomerang","floor":0},{"not_picked":["Shrug It Off","Havoc"],"picked":"Sword Boomerang","floor":0},{"not_picked":["Rampage","Combust"],"picked":"Flex","floor":0},{"not_picked":["Cleave","Power Through"],"picked":"Sword Boomerang","floor":0},{"not_picked":["Wild Strike","Thunderclap"],"picked":"Flex","floor":0},{"not_picked":["Clash","Cleave"],"picked":"Iron Wave","floor":0},{"not_picked":["Clothesline","Power Through"],"picked":"Thunderclap","floor":0},{"not_picked":["Cleave","Evolve"],"picked":"Pommel Strike","floor":0},{"not_picked":["Clash","Headbutt"],"picked":"Twin Strike","floor":0},{"not_picked":["Headbutt","Pommel Strike"],"picked":"Pummel","floor":0},{"not_picked":["Shockwave","Warcry"],"picked":"Sword Boomerang","floor":0},{"not_picked":["Blood for Blood","Clash"],"picked":"Whirlwind","floor":0},{"not_picked":["Power Through","Clothesline"],"picked":"Battle Trance","floor":0},{"not_picked":["Ghostly Armor","Armaments"],"picked":"Shrug It Off","floor":0},{"not_picked":["Warcry","Pommel Strike"],"picked":"Armaments","floor":0},{"not_picked":["Blood for Blood","Anger"],"picked":"Iron Wave","floor":1},{"not_picked":["Blood for Blood","Sword Boomerang","Cleave"],"picked":"SKIP","floor":4},{"not_picked":["Sentinel","Clothesline"],"picked":"Shrug It Off","floor":5},{"not_picked":["Sentinel","Perfected Strike"],"picked":"Armaments","floor":10},{"not_picked":["Double Tap","Barricade"],"picked":"Berserk","floor":11},{"not_picked":["Berserk","Immolate"],"picked":"Feed","floor":13},{"not_picked":["Metallicize","Sword Boomerang"],"picked":"Uppercut","floor":14},{"not_picked":["Barricade","Juggernaut"],"picked":"Demon Form","floor":16},{"not_picked":["Iron Wave+1","Perfected Strike+1"],"picked":"Sever Soul+1","floor":18},{"not_picked":["Clash","Infernal Blade"],"picked":"Backflip","floor":20},{"not_picked":["WheelKick","Flex","Evaluate"],"picked":"SKIP","floor":21},{"not_picked":["Reprogram","SashWhip","Seeing Red"],"picked":"SKIP","floor":22},{"not_picked":["After Image","All For One"],"picked":"Reaper","floor":24},{"not_picked":["Judgement","Master of Strategy"],"picked":"Echo Form","floor":27},{"not_picked":["WheelKick","Predator","FlurryOfBlows"],"picked":"SKIP","floor":28},{"not_picked":["Creative AI","Reboot"],"picked":"Hyperbeam","floor":30},{"not_picked":["Headbutt+1","Adaptation"],"picked":"Blade Dance","floor":31},{"not_picked":["Limit Break","Secret Weapon"],"picked":"Bullet Time","floor":33},{"not_picked":["EmptyBody+1","FlurryOfBlows+1"],"picked":"Battle Trance+1","floor":35},{"not_picked":["InnerPeace+1","Flying Knee+1","Twin Strike"],"picked":"SKIP","floor":36},{"not_picked":["Barrage+1","Streamline"],"picked":"Steam","floor":39},{"not_picked":["Transmutation","Secret Technique"],"picked":"All For One","floor":41},{"not_picked":["Choke","Ball Lightning+1"],"picked":"Chill+1","floor":42},{"not_picked":["Adrenaline","Fiend Fire"],"picked":"DevaForm+1","floor":44},{"not_picked":["Impervious","Scrawl"],"picked":"Seek","floor":47},{"not_picked":["Halt","Slice"],"picked":"Reprogram","floor":48}],"player_experience":587586,"relics_obtained":[{"floor":7,"key":"Calipers"},{"floor":9,"key":"Incense Burner"},{"floor":11,"key":"Vajra"},{"floor":13,"key":"Bottled Flame"},{"floor":24,"key":"Potion Belt"},{"floor":26,"key":"Shuriken"},{"floor":27,"key":"War Paint"},{"floor":30,"key":"Oddly Smooth Stone"},{"floor":41,"key":"White Beast Statue"},{"floor":41,"key":"InkBottle"},{"floor":43,"key":"Frozen Egg 2"},{"floor":44,"key":"Turnip"},{"floor":44,"key":"Bird Faced Urn"},{"floor":45,"key":"StoneCalendar"},{"floor":47,"key":"The Courier"},{"floor":47,"key":"Du-Vu Doll"}],"event_choices":[{"damage_healed":0,"gold_gain":175,"player_choice":"AGREE","damage_taken":0,"max_hp_gain":0,"max_hp_loss":0,"event_name":"Liars Game","floor":2,"gold_loss":0,"cards_obtained":["Doubt"]},{"damage_healed":0,"gold_gain":0,"player_choice":"Searched \u00272\u0027 times","damage_taken":0,"max_hp_gain":0,"max_hp_loss":0,"event_name":"Dead Adventurer","floor":7,"gold_loss":0},{"damage_healed":0,"gold_gain":99,"player_choice":"Stole From Cult","damage_taken":0,"max_hp_gain":0,"max_hp_loss":0,"event_name":"Nest","floor":25,"gold_loss":0},{"cards_removed":["Flex"],"damage_healed":0,"gold_gain":0,"player_choice":"Removed Skill","damage_taken":0,"max_hp_gain":0,"max_hp_loss":0,"event_name":"Falling","floor":37,"gold_loss":0},{"damage_healed":0,"gold_gain":0,"player_choice":"Ignored","damage_taken":0,"max_hp_gain":0,"max_hp_loss":0,"event_name":"Tomb of Lord Red Mask","floor":38,"gold_loss":0},{"damage_healed":0,"gold_gain":0,"player_choice":"Fight","damage_taken":0,"max_hp_gain":0,"max_hp_loss":0,"event_name":"Mysterious Sphere","floor":45,"gold_loss":0}],"is_beta":false,"boss_relics":[{"not_picked":["Snecko Eye","Velvet Choker"],"picked":"SlaversCollar"},{"not_picked":["Black Blood","Calling Bell"],"picked":"Black Star"}],"items_purged_floors":[3],"is_endless":false,"potions_floor_spawned":[4,10,13,14,20,21,30,33,41,42,44,45,47,48],"ascension_level":0}}