{"host":"vjkx177ju3wjmzef","time":1608415727,"event":{"mods":["BaseMod","Block Reminder","Colored Map","Colored Powertips","DeckTracker","Googly Eyes","Highlight Path","Minty Spire (QoL Compilation)","Quick Restart","Random Character Button","Relic Stats","StSLib"],"gold_per_floor":[114,289,16,31,46,46,89,89,89,104,134,34,64,79,79,179,179,194,44,44,44,59,59,89,89,89,119,134,134,164,179,179,279,279,294,309,309,309,324,324,354,369,369,399,399,25,55,70,70,70],"floor_reached":51,"playtime":2596,"items_purged":["Doubt","Battle Trance"],"score":928,"play_id":"2ccc2d8f-9b70-4d2c-81e0-bb5d515674ba","local_time":"20201219160847","daily_mods":["Draft","Uncertain Future","Elite Swarm"],"is_ascension_mode":false,"campfire_choices":[{"data":"Armaments","floor":6,"key":"SMITH"},{"data":"Armaments","floor":8,"key":"SMITH"},{"data":"Metallicize","floor":15,"key":"SMITH"},{"data":"Feed","floor":23,"key":"SMITH"},{"floor":29,"key":"REST"},{"floor":32,"key":"REST"},{"data":"Searing Blow+1","floor":40,"key":"SMITH"},{"data":"Limit Break","floor":49,"key":"SMITH"}],"circlet_count":0,"master_deck":["Sword Boomerang","Shrug It Off","Flex","Cleave","Thunderclap","Clash","Thunderclap","Cleave","Clash","Pummel","Warcry+1","Whirlwind","Armaments+1","Armaments+1","Anger","Flex","Shrug It Off+1","Feed+1","Metallicize+1","Demon Form+1","Iron Wave+1","Reaper","Searing Blow+2","Double Tap","Limit Break+1","Inflame+1"],"relics":["Burning Blood","Juzu Bracelet","Calipers","Incense Burner","Vajra","Bottled Flame","SlaversCollar","Happy Flower","Potion Belt","Nilry\u0027s Codex","Shuriken","War Paint","Oddly Smooth Stone","Black Star","White Beast Statue","InkBottle","Frozen Egg 2","Turnip","Bird Faced Urn","Lizard Tail","The Courier","StoneCalendar"],"acts_visited":["Exordium","TheCity","TheBeyond"],"potions_floor_usage":[18,18,22,39,47,48,50,50],"damage_taken":[{"damage":0,"enemies":"Small Slimes","floor":1,"turns":2},{"damage":3,"enemies":"2 Louse","floor":4,"turns":2},{"damage":1,"enemies":"Jaw Worm","floor":5,"turns":2},{"damage":14,"enemies":"Lagavulin Event","floor":7,"turns":3},{"damage":0,"enemies":"Gremlin Gang","floor":10,"turns":3},{"damage":14,"enemies":"Gremlin Nob","floor":11,"turns":3},{"damage":4,"enemies":"3 Sentries","floor":13,"turns":2},{"damage":0,"enemies":"Blue Slaver","floor":14,"turns":2},{"damage":0,"enemies":"Slime Boss","floor":16,"turns":4},{"damage":0,"enemies":"Spheric Guardian","floor":18,"turns":2},{"damage":20,"enemies":"2 Thieves","floor":22,"turns":3},{"damage":14,"enemies":"Slavers","floor":24,"turns":3},{"damage":4,"enemies":"Gremlin Leader","floor":27,"turns":4},{"damage":18,"enemies":"Snake Plant","floor":28,"turns":4},{"damage":34,"enemies":"Slavers","floor":30,"turns":3},{"damage":22,"enemies":"Centurion and Healer","floor":31,"turns":4},{"damage":20,"enemies":"Champ","floor":33,"turns":6},{"damage":5,"enemies":"3 Shapes","floor":35,"turns":5},{"damage":29,"enemies":"Orb Walker","floor":36,"turns":4},{"damage":12,"enemies":"4 Shapes","floor":39,"turns":3},{"damage":13,"enemies":"Giant Head","floor":41,"turns":7},{"damage":25,"enemies":"Maw","floor":42,"turns":5},{"damage":39,"enemies":"Reptomancer","floor":44,"turns":5},{"damage":0,"enemies":"Giant Head","floor":47,"turns":5},{"damage":20,"enemies":"Spire Growth","floor":48,"turns":3},{"damage":44,"enemies":"Awakened One","floor":50,"turns":8}],"seed_played":"-2908382401684788831","potions_obtained":[{"floor":4,"key":"Explosive Potion"},{"floor":10,"key":"SmokeBomb"},{"floor":13,"key":"Swift Potion"},{"floor":14,"key":"Explosive Potion"},{"floor":22,"key":"ElixirPotion"},{"floor":24,"key":"FairyPotion"},{"floor":33,"key":"BloodPotion"},{"floor":36,"key":"EssenceOfSteel"},{"floor":42,"key":"Explosive Potion"},{"floor":44,"key":"SteroidPotion"},{"floor":47,"key":"BloodPotion"},{"floor":48,"key":"Strength Potion"}],"is_trial":false,"path_per_floor":["M","?","$","M","M","R","?","R","T","M","E","$","E","M","R","B",null,"M","$","?","?","M","R","E","?","T","E","M","R","E","M","R","B",null,"M","M","?","?","M","R","E","M","T","E","?","$","E","M","R","B",null],"character_chosen":"IRONCLAD","items_purchased":["Juzu Bracelet","Flex","Happy Flower","Lizard Tail","Inflame+1"],"campfire_rested":2,"item_purchase_floors":[3,3,19,46,46],"current_hp_per_floor":[80,80,80,80,80,80,72,72,72,78,70,70,72,78,78,80,80,83,83,83,67,53,53,49,33,33,35,27,55,31,39,70,56,104,108,85,85,85,79,79,84,65,65,52,98,98,98,98,98,64],"gold":70,"neow_bonus":"","is_daily":true,"chose_seed":false,"campfire_upgraded":6,"win_rate":0.0,"timestamp":1608415727,"path_taken":["M","?","$","M","M","R","?","R","T","M","E","?","E","M","R","BOSS","M","$","?","?","M","R","E","?","T","E","M","R","E","M","R","BOSS","M","M","?","?","M","R","E","M","T","E","?","$","E","M","R","BOSS"],"items_purchased_type":["Relic","Card","Relic","Relic","Card"],"build_version":"2020-12-13","purchased_purges":2,"victory":true,"max_hp_per_floor":[80,80,80,80,80,80,80,80,80,80,80,80,80,80,80,80,80,83,83,83,88,88,88,92,92,92,92,96,96,100,104,104,104,104,108,108,108,108,108,108,108,108,108,112,98,98,98,98,98,98],"relic_stats":{"Happy Flower":[24],"counters":[26,97],"StoneCalendar":[0],"Juzu Bracelet":2,"War Paint":["Shrug It Off","Warcry"],"Burning Blood":120,"Lizard Tail":0,"Shuriken":[31],"Bird Faced Urn":[4],"Turnip":[0],"Black Star":3,"obtain_stats":[{"Potion Belt":24,"Calipers":7,"Happy Flower":19,"Nilry\u0027s Codex":25,"Vajra":11,"Oddly Smooth Stone":30,"StoneCalendar":47,"The Courier":47,"Juzu Bracelet":3,"Incense Burner":9,"War Paint":27,"Frozen Egg 2":43,"Burning Blood":0,"White Beast Statue":41,"SlaversCollar":17,"Bottled Flame":13,"Lizard Tail":46,"Shuriken":26,"Bird Faced Urn":44,"Turnip":44,"Black Star":34,"InkBottle":41},{"Potion Belt":12,"Calipers":4,"Happy Flower":10,"Nilry\u0027s Codex":12,"Vajra":6,"Oddly Smooth Stone":15,"StoneCalendar":24,"The Courier":24,"Juzu Bracelet":1,"Incense Burner":4,"War Paint":13,"Frozen Egg 2":22,"Burning Blood":0,"White Beast Statue":21,"SlaversCollar":9,"Bottled Flame":7,"Lizard Tail":23,"Shuriken":12,"Bird Faced Urn":23,"Turnip":23,"Black Star":17,"InkBottle":21},{"Potion Belt":31,"Calipers":9,"Happy Flower":25,"Nilry\u0027s Codex":31,"Vajra":15,"Oddly Smooth Stone":42,"StoneCalendar":86,"The Courier":86,"Juzu Bracelet":2,"Incense Burner":9,"War Paint":35,"Frozen Egg 2":76,"Burning Blood":0,"White Beast Statue":71,"SlaversCollar":23,"Bottled Flame":17,"Lizard Tail":81,"Shuriken":31,"Bird Faced Urn":81,"Turnip":81,"Black Star":52,"InkBottle":71}],"InkBottle":[12]},"card_choices":[{"not_picked":["Havoc","Body Slam"],"picked":"Sword Boomerang","floor":0},{"not_picked":["Sword Boomerang","Havoc"],"picked":"Shrug It Off","floor":0},{"not_picked":["Rampage","Combust"],"picked":"Flex","floor":0},{"not_picked":["Power Through","Sword Boomerang"],"picked":"Cleave","floor":0},{"not_picked":["Flex","Wild Strike"],"picked":"Thunderclap","floor":0},{"not_picked":["Iron Wave","Cleave"],"picked":"Clash","floor":0},{"not_picked":["Clothesline","Power Through"],"picked":"Thunderclap","floor":0},{"not_picked":["Pommel Strike","Evolve"],"picked":"Cleave","floor":0},{"not_picked":["Twin Strike","Headbutt"],"picked":"Clash","floor":0},{"not_picked":["Headbutt","Pommel Strike"],"picked":"Pummel","floor":0},{"not_picked":["Shockwave","Sword Boomerang"],"picked":"Warcry","floor":0},{"not_picked":["Blood for Blood","Clash"],"picked":"Whirlwind","floor":0},{"not_picked":["Power Through","Clothesline"],"picked":"Battle Trance","floor":0},{"not_picked":["Shrug It Off","Ghostly Armor"],"picked":"Armaments","floor":0},{"not_picked":["Warcry","Pommel Strike"],"picked":"Armaments","floor":0},{"not_picked":["Iron Wave","Blood for Blood"],"picked":"Anger","floor":1},{"not_picked":["Blood for Blood","Sword Boomerang","Cleave"],"picked":"SKIP","floor":4},{"not_picked":["Sentinel","Clothesline"],"picked":"Shrug It Off","floor":5},{"not_picked":["Sentinel","Perfected Strike","Armaments"],"picked":"SKIP","floor":10},{"not_picked":["Double Tap","Barricade"],"picked":"Berserk","floor":11},{"not_picked":["Berserk","Immolate"],"picked":"Feed","floor":13},{"not_picked":["Uppercut","Sword Boomerang"],"picked":"Metallicize","floor":14},{"not_picked":["Barricade","Juggernaut"],"picked":"Demon Form","floor":16},{"not_picked":["Perfected Strike+1","Sever Soul+1"],"picked":"Iron Wave+1","floor":18},{"not_picked":["Clothesline","Hemokinesis","Rupture"],"picked":"SKIP","floor":22},{"not_picked":["Brutality","Fiend Fire","Barricade"],"picked":"SKIP","floor":24},{"not_picked":["Limit Break","Demon Form"],"picked":"Reaper","floor":27},{"not_picked":["Headbutt","Sever Soul","Warcry"],"picked":"SKIP","floor":28},{"not_picked":["Limit Break","Reaper","Corruption"],"picked":"SKIP","floor":30},{"not_picked":["Flex","Headbutt"],"picked":"Searing Blow+1","floor":31},{"not_picked":["Fiend Fire","Exhume"],"picked":"Double Tap","floor":33},{"not_picked":["Disarm+1","Cleave+1","Armaments+1"],"picked":"SKIP","floor":35},{"not_picked":["Clothesline+1","Evolve+1","Sever Soul+1"],"picked":"SKIP","floor":36},{"not_picked":["Rupture","Clothesline","Blood for Blood"],"picked":"SKIP","floor":39},{"not_picked":["Brutality","Fiend Fire","Bludgeon"],"picked":"SKIP","floor":41},{"not_picked":["Perfected Strike","Cleave","Battle Trance+1"],"picked":"SKIP","floor":42},{"not_picked":["Brutality+1","Barricade+1"],"picked":"Limit Break","floor":44},{"not_picked":["Impervious","Juggernaut+1","Reaper"],"picked":"SKIP","floor":47},{"not_picked":["Intimidate","Disarm+1","Twin Strike+1"],"picked":"SKIP","floor":48}],"player_experience":124653,"relics_obtained":[{"floor":7,"key":"Calipers"},{"floor":9,"key":"Incense Burner"},{"floor":11,"key":"Vajra"},{"floor":13,"key":"Bottled Flame"},{"floor":24,"key":"Potion Belt"},{"floor":25,"key":"Nilry\u0027s Codex"},{"floor":26,"key":"Shuriken"},{"floor":27,"key":"War Paint"},{"floor":30,"key":"Oddly Smooth Stone"},{"floor":41,"key":"White Beast Statue"},{"floor":41,"key":"InkBottle"},{"floor":43,"key":"Frozen Egg 2"},{"floor":44,"key":"Turnip"},{"floor":44,"key":"Bird Faced Urn"},{"floor":47,"key":"The Courier"},{"floor":47,"key":"StoneCalendar"}],"event_choices":[{"damage_healed":0,"gold_gain":175,"player_choice":"AGREE","damage_taken":0,"max_hp_gain":0,"max_hp_loss":0,"event_name":"Liars Game","floor":2,"gold_loss":0,"cards_obtained":["Doubt"]},{"damage_healed":0,"gold_gain":0,"player_choice":"Searched \u00272\u0027 times","damage_taken":0,"max_hp_gain":0,"max_hp_loss":0,"event_name":"Dead Adventurer","floor":7,"gold_loss":0},{"damage_healed":0,"gold_gain":0,"player_choice":"Upgraded","damage_taken":0,"max_hp_gain":0,"max_hp_loss":0,"event_name":"Upgrade Shrine","floor":20,"gold_loss":0,"cards_upgraded":["Demon Form"]},{"damage_healed":0,"gold_gain":0,"player_choice":"Shed Blood","damage_taken":21,"max_hp_gain":5,"max_hp_loss":0,"event_name":"Forgotten Altar","floor":21,"gold_loss":0},{"damage_healed":0,"gold_gain":0,"player_choice":"Obtained Book","damage_taken":16,"max_hp_gain":0,"max_hp_loss":0,"event_name":"Cursed Tome","floor":25,"gold_loss":0},{"cards_removed":["Berserk"],"damage_healed":0,"gold_gain":0,"player_choice":"Removed Power","damage_taken":0,"max_hp_gain":0,"max_hp_loss":0,"event_name":"Falling","floor":37,"gold_loss":0},{"damage_healed":0,"gold_gain":0,"player_choice":"Ignored","damage_taken":0,"max_hp_gain":0,"max_hp_loss":0,"event_name":"Tomb of Lord Red Mask","floor":38,"gold_loss":0},{"damage_healed":98,"gold_gain":0,"player_choice":"Heal","damage_taken":0,"max_hp_gain":0,"max_hp_loss":14,"event_name":"The Moai Head","floor":45,"gold_loss":0}],"is_beta":false,"boss_relics":[{"not_picked":["Snecko Eye","Velvet Choker"],"picked":"SlaversCollar"},{"not_picked":["Black Blood","Calling Bell"],"picked":"Black Star"}],"items_purged_floors":[3,12],"is_endless":false,"potions_floor_spawned":[4,10,13,14,22,24,33,36,42,44,47,48],"ascension_level":0}}