{"host":"30jsp143e4v19aze","time":1608386402,"event":{"mods":["BaseMod","Colored Map","Highlight Path","Minty Spire (QoL Compilation)","Quick Restart","Relic Sorter","Relic Stats","Say the Spire","StSLib"],"gold_per_floor":[113,127,127,52,0,0,34,51,75,75,101,101,113,140,140,211,211,151,39,39,39,39,39,39,39,39,39,39,39,39,39,39,39,39],"floor_reached":33,"playtime":1836,"items_purged":["Strike_R"],"score":660,"play_id":"53fbb1d9-a264-45b5-abc2-959a304997a6","local_time":"20201219150002","is_ascension_mode":true,"campfire_choices":[{"data":"Flex","floor":6,"key":"SMITH"},{"data":"Bash","floor":10,"key":"SMITH"},{"data":"Sword Boomerang","floor":12,"key":"SMITH"},{"floor":15,"key":"DIG"},{"floor":23,"key":"DIG"},{"floor":29,"key":"DIG"},{"floor":32,"key":"DIG"}],"circlet_count":0,"master_deck":["AscendersBane","Strike_R","Strike_R","Strike_R","Defend_R","Defend_R","Defend_R","Defend_R","Bash+1","Sword Boomerang+1","Flex+1","Second Wind","Shrug It Off","Clothesline","Power Through","Immolate","Evolve","Sword Boomerang+1","Power Through","Impervious","Whirlwind"],"relics":["Burning Blood","NeowsBlessing","Potion Belt","Bag of Marbles","Art of War","Bronze Scales","Shovel","Meat on the Bone","Ectoplasm","Happy Flower","Ornamental Fan","Mango","Pocketwatch","Blue Candle","Peace Pipe"],"acts_visited":["Exordium","TheCity"],"potions_floor_usage":[16,25,31,33],"damage_taken":[{"damage":0,"enemies":"Cultist","floor":1,"turns":1},{"damage":0,"enemies":"Jaw Worm","floor":2,"turns":1},{"damage":0,"enemies":"3 Sentries","floor":7,"turns":1},{"damage":6,"enemies":"2 Louse","floor":8,"turns":4},{"damage":26,"enemies":"Gremlin Nob","floor":11,"turns":4},{"damage":0,"enemies":"Exordium Wildlife","floor":13,"turns":3},{"damage":37,"enemies":"3 Sentries","floor":14,"turns":9},{"damage":21,"enemies":"Hexaghost","floor":16,"turns":10},{"damage":5,"enemies":"2 Thieves","floor":18,"turns":3},{"damage":21,"enemies":"Shell Parasite","floor":20,"turns":4},{"damage":27,"enemies":"Shelled Parasite and Fungi","floor":24,"turns":4},{"damage":42,"enemies":"Slavers","floor":25,"turns":8},{"damage":14,"enemies":"Chosen and Byrds","floor":27,"turns":6},{"damage":1,"enemies":"3 Cultists","floor":28,"turns":3},{"damage":2,"enemies":"Snake Plant","floor":30,"turns":3},{"damage":20,"enemies":"Gremlin Leader","floor":31,"turns":5},{"damage":71,"enemies":"Automaton","floor":33,"turns":6}],"seed_played":"683329170004959851","potions_obtained":[{"floor":8,"key":"LiquidMemories"},{"floor":13,"key":"FairyPotion"},{"floor":24,"key":"HeartOfIron"},{"floor":28,"key":"Energy Potion"},{"floor":31,"key":"Swift Potion"}],"is_trial":false,"path_per_floor":["M","M","?","?","$","R","E","M","T","R","E","R","M","E","R","B",null,"M","$","M","?","$","R","M","E","T","M","M","R","M","E","R","B"],"character_chosen":"IRONCLAD","items_purchased":["Flex","Evolve"],"campfire_rested":0,"item_purchase_floors":[5,19],"current_hp_per_floor":[74,75,64,64,64,64,70,70,70,70,50,50,56,25,25,22,62,63,63,48,48,48,48,39,40,54,58,63,63,67,53,53,0,0],"gold":39,"neow_bonus":"THREE_ENEMY_KILL","is_daily":false,"chose_seed":false,"campfire_upgraded":3,"win_rate":0.0,"timestamp":1608386402,"path_taken":["M","M","?","?","?","R","E","M","T","R","E","R","M","E","R","BOSS","M","$","M","?","?","R","M","E","T","M","M","R","M","E","R","BOSS"],"items_purchased_type":["Card","Card"],"build_version":"2020-12-13","purchased_purges":1,"victory":false,"max_hp_per_floor":[75,75,75,75,75,75,75,75,75,75,75,75,75,75,75,75,75,75,75,75,75,75,75,75,75,89,89,89,89,89,89,89,89,89],"relic_stats":{"Happy Flower":[11],"counters":[17,75],"Blue Candle":[0],"Burning Blood":91,"Peace Pipe":0,"Shovel":4,"Ornamental Fan":[20],"Bronze Scales":[243],"Ectoplasm":213,"Art of War":[1],"obtain_stats":[{"Potion Belt":3,"NeowsBlessing":0,"Happy Flower":23,"Blue Candle":31,"Mango":26,"Burning Blood":0,"Peace Pipe":32,"Shovel":14,"Ornamental Fan":25,"Bronze Scales":11,"Ectoplasm":17,"Bag of Marbles":7,"Art of War":9,"Meat on the Bone":15,"Pocketwatch":29},{"Potion Belt":2,"NeowsBlessing":0,"Happy Flower":10,"Blue Candle":16,"Mango":12,"Burning Blood":0,"Peace Pipe":16,"Shovel":7,"Ornamental Fan":12,"Bronze Scales":5,"Ectoplasm":8,"Bag of Marbles":3,"Art of War":4,"Meat on the Bone":7,"Pocketwatch":14},{"Potion Belt":2,"NeowsBlessing":0,"Happy Flower":40,"Blue Candle":69,"Mango":52,"Burning Blood":0,"Peace Pipe":69,"Shovel":23,"Ornamental Fan":52,"Bronze Scales":11,"Ectoplasm":33,"Bag of Marbles":3,"Art of War":7,"Meat on the Bone":23,"Pocketwatch":61}],"Meat on the Bone":48,"Pocketwatch":[21]},"card_choices":[{"not_picked":["Heavy Blade","Infernal Blade"],"picked":"Sword Boomerang","floor":1},{"not_picked":["Headbutt","Iron Wave","Clash"],"picked":"SKIP","floor":2},{"not_picked":["Body Slam","Warcry"],"picked":"Second Wind","floor":7},{"not_picked":["Havoc","Juggernaut","Rupture"],"picked":"SKIP","floor":8},{"not_picked":["Second Wind","Body Slam"],"picked":"Shrug It Off","floor":11},{"not_picked":["Carnage","Armaments"],"picked":"Clothesline","floor":13},{"not_picked":["Intimidate","Sever Soul"],"picked":"Power Through","floor":14},{"not_picked":["Corruption","Bludgeon"],"picked":"Immolate","floor":16},{"not_picked":["Flex","Wild Strike","Perfected Strike"],"picked":"SKIP","floor":18},{"not_picked":["Clash","Reckless Charge","Iron Wave"],"picked":"SKIP","floor":20},{"not_picked":["Clothesline+1","Ghostly Armor"],"picked":"Power Through","floor":24},{"not_picked":["Thunderclap+1","Cleave+1","Dual Wield"],"picked":"SKIP","floor":25},{"not_picked":["Flex","Bloodletting","Pommel Strike"],"picked":"SKIP","floor":27},{"not_picked":["Disarm","Iron Wave"],"picked":"Impervious","floor":28},{"not_picked":["Havoc+1","Clash","Heavy Blade"],"picked":"SKIP","floor":30},{"not_picked":["Clash","Perfected Strike+1"],"picked":"Whirlwind","floor":31}],"player_experience":2921272,"relics_obtained":[{"floor":7,"key":"Bag of Marbles"},{"floor":9,"key":"Art of War"},{"floor":11,"key":"Bronze Scales"},{"floor":14,"key":"Shovel"},{"floor":15,"key":"Meat on the Bone"},{"floor":23,"key":"Happy Flower"},{"floor":25,"key":"Ornamental Fan"},{"floor":26,"key":"Mango"},{"floor":29,"key":"Pocketwatch"},{"floor":31,"key":"Blue Candle"},{"floor":32,"key":"Peace Pipe"}],"event_choices":[{"damage_healed":0,"gold_gain":0,"player_choice":"Success","damage_taken":11,"relics_obtained":["Potion Belt"],"max_hp_gain":0,"max_hp_loss":0,"event_name":"Scrap Ooze","floor":3,"gold_loss":0},{"cards_removed":["Strike_R"],"damage_healed":0,"gold_gain":0,"player_choice":"Card Removal","damage_taken":0,"max_hp_gain":0,"max_hp_loss":0,"event_name":"The Cleric","floor":4,"gold_loss":75},{"damage_healed":0,"gold_gain":0,"player_choice":"Copied","damage_taken":0,"max_hp_gain":0,"max_hp_loss":0,"event_name":"Duplicator","floor":21,"gold_loss":0,"cards_obtained":["Sword Boomerang"]}],"is_beta":false,"boss_relics":[{"not_picked":["Tiny House","Empty Cage"],"picked":"Ectoplasm"}],"items_purged_floors":[19],"is_endless":false,"potions_floor_spawned":[8,13,24,28,31],"killed_by":"Automaton","ascension_level":20}}