{"host":"egyxg9lnjq7g2hmw","time":1608346916,"event":{"mods":["AchievementEnabler","BaseMod","Block Reminder","Colored Map","Colored Powertips","Highlight Path","Minty Spire (QoL Compilation)","Rare Cards Sparkle","StSLib"],"gold_per_floor":[118,118,137,150,163,163,38,38,63,96,112,112,128,140,140,216,216,230,230,230],"floor_reached":19,"playtime":831,"items_purged":["Strike_G"],"score":342,"play_id":"62827dba-fff7-4eea-8acc-b830e2c90ac9","local_time":"20201218190156","is_ascension_mode":true,"campfire_choices":[{"data":"Footwork","floor":6.0,"key":"SMITH"},{"floor":12.0,"key":"REST"},{"floor":15.0,"key":"REST"}],"circlet_count":0,"master_deck":["AscendersBane","Strike_G","Strike_G","Strike_G","Strike_G","Defend_G","Defend_G","Defend_G","Defend_G","Defend_G","Survivor","Neutralize+1","Poisoned Stab","Catalyst","Footwork+1","Backflip","Poisoned Stab","Catalyst","Wraith Form v2","Flying Knee"],"relics":["Ring of the Snake","Happy Flower","Tiny Chest","Black Star"],"acts_visited":["Exordium","TheCity"],"potions_floor_usage":[19],"damage_taken":[{"damage":0.0,"enemies":"2 Louse","floor":1.0,"turns":3.0},{"damage":0.0,"enemies":"Cultist","floor":3.0,"turns":4.0},{"damage":5.0,"enemies":"Small Slimes","floor":4.0,"turns":5.0},{"damage":16.0,"enemies":"Red Slaver","floor":5.0,"turns":5.0},{"damage":32.0,"enemies":"3 Sentries","floor":10.0,"turns":19.0},{"damage":4.0,"enemies":"Blue Slaver","floor":11.0,"turns":5.0},{"damage":18.0,"enemies":"3 Louse","floor":13.0,"turns":4.0},{"damage":0.0,"enemies":"Looter","floor":14.0,"turns":4.0},{"damage":17.0,"enemies":"The Guardian","floor":16.0,"turns":10.0},{"damage":11.0,"enemies":"3 Byrds","floor":18.0,"turns":4.0},{"damage":50,"enemies":"Masked Bandits","floor":19,"turns":4}],"seed_played":"2704430292237444617","potions_obtained":[{"floor":3.0,"key":"Block Potion"},{"floor":5.0,"key":"SpeedPotion"},{"floor":10.0,"key":"FearPotion"},{"floor":16.0,"key":"LiquidBronze"}],"is_trial":false,"path_per_floor":["M","?","M","M","M","R","$","?","T","E","M","R","M","M","R","B",null,"M","?"],"character_chosen":"THE_SILENT","items_purchased":["Backflip"],"campfire_rested":2,"item_purchase_floors":[7],"current_hp_per_floor":[65,72,72,67,51,51,51,51,51,19,15,36,18,18,39,22,60,49,0,0],"gold":230,"neow_bonus":"TEN_PERCENT_HP_BONUS","is_daily":false,"chose_seed":false,"campfire_upgraded":1,"win_rate":0.0,"timestamp":1608346916,"path_taken":["M","?","?","?","?","R","$","?","T","E","?","R","M","M","R","BOSS","M","?"],"items_purchased_type":["Card"],"build_version":"2020-12-13","purchased_purges":1,"victory":false,"max_hp_per_floor":[72,72,72,72,72,72,72,72,72,72,72,72,72,72,72,72,72,72,72,72],"card_choices":[{"not_picked":["Quick Slash","Tactician"],"picked":"Poisoned Stab","floor":1.0},{"not_picked":["Skewer","Expertise"],"picked":"Catalyst","floor":3.0},{"not_picked":["Blade Dance","Sucker Punch"],"picked":"Footwork","floor":4.0},{"not_picked":["Sucker Punch","Heel Hook","Blade Dance"],"picked":"SKIP","floor":5.0},{"not_picked":["Prepared","After Image","Finisher"],"picked":"SKIP","floor":10.0},{"not_picked":["Setup","Acrobatics"],"picked":"Poisoned Stab","floor":11.0},{"not_picked":["Terror","Outmaneuver","Heel Hook"],"picked":"SKIP","floor":13.0},{"not_picked":["Sucker Punch","Dodge and Roll"],"picked":"Catalyst","floor":14.0},{"not_picked":["Venomology","A Thousand Cuts"],"picked":"Wraith Form v2","floor":16.0},{"not_picked":["Slice","Skewer"],"picked":"Flying Knee","floor":18.0}],"player_experience":523217,"relics_obtained":[{"floor":9.0,"key":"Happy Flower"},{"floor":10.0,"key":"Tiny Chest"}],"event_choices":[{"damage_healed":7.0,"max_hp_gain":0.0,"max_hp_loss":0.0,"gold_gain":0.0,"event_name":"Wheel of Change","player_choice":"Full Heal","floor":2.0,"gold_loss":0.0,"damage_taken":0.0},{"damage_healed":0.0,"max_hp_gain":0.0,"max_hp_loss":0.0,"gold_gain":0.0,"event_name":"Upgrade Shrine","player_choice":"Upgraded","floor":8.0,"gold_loss":0.0,"damage_taken":0.0,"cards_upgraded":["Neutralize"]},{"damage_healed":0,"gold_gain":0,"player_choice":"Fought Bandits","damage_taken":0,"max_hp_gain":0,"max_hp_loss":0,"event_name":"Masked Bandits","floor":19,"gold_loss":0}],"is_beta":false,"boss_relics":[{"not_picked":["Astrolabe","SacredBark"],"picked":"Black Star"}],"items_purged_floors":[7],"is_endless":false,"potions_floor_spawned":[3,5,10,16],"killed_by":"Masked Bandits","ascension_level":20}}