{"host":"8xp52u5o8fcssvzz","time":1608361081,"event":{"mods":["2.2 Compatiblity","AchievementEnabler","Act Like it!","Aspiration","BaseMod","Better Altar","Better Match","Better Note","Better Sensory Stone","Better Skull","Better Third Choice","BetterRewards","CatGirl Mod","Colored Map","Conspire","Downfall","Gensokyo","GifTheSpireLib","Googly Eyes","Halation","Hallownest","Highlight Path","Hubris","Infinite Spire","Jorbs\u0027s Wanderer Trilogy","Koishi","Lobotomy","LobotomyExtend","Marisa????????","Menagerie","Mimic Mod","Minty Spire (QoL Compilation)","Reimu??????","Remilia??????","Replay The Spire","SIMod","Shade Mod","Spicy Shops","StSLib","Stuff the Spire","The Administrix","The Blackbeard","The Bladedancer","The Construct","The Cursed","The Gatherer","The Necromancer","The Runesmith","The Servant 0.9.4","The Valiant","TheFirefly","TheSwordswoman","Unceasing Turn Reminder","everything is the same but u backflip on backflip"],"gold_per_floor":[114,94,113,131,26,54,54,54,87,87,117,117,130,130,130,228,228,241,166,184,201,221,236,236,255,325,325,360,375,387,414,414,414,414],"floor_reached":33,"playtime":1709,"items_purged":["TheCursedMod:Defend_TheCursed"],"score":324,"play_id":"2127cbf2-f941-43dc-80d4-dfdda19b74fe","local_time":"20201218225801","is_ascension_mode":false,"campfire_choices":[{"data":"TheCursedMod:Hemoplague","floor":7,"key":"SMITH"},{"data":"TheCursedMod:CleanUpWorkshop","floor":10,"key":"SMITH"},{"data":"TheCursedMod:CircleOfFlame","floor":12,"key":"SMITH"},{"floor":15,"key":"REST"},{"data":"TheCursedMod:CircleOfBlood","floor":24,"key":"SMITH"},{"floor":32,"key":"REST"}],"circlet_count":0,"master_deck":["TheCursedMod:Strike_TheCursed","TheCursedMod:Strike_TheCursed","TheCursedMod:Strike_TheCursed","TheCursedMod:Defend_TheCursed","TheCursedMod:Defend_TheCursed","TheCursedMod:Defend_TheCursed","TheCursedMod:CursedWand","TheCursedMod:CleanUpWorkshop+1","TheCursedMod:Dregs","TheCursedMod:CircleOfFlame+1","TheCursedMod:Hemoplague+1","TheCursedMod:RapidMovement","TheCursedMod:HellfireBreathing","TheCursedMod:CursedAmulet","TheCursedMod:Wield","TheCursedMod:SpitefulStrike","TheCursedMod:CircleOfAbyss","TheCursedMod:CircleOfCorruption","TheCursedMod:CursedBlade+1","TheCursedMod:CursedMace+1","TheCursedMod:CursedAmulet+1","TheCursedMod:CircleOfBlood+1","TheCursedMod:SoulCrush","TheCursedMod:SurpriseAttack","TheCursedMod:RapidMovement","TheCursedMod:SurpriseAttack+1","TheCursedMod:SpitefulPray"],"relics":["TheCursedMod:BlackMagic101","NeowsBlessing","LetterFromLob","Centennial Puzzle","Happy Flower","Sozu","RedMistMask","infinitespire:EmpoweringShard","SlaversCollar","Winged Necklace","Gremlin Horn"],"acts_visited":["Exordium","TheCity"],"potions_floor_usage":[6,13],"damage_taken":[{"damage":0,"enemies":"Jaw Worm","floor":1,"turns":1},{"damage":0,"enemies":"infinitespire:Voidling","floor":3,"turns":1},{"damage":0,"enemies":"conspire:RoseBush","floor":4,"turns":1},{"damage":54,"enemies":"Gremlin Nob","floor":6,"turns":7},{"damage":0,"enemies":"Gremlin Gang","floor":9,"turns":7},{"damage":2,"enemies":"Lagavulin","floor":11,"turns":5},{"damage":0,"enemies":"Gremlin Gang","floor":13,"turns":4},{"damage":11,"enemies":"The Guardian","floor":16,"turns":11},{"damage":8,"enemies":"3 Byrds","floor":18,"turns":4},{"damage":15,"enemies":"conspire:FuzzyDice","floor":20,"turns":4},{"damage":2,"enemies":"Centurion and Healer","floor":21,"turns":4},{"damage":6,"enemies":"Chosen and Byrds","floor":22,"turns":5},{"damage":18,"enemies":"Snake Plant","floor":23,"turns":5},{"damage":18,"enemies":"Shelled Parasite and Fungi","floor":25,"turns":3},{"damage":0,"enemies":"Nightmare","floor":28,"turns":1},{"damage":0,"enemies":"Sentry and Sphere","floor":29,"turns":3},{"damage":11,"enemies":"Cultist and Chosen","floor":30,"turns":4},{"damage":1,"enemies":"Replay:Snechameleon","floor":31,"turns":2},{"damage":67,"enemies":"hubris:MusketHawk","floor":33,"turns":6}],"seed_played":"-140845878226448750","potions_obtained":[{"floor":2,"key":"Elixir"},{"floor":4,"key":"TheCursedMod:DregsPotion"},{"floor":6,"key":"Energy Potion"}],"is_trial":false,"path_per_floor":["M","?","M","M","$","E","R","?","MIM","R","E","R","M","M","R","B",null,"M","?","M","M","M","M","R","M","T","AVR","NM","M","M","E","R","B"],"character_chosen":"THE_CURSED","items_purchased":["TheCursedMod:HellfireBreathing","TheCursedMod:CursedAmulet"],"campfire_rested":2,"item_purchase_floors":[5,5],"current_hp_per_floor":[75,75,75,75,75,21,21,21,21,21,19,19,19,19,41,30,75,67,67,52,50,44,30,30,12,12,12,12,28,25,24,46,0,0],"gold":414,"neow_bonus":"THREE_ENEMY_KILL","is_daily":false,"chose_seed":false,"campfire_upgraded":4,"win_rate":0.0,"timestamp":1608361081,"path_taken":["M","?","M","?","$","E","R","?","MIM","R","E","R","M","M","R","BOSS","M","?","M","?","M","M","R","M","T","AVR","NM","M","M","E","R","BOSS"],"items_purchased_type":["Card","Card"],"build_version":"2020-12-13","purchased_purges":1,"victory":false,"max_hp_per_floor":[75,75,75,75,75,75,75,75,75,75,75,75,75,75,75,75,75,75,75,75,75,75,75,75,75,75,75,75,75,75,75,75,75,75],"card_choices":[{"not_picked":["TheCursedMod:Stretching","TheCursedMod:TacticalStrike"],"picked":"TheCursedMod:CircleOfFlame","floor":1},{"not_picked":["TheCursedMod:TacticalStrike","TheCursedMod:BloodBarrier"],"picked":"TheCursedMod:Hemoplague","floor":3},{"not_picked":["TheCursedMod:Stretching","TheCursedMod:RavingStaff"],"picked":"TheCursedMod:RapidMovement","floor":4},{"not_picked":["TheCursedMod:RapidMovement","TheCursedMod:CircleOfFlame"],"picked":"TheCursedMod:Wield","floor":6},{"not_picked":["TheCursedMod:Stigma","TheCursedMod:StingEye"],"picked":"TheCursedMod:SpitefulStrike","floor":9},{"not_picked":["TheCursedMod:DoubleShield","TheCursedMod:Grudge"],"picked":"TheCursedMod:CircleOfAbyss","floor":11},{"not_picked":["TheCursedMod:Stretching","TheCursedMod:CursedBlade"],"picked":"TheCursedMod:CircleOfCorruption","floor":13},{"not_picked":["TheCursedMod:RapidMovement+1","TheCursedMod:SmokeScreen+1","TheCursedMod:CursedAmulet"],"picked":"SKIP","floor":18},{"not_picked":["TheCursedMod:WearCloak+1","TheCursedMod:TacticalStrike+1"],"picked":"TheCursedMod:CursedBlade+1","floor":19},{"not_picked":["TheCursedMod:SmokeScreen","TheCursedMod:FuryStrike"],"picked":"TheCursedMod:CursedMace+1","floor":20},{"not_picked":["TheCursedMod:CursedBlade","TheCursedMod:Wield"],"picked":"TheCursedMod:CursedAmulet+1","floor":21},{"not_picked":["TheCursedMod:ForbiddenAlchemy","TheCursedMod:Stretching+1"],"picked":"TheCursedMod:CircleOfBlood","floor":22},{"not_picked":["TheCursedMod:CursedMace","TheCursedMod:SmokeScreen"],"picked":"TheCursedMod:SoulCrush","floor":23},{"not_picked":["TheCursedMod:CursedAmulet+1","TheCursedMod:Wield","TheCursedMod:RavingStaff"],"picked":"SKIP","floor":25},{"not_picked":["TheCursedMod:Evocation","TheCursedMod:SpitefulStrike"],"picked":"TheCursedMod:SurpriseAttack","floor":28},{"not_picked":["TheCursedMod:SpreadPlague","TheCursedMod:CursedBlade+1"],"picked":"TheCursedMod:RapidMovement","floor":29},{"not_picked":["TheCursedMod:Evocation","TheCursedMod:FuryStrike"],"picked":"TheCursedMod:SurpriseAttack+1","floor":30},{"not_picked":["TheCursedMod:Wield","TheCursedMod:CursedArmor"],"picked":"TheCursedMod:SpitefulPray","floor":31}],"player_experience":460776,"relics_obtained":[{"floor":1,"key":"LetterFromLob"},{"floor":6,"key":"Centennial Puzzle"},{"floor":11,"key":"Happy Flower"},{"floor":23,"key":"RedMistMask"},{"floor":26,"key":"infinitespire:EmpoweringShard"},{"floor":28,"key":"Winged Necklace"},{"floor":31,"key":"Gremlin Horn"}],"event_choices":[{"damage_healed":0,"gold_gain":0,"player_choice":"Bought 1 Potion","damage_taken":0,"max_hp_gain":0,"max_hp_loss":0,"event_name":"The Woman in Blue","floor":2,"gold_loss":0},{"cards_removed":["TheCursedMod:Strike_TheCursed"],"damage_healed":0,"gold_gain":0,"player_choice":"Purged","damage_taken":0,"max_hp_gain":0,"max_hp_loss":0,"event_name":"Purifier","floor":8,"gold_loss":0},{"damage_healed":0,"gold_gain":0,"player_choice":"2","damage_taken":0,"max_hp_gain":0,"max_hp_loss":0,"event_name":"betterMatch:BetterMatch","floor":19,"gold_loss":0,"cards_obtained":["betterMatch:CommonCard"]}],"is_beta":false,"boss_relics":[{"not_picked":["Runic Dome","aspiration:PoetsPen_weak"],"picked":"Sozu"}],"items_purged_floors":[27],"is_endless":true,"potions_floor_spawned":[4,6,20,25],"killed_by":"hubris:MusketHawk","ascension_level":0}}