{"host":"uomfndqwf5xp2aw3","time":1608357454,"event":{"mods":["AchievementEnabler","Bard","BaseMod","BetterRewards","Colored Map","Colored Powertips","Conspire","Downfall","Googly Eyes","Halation","Infinite Spire","Minty Spire (QoL Compilation)","READ ME - Guardian Mod","Replay The Spire","Shop Mod","StSLib","Yuri Mod"],"gold_per_floor":[99,99,99,130,130,130,154,89,136,136,148,148,173,187,211,320,320,320,320,320],"floor_reached":19,"playtime":1336,"items_purged":[],"score":198,"play_id":"998411c7-6280-44ba-a2a8-9c94ee703f31","local_time":"20201219135734","is_ascension_mode":false,"campfire_choices":[{"data":"champ:HoldFirm","floor":10,"key":"SMITH"}],"circlet_count":0,"master_deck":["champ:Strike","champ:Strike","champ:Strike","champ:Defend","champ:Defend","champ:Execute","champ:Taunt","champ:PerfectedStrike","champ:GutPunch","champ:FaceSlap","champ:EndlessRage+1","champ:HoldFirm+1","champ:FocusedGladiator","champ:AdrenalArmor","champ:Haymaker","champ:LastStand","champ:MurderStrike"],"relics":["champ:ChampionCrown","downfall:HeartsMalice","Replay:Baseball","infinitespire:Midas Blood","Boot","Replay:Bottled Flurry","Empty Cage"],"acts_visited":["Exordium","TheCity"],"potions_floor_usage":[9,9,9,9],"damage_taken":[{"damage":0,"enemies":"Jaw Worm","floor":2,"turns":1},{"damage":0,"enemies":"conspire:RoseBush","floor":3,"turns":1},{"damage":0,"enemies":"Gremlin Nob","floor":4,"turns":1},{"damage":5,"enemies":"downfall:FleeingMerchant","floor":8,"turns":4},{"damage":57,"enemies":"3 Sentries","floor":9,"turns":10},{"damage":5,"enemies":"Small Slimes","floor":11,"turns":4},{"damage":18,"enemies":"Exordium Thugs","floor":13,"turns":6},{"damage":12,"enemies":"Blue Slaver","floor":14,"turns":4},{"damage":8,"enemies":"Large Slime","floor":15,"turns":7},{"damage":22,"enemies":"downfall:Silent","floor":16,"turns":8}],"seed_played":"5176512334348793331","potions_obtained":[{"floor":4,"key":"EntropicBrew"},{"floor":9,"key":"Energy Potion"},{"floor":15,"key":"FairyPotion"}],"is_trial":false,"path_per_floor":["R_BF","M","M","E","?","?","T","$","E","R","M","?","M","M","M","B",null,"PTL","PTL"],"character_chosen":"THE_CHAMP","items_purchased":["champ:EndlessRage+1"],"campfire_rested":0,"item_purchase_floors":[8],"current_hp_per_floor":[90,90,90,90,90,83,83,83,48,48,49,49,37,25,29,21,90,90,90,90],"gold":320,"neow_bonus":"THREE_ENEMY_KILL","is_daily":false,"chose_seed":false,"campfire_upgraded":1,"win_rate":0.0,"timestamp":1608357454,"path_taken":["R_BF","M","M","E","?","?","T","$","E","R","M","?","M","?","M","BOSS","PTL","PTL"],"items_purchased_type":["Card"],"build_version":"2020-12-13","purchased_purges":0,"victory":false,"max_hp_per_floor":[90,90,90,90,90,90,90,90,90,90,90,90,90,90,90,90,90,90,90,90],"card_choices":[{"not_picked":["champ:StanceDance","champ:BerserkersShout"],"picked":"champ:PerfectedStrike","floor":2},{"not_picked":["champ:Lariat","champ:FocusedDefense"],"picked":"champ:GutPunch","floor":3},{"not_picked":["champ:BerserkersShout","champ:Haymaker"],"picked":"champ:SkillfulDodge","floor":4},{"not_picked":["champ:HeavySlash","champ:Duel"],"picked":"champ:FaceSlap","floor":8},{"not_picked":["champ:Encircle","champ:BerserkerStyle"],"picked":"champ:HoldFirm","floor":9},{"not_picked":["champ:EnragedBash","champ:EnGarde"],"picked":"champ:FocusedGladiator","floor":11},{"not_picked":["champ:FanOfKnives","champ:Shatter"],"picked":"champ:AdrenalArmor","floor":13},{"not_picked":["champ:DefensiveShout","champ:BladeFlurry"],"picked":"champ:Haymaker","floor":14},{"not_picked":["champ:FanOfKnives","champ:AdrenalArmor"],"picked":"champ:LastStand","floor":15},{"not_picked":["champ:ShieldSlam","champ:Devastate"],"picked":"champ:MurderStrike","floor":16}],"player_experience":546856,"relics_obtained":[{"floor":4,"key":"Replay:Baseball"},{"floor":7,"key":"Boot"},{"floor":9,"key":"Replay:Bottled Flurry"}],"event_choices":[{"cards_removed":["champ:Defend"],"damage_healed":0,"gold_gain":0,"player_choice":"Card Removal","damage_taken":0,"max_hp_gain":0,"max_hp_loss":0,"event_name":"The Cleric","floor":5,"gold_loss":0},{"damage_healed":0,"gold_gain":0,"player_choice":"Success","damage_taken":7,"relics_obtained":["infinitespire:Midas Blood"],"max_hp_gain":0,"max_hp_loss":0,"event_name":"Scrap Ooze","floor":6,"gold_loss":0},{"cards_removed":["champ:Defend"],"damage_healed":0,"gold_gain":0,"player_choice":"Purged","damage_taken":0,"max_hp_gain":0,"max_hp_loss":0,"event_name":"Purifier","floor":12,"gold_loss":0}],"is_beta":false,"boss_relics":[{"not_picked":["halation:LoveArrow","halation:ForbiddenBikini"],"picked":"Empty Cage"}],"items_purged_floors":[],"is_endless":false,"potions_floor_spawned":[4,9,11,14,15],"ascension_level":0}}