{"host":"qbnk2vkaq38efxaz","time":1608336558,"event":{"mods":["BaseMod","Minty Spire (QoL Compilation)"],"gold_per_floor":[112,131,148,168,118,149,149,164,164,184,216,18,31,64,64,64,64],"floor_reached":16,"playtime":1563,"items_purged":["Strike_R"],"score":136,"play_id":"564aa476-5488-499b-946a-723b0e6c9a0a","local_time":"20201218160918","is_ascension_mode":true,"campfire_choices":[{"floor":7,"key":"REST"},{"data":"Corruption","floor":15,"key":"SMITH"}],"circlet_count":0,"master_deck":["Strike_R","Strike_R","Strike_R","Defend_R","Defend_R","Defend_R","Defend_R","Bash","Madness","Iron Wave","Shrug It Off","Disarm","Fire Breathing","Seeing Red","Ghostly Armor","Infernal Blade","Ghostly Armor","Corruption+1"],"relics":["Burning Blood","Pen Nib","Smiling Mask","Bag of Preparation","Lee\u0027s Waffle","White Beast Statue"],"acts_visited":["Exordium"],"potions_floor_usage":[11,11,16],"damage_taken":[{"damage":5,"enemies":"2 Louse","floor":1,"turns":4},{"damage":3,"enemies":"Small Slimes","floor":2,"turns":4},{"damage":11,"enemies":"Jaw Worm","floor":3,"turns":4},{"damage":32,"enemies":"Gremlin Gang","floor":4,"turns":7},{"damage":32,"enemies":"Lagavulin","floor":6,"turns":12},{"damage":19,"enemies":"2 Fungi Beasts","floor":8,"turns":6},{"damage":15,"enemies":"3 Louse","floor":10,"turns":5},{"damage":21,"enemies":"Gremlin Nob","floor":11,"turns":6},{"damage":0,"enemies":"Looter","floor":13,"turns":2},{"damage":43,"enemies":"Lagavulin","floor":14,"turns":15},{"damage":52,"enemies":"The Guardian","floor":16,"turns":10}],"seed_played":"-7317769881440867171","potions_obtained":[{"floor":3,"key":"ElixirPotion"},{"floor":6,"key":"PowerPotion"},{"floor":10,"key":"DistilledChaos"},{"floor":13,"key":"Swift Potion"}],"is_trial":false,"path_per_floor":["M","M","M","M","?","E","R","M","T","M","E","$","M","E","R","B"],"character_chosen":"IRONCLAD","items_purchased":["Lee\u0027s Waffle"],"campfire_rested":1,"item_purchase_floors":[12],"current_hp_per_floor":[80,80,75,49,49,23,47,34,34,25,10,87,87,50,50,0,0],"gold":64,"neow_bonus":"RANDOM_COLORLESS","is_daily":false,"chose_seed":false,"campfire_upgraded":1,"win_rate":0.0,"timestamp":1608336558,"path_taken":["M","M","M","M","?","E","R","M","T","M","E","$","M","E","R","BOSS"],"items_purchased_type":["Relic"],"build_version":"2020-12-13","purchased_purges":1,"victory":false,"max_hp_per_floor":[80,80,80,80,80,80,80,80,80,80,80,87,87,87,87,87,87],"card_choices":[{"not_picked":["Purity","Jack Of All Trades"],"picked":"Madness","floor":0},{"not_picked":["Clothesline","Sword Boomerang"],"picked":"Iron Wave","floor":1},{"not_picked":["Body Slam","Perfected Strike"],"picked":"Shrug It Off","floor":2},{"not_picked":["Warcry","Entrench"],"picked":"Disarm","floor":3},{"not_picked":["Reckless Charge","Headbutt"],"picked":"Fire Breathing","floor":4},{"not_picked":["Battle Trance","Warcry"],"picked":"Seeing Red","floor":6},{"not_picked":["Uppercut","Rampage"],"picked":"Ghostly Armor","floor":8},{"not_picked":["Seeing Red","Armaments"],"picked":"Infernal Blade","floor":10},{"not_picked":["Pommel Strike","Body Slam"],"picked":"Ghostly Armor","floor":11},{"not_picked":["Anger","Sword Boomerang","Cleave"],"picked":"SKIP","floor":13},{"not_picked":["Clash","Armaments"],"picked":"Corruption","floor":14}],"player_experience":59038,"relics_obtained":[{"floor":6,"key":"Pen Nib"},{"floor":9,"key":"Smiling Mask"},{"floor":11,"key":"Bag of Preparation"},{"floor":14,"key":"White Beast Statue"}],"event_choices":[{"cards_removed":["Strike_R"],"damage_healed":0,"gold_gain":0,"player_choice":"Card Removal","damage_taken":0,"max_hp_gain":0,"max_hp_loss":0,"event_name":"The Cleric","floor":5,"gold_loss":50}],"is_beta":false,"boss_relics":[],"items_purged_floors":[12],"is_endless":false,"potions_floor_spawned":[3,6,10,13],"killed_by":"The Guardian","ascension_level":2}}