{"host":"g53g9qlo34vrqi92","time":1608348626,"event":{"mods":["Aspiration","Bard","BaseMod","Beaked The Cultist","BetterRewards","Colored Map","Conspire","Energized Spire","Fiend Mod","GifTheSpireLib","Googly Eyes","Gremlin Skip","Halation","Hermit","Hubris","Infinite Spire","Jedi Mod","Minty Spire (QoL Compilation)","Permanent Neow","Quick Restart","Relic Filter","Replay The Spire","Spikes Relics","StSLib","Stuff the Spire","Synergy Search","The Bladedancer","The Bug Knight","The Construct","The Cursed","The Factory","The Forsaken","The Jungle","The Necromancer","The Spell Scribe","The Trickster","Trackpad","slay the spire mod where everything is the same but ironclad has a cowboy hat","vexMod"],"gold_per_floor":[109,34,53,3,3,28,28,53,53,72,72,83,83,101,101,203,869,889,524,537,17,31,60,60,78,127,178,198,198,208,228,228,323,323,333,333,112,126,126,126,142,142,142],"floor_reached":42,"playtime":2350,"items_purged":["Replay:Hysterical Blindness","Strike_G"],"score":505,"play_id":"9be93d98-5901-4c51-b674-85de84ec1af6","local_time":"20201218193026","is_ascension_mode":false,"campfire_choices":[{"data":"Draining Mist","floor":11,"key":"SMITH"},{"data":"The Bomb","floor":13,"key":"SMITH"},{"floor":15,"key":"REST"},{"data":"Fluid Movement","floor":15,"key":"SMITH"},{"data":"ReplayUltimateDefense","floor":24,"key":"SMITH"},{"floor":29,"key":"REST"},{"floor":29,"key":"RECALL"},{"data":"Neutralize","floor":32,"key":"SMITH"},{"data":"Fluid Movement","floor":40,"key":"SMITH"}],"circlet_count":0,"master_deck":["Strike_G","Strike_G","Strike_G","Strike_G","Defend_G","Defend_G","Defend_G","Defend_G","Defend_G","Survivor","Neutralize+1","The Bomb+1","Draining Mist+1","Backflip","Hidden Blade","Fluid Movement+1","Quick Slash","StuffTheSpire:Injection","Backstab","Fluid Movement+1","Die Die Die","StuffTheSpire:Python","Dash","ReplayUltimateDefense+1","Noxious Fumes","Cloak And Dagger+1","Deadly Poison","Leg Sweep","Bane","After Image","Noxious Fumes","ReplayTheSpireMod:Speed Training+1","PanicButton","Deflect+1"],"relics":["Ring of the Snake","Replay:Accelerometer","infinitespire:Magic Flask","infinitespire:ShieldingShard","vexMod:RockOfEvil","vexMod:PlasmaPancake","SpikesRelics:DaevaFist","trackpad:IceCube","StuffTheSpire:HeavyRock","energizedSpire:SpiderWeb","ReplayFunnel"],"acts_visited":["Exordium","TheCity","TheBeyond"],"potions_floor_usage":[14,23,30,33,42],"damage_taken":[{"damage":4,"enemies":"Small Slimes","floor":1,"turns":4},{"damage":5,"enemies":"Jaw Worm","floor":3,"turns":5},{"damage":0,"enemies":"HollowMod:MossKnight","floor":6,"turns":5},{"damage":7,"enemies":"Replay:BlueRogue","floor":8,"turns":7},{"damage":0,"enemies":"Cultist","floor":10,"turns":3},{"damage":3,"enemies":"Exordium Thugs","floor":12,"turns":4},{"damage":22,"enemies":"Gremlin Gang","floor":14,"turns":6},{"damage":10,"enemies":"Hexaghost","floor":16,"turns":10},{"damage":16,"enemies":"Spheric Guardian","floor":18,"turns":6},{"damage":6,"enemies":"3 Byrds","floor":20,"turns":3},{"damage":1,"enemies":"Snake Plant","floor":22,"turns":4},{"damage":0,"enemies":"Slavers","floor":23,"turns":4},{"damage":0,"enemies":"Cultist and Chosen","floor":25,"turns":4},{"damage":6,"enemies":"Centurion and Healer","floor":28,"turns":9},{"damage":7,"enemies":"conspire:HollyBat","floor":30,"turns":8},{"damage":0,"enemies":"Snecko","floor":31,"turns":5},{"damage":19,"enemies":"Champ","floor":33,"turns":21},{"damage":5,"enemies":"3 Darklings","floor":35,"turns":7},{"damage":0,"enemies":"Orb Walker","floor":38,"turns":5},{"damage":0,"enemies":"Maw","floor":41,"turns":11},{"damage":72,"enemies":"Giant Head","floor":42,"turns":8}],"seed_played":"5209888694486242413","potions_obtained":[{"floor":6,"key":"Adrenaline Potion"},{"floor":8,"key":"construct:ShiftPotion"},{"floor":16,"key":"DuplicationPotion"},{"floor":20,"key":"Reflective Coating"},{"floor":23,"key":"FearPotion"},{"floor":28,"key":"Adrenaline Potion"},{"floor":31,"key":"Flashbang"},{"floor":33,"key":"jedi:hoardpotion"},{"floor":36,"key":"LifebloodPotion"},{"floor":36,"key":"Poison Potion"},{"floor":36,"key":"Elixir"}],"is_trial":false,"path_per_floor":["M","$","M","$","?","E","$","E","T","M","R","M","R","M","R","B",null,"M","$","M","$","M","E","R","M","T","T","M","R","M","M","R","B",null,"M","?","$","M","?","R","M","E"],"character_chosen":"THE_SILENT","items_purchased":["Hidden Blade","Dash","ReplayUltimateDefense","vexMod:PlasmaPancake","SpikesRelics:DaevaFist","Noxious Fumes","Noxious Fumes","ReplayFunnel"],"campfire_rested":2,"item_purchase_floors":[4,19,19,21,21,21,37,37],"current_hp_per_floor":[66,66,61,61,61,61,61,54,54,54,54,51,51,29,50,40,70,54,54,48,54,53,53,53,53,53,53,47,69,62,62,62,43,76,71,71,71,71,71,71,71,0,0],"gold":142,"neow_bonus":"RANDOM_COLORLESS_2","is_daily":false,"chose_seed":false,"campfire_upgraded":6,"win_rate":0.0,"timestamp":1608348626,"path_taken":["M","$","M","$","?","E","?","E","T","?","R","M","R","M","R","BOSS","M","$","M","$","M","E","R","?","T","?","M","R","M","M","R","BOSS","M","?","$","?","?","R","M","E"],"items_purchased_type":["Card","Card","Card","Relic","Relic","Card","Card","Relic"],"build_version":"2020-12-13","purchased_purges":2,"victory":false,"max_hp_per_floor":[70,70,70,70,70,70,70,70,70,70,70,70,70,70,70,70,70,70,70,70,76,76,76,76,76,76,76,76,76,76,76,76,76,76,76,76,76,76,76,76,76,76,76],"card_choices":[{"not_picked":["hubris:EnhanceAbility","Panache"],"picked":"The Bomb","floor":0},{"not_picked":["Dagger Spray","Dodge and Roll"],"picked":"Draining Mist","floor":1},{"not_picked":["Flying Knee","Calculated Gamble"],"picked":"Backflip","floor":3},{"not_picked":["PiercingWail","Acrobatics"],"picked":"Fluid Movement","floor":6},{"not_picked":["hubris:Sniper","Acrobatics"],"picked":"Quick Slash","floor":8},{"not_picked":["StuffTheSpire:Shiver","aspiration:Lunge"],"picked":"StuffTheSpire:Injection","floor":10},{"not_picked":["Acrobatics","Setup"],"picked":"Backstab","floor":12},{"not_picked":["Poisoned Stab","Underhanded Strike"],"picked":"Fluid Movement","floor":14},{"not_picked":["Unload","Storm of Steel"],"picked":"Die Die Die","floor":16},{"not_picked":["Sucker Punch","Slice"],"picked":"StuffTheSpire:Python","floor":18},{"not_picked":["hubris:SlightOfHand","ReplayTheSpireMod:Tripwire","Outmaneuver"],"picked":"SKIP","floor":20},{"not_picked":["Dagger Throw","Outmaneuver"],"picked":"Cloak And Dagger+1","floor":22},{"not_picked":["Outmaneuver+1","Calculated Gamble+1"],"picked":"Deadly Poison","floor":23},{"not_picked":["Blade Dance","Dagger Throw+1","Outmaneuver"],"picked":"SKIP","floor":25},{"not_picked":["jedi:studyshivs","Hidden Blade"],"picked":"Leg Sweep","floor":28},{"not_picked":["Flying Knee","ReplayTheSpireMod:Shiv Toss+1"],"picked":"Bane","floor":30},{"not_picked":["StuffTheSpire:BumpUp","Slice","Concentrate+1"],"picked":"SKIP","floor":31},{"not_picked":["Doppelganger","jedi:studyshivs"],"picked":"After Image","floor":33},{"not_picked":["Flying Knee+1","jedi:acidrain+1","StuffTheSpire:ReptileScales"],"picked":"SKIP","floor":35},{"not_picked":["Accuracy+1","Underhanded Strike+1"],"picked":"ReplayTheSpireMod:Speed Training+1","floor":38},{"not_picked":["hubris:Sniper+1","StuffTheSpire:BumpUp"],"picked":"Deflect+1","floor":41}],"player_experience":1001017,"relics_obtained":[{"floor":6,"key":"Replay:Accelerometer"},{"floor":8,"key":"infinitespire:Magic Flask"},{"floor":9,"key":"infinitespire:ShieldingShard"},{"floor":23,"key":"trackpad:IceCube"},{"floor":27,"key":"StuffTheSpire:HeavyRock"}],"event_choices":[{"damage_healed":0,"gold_gain":0,"player_choice":"Got Potions","damage_taken":0,"max_hp_gain":0,"max_hp_loss":0,"event_name":"Lab","floor":36,"gold_loss":0},{"damage_healed":0,"gold_gain":0,"player_choice":"1 cards matched","damage_taken":0,"max_hp_gain":0,"max_hp_loss":0,"event_name":"Match and Keep!","floor":39,"gold_loss":0,"cards_obtained":["PanicButton"]}],"is_beta":false,"boss_relics":[{"not_picked":["vexMod:BigBerry","energizedSpire:PogoStick"],"picked":"vexMod:RockOfEvil"},{"not_picked":["WristBlade","jedi:battlestandard"],"picked":"energizedSpire:SpiderWeb"}],"items_purged_floors":[2,19],"is_endless":false,"potions_floor_spawned":[6,8,16,20,23,28,31,33,41],"killed_by":"Giant Head","ascension_level":0}}