{"host":"z7uf2ohomj0wklrw","time":1608362079,"event":{"mods":["BaseMod","Downfall","Minty Spire (QoL Compilation)","StSLib"],"gold_per_floor":[99,124,124,124,139,156,156,81,115,115,125,125,141,25,40,138,138,138,34,67,67,92,92,92,92,107,139,139,139,153,153,171,274,274,274,300,300,300,314,333,415,435,435,464,484,503,553,603,615,615],"floor_reached":51,"playtime":3081,"items_purged":["Regret"],"score":940,"play_id":"848b9f9f-a038-4cad-af29-c4bf5bf30f0f","local_time":"20201219001439","is_ascension_mode":true,"campfire_choices":[{"floor":1,"key":"RECALL"},{"data":"champ:AdrenalArmor","floor":8,"key":"SMITH"},{"data":"champ:FlashCut","floor":10,"key":"SMITH"},{"data":"champ:VampiricStrike","floor":18,"key":"SMITH"},{"data":"champ:PerfectForm","floor":23,"key":"SMITH"},{"data":"champ:Haymaker","floor":25,"key":"SMITH"},{"data":"champ:PerfectForm","floor":35,"key":"SMITH"},{"data":"champ:Taunt","floor":37,"key":"SMITH"},{"data":"champ:BladeFlurry","floor":43,"key":"SMITH"}],"circlet_count":0,"master_deck":["champ:Strike","champ:Strike","champ:Strike","champ:Strike+1","champ:Defend","champ:Defend","champ:Defend","champ:Defend+1","champ:Execute","champ:Taunt+1","champ:DefensiveShout+1","champ:AdrenalArmor+1","champ:PerfectedStrike","champ:FlashCut+1","champ:PerfectedStrike","champ:Improvising","champ:Haymaker+1","champ:Circumvent","champ:VampiricStrike+1","champ:FocusedBerserking+1","expansioncontent:DarkVoid","champ:PerfectForm+1","champ:ShieldThrow","hexamod:Haunted","champ:SwordSigil+1","champ:ShieldWall","Shame","champ:PerfectedStrike+1","champ:PerfectForm+1","champ:BladeFlurry+1","Normality","champ:ShieldThrow","champ:BladeFlurry+1","champ:EnchantCrown"],"relics":["Snecko Eye","Orichalcum","Darkstone Periapt","Pantograph","downfall:HeartBlessingRed","Centennial Puzzle","champ:LiftRelic","Cursed Key","Bag of Preparation","Nilry\u0027s Codex","PreservedInsect","Ornamental Fan","Potion Belt","Eternal Feather","Anchor","Coffee Dripper","Dead Branch","StrikeDummy","HornCleat","TungstenRod","champ:GladiatorsBookOfMartialProwess","StoneCalendar"],"acts_visited":["Exordium","TheCity","TheBeyond"],"potions_floor_usage":[20,22,27],"damage_taken":[{"damage":55,"enemies":"Lagavulin","floor":2,"turns":8},{"damage":16,"enemies":"Small Slimes","floor":5,"turns":3},{"damage":13,"enemies":"Jaw Worm","floor":6,"turns":3},{"damage":29,"enemies":"3 Sentries","floor":9,"turns":5},{"damage":0,"enemies":"2 Louse","floor":11,"turns":1},{"damage":10,"enemies":"Large Slime","floor":13,"turns":4},{"damage":10,"enemies":"downfall:FleeingMerchant","floor":14,"turns":4},{"damage":5,"enemies":"Lots of Slimes","floor":15,"turns":3},{"damage":15,"enemies":"downfall:Silent","floor":16,"turns":3},{"damage":11,"enemies":"downfall:FleeingMerchant","floor":19,"turns":4},{"damage":11,"enemies":"Book of Stabbing","floor":20,"turns":4},{"damage":15,"enemies":"Gremlin Leader","floor":22,"turns":5},{"damage":33,"enemies":"Spheric Guardian","floor":26,"turns":3},{"damage":30,"enemies":"Book of Stabbing","floor":27,"turns":3},{"damage":14,"enemies":"3 Byrds","floor":30,"turns":4},{"damage":7,"enemies":"Centurion and Healer","floor":32,"turns":3},{"damage":81,"enemies":"downfall:Watcher","floor":33,"turns":5},{"damage":37,"enemies":"Giant Head","floor":36,"turns":5},{"damage":22,"enemies":"3 Shapes","floor":39,"turns":3},{"damage":13,"enemies":"Orb Walker","floor":40,"turns":1},{"damage":21,"enemies":"Sphere and 2 Shapes","floor":42,"turns":3},{"damage":17,"enemies":"Reptomancer","floor":44,"turns":2},{"damage":16,"enemies":"Jaw Worm Horde","floor":45,"turns":2},{"damage":22,"enemies":"4 Shapes","floor":46,"turns":3},{"damage":29,"enemies":"Mind Bloom Boss Battle","floor":47,"turns":4},{"damage":30,"enemies":"2 Orb Walkers","floor":48,"turns":3},{"damage":56,"enemies":"Transient","floor":49,"turns":5},{"damage":21,"enemies":"downfall:Defect","floor":50,"turns":4}],"seed_played":"-1519215359997630963","potions_obtained":[{"floor":2,"key":"Dexterity Potion"},{"floor":9,"key":"Weak Potion"},{"floor":11,"key":"PowerPotion"},{"floor":15,"key":"Guardian:BlockOnCardUsePotion"},{"floor":22,"key":"Block Potion"},{"floor":26,"key":"LiquidBronze"},{"floor":27,"key":"ColorlessPotion"},{"floor":29,"key":"CultistPotion"},{"floor":40,"key":"sneckomod:MuddlingPotion"},{"floor":46,"key":"hexamod:EctoCoolerPotion"}],"is_trial":false,"path_per_floor":["R","E","?","?","M","M","T","R","E","R","M","?","M","$","M","B",null,"R","$","E","?","E","R","T","R","M","E","?","?","M","?","M","B",null,"R","E","R","?","M","M","T","M","R","E","M","M","?","?","M","B",null],"character_chosen":"THE_CHAMP","items_purchased":["champ:Circumvent","expansioncontent:DarkVoid"],"campfire_rested":0,"item_purchase_floors":[14,19],"current_hp_per_floor":[90,50,47,53,42,39,39,39,29,29,29,29,19,18,18,33,96,96,96,89,73,80,80,86,86,86,102,108,108,108,108,108,108,108,108,108,108,108,108,108,114,114,114,114,114,104,114,108,114,114],"gold":615,"neow_bonus":"BOSS_RELIC","is_daily":false,"chose_seed":false,"campfire_upgraded":8,"win_rate":0.0,"timestamp":1608362079,"path_taken":["R","E","?","?","?","M","T","R","E","R","M","?","M","$","M","BOSS","R","$","E","?","E","R","T","R","M","E","?","?","M","?","M","BOSS","R","E","R","?","M","M","T","M","R","E","M","?","?","?","M","BOSS"],"items_purchased_type":["Card","Card"],"build_version":"2020-12-13","purchased_purges":1,"victory":true,"max_hp_per_floor":[90,90,90,96,96,96,96,96,96,96,96,96,96,96,96,96,96,96,96,96,96,96,96,102,102,102,102,108,108,108,108,108,108,108,108,108,108,108,108,108,114,114,114,114,114,114,114,114,114,114],"card_choices":[{"not_picked":["champ:FightOn","champ:BringItOn"],"picked":"champ:DefensiveShout","floor":2},{"not_picked":["champ:FocusedGladiator","champ:Backstep"],"picked":"champ:AdrenalArmor","floor":5},{"not_picked":["champ:BerserkersShout","champ:RapidStrikes"],"picked":"champ:PerfectedStrike","floor":6},{"not_picked":["champ:BerserkersShout","champ:BringItOn"],"picked":"champ:FlashCut","floor":9},{"not_picked":["champ:DefensiveShout","champ:HeartStrike"],"picked":"champ:PerfectedStrike","floor":11},{"not_picked":["champ:EndlessRage","champ:CalledShot"],"picked":"champ:Improvising","floor":13},{"not_picked":["champ:FocusedDefense","champ:SkillfulDodge"],"picked":"champ:Haymaker","floor":14},{"not_picked":["champ:AdrenalArmor","champ:FaceSlap","champ:Haymaker"],"picked":"SKIP","floor":15},{"not_picked":["champ:DancingMaster","champ:EnchantShield"],"picked":"champ:VampiricStrike","floor":16},{"not_picked":["champ:FanOfKnives","champ:RapidStrikes"],"picked":"champ:FocusedBerserking+1","floor":19},{"not_picked":["champ:Encircle","champ:Aggression"],"picked":"champ:PerfectForm","floor":20},{"not_picked":["champ:DefensiveStyle+1","champ:ShieldWall"],"picked":"champ:ShieldThrow","floor":22},{"not_picked":["champ:IronFortress","champ:Backstep+1"],"picked":"champ:SwordSigil+1","floor":26},{"not_picked":["champ:HeartStrike","champ:Backstep"],"picked":"champ:ShieldWall","floor":27},{"not_picked":["champ:BringItOn","champ:Balance"],"picked":"champ:PerfectedStrike+1","floor":30},{"not_picked":["champ:BringItOn+1","champ:Encircle","champ:Aggression"],"picked":"SKIP","floor":32},{"not_picked":["champ:HeavySlash","champ:VampiricStrike"],"picked":"champ:PerfectForm","floor":33},{"not_picked":["champ:HeartStrike","champ:PerfectedStrike","champ:CrookedStrike"],"picked":"SKIP","floor":36},{"not_picked":["champ:Balance+1","champ:StanceDance+1"],"picked":"champ:BladeFlurry","floor":39},{"not_picked":["champ:RapidStrikes","champ:BringItOn+1","champ:Circumvent"],"picked":"SKIP","floor":40},{"not_picked":["champ:PreciseThrust+1","champ:FanOfKnives+1","champ:GladiatorsShout"],"picked":"SKIP","floor":42},{"not_picked":["champ:FaceSlap+1","champ:PerfectedStrike","champ:CalledShot+1"],"picked":"SKIP","floor":44},{"not_picked":["champ:FaceSlap","champ:StanceDance+1","champ:EndlessRage+1"],"picked":"SKIP","floor":45},{"not_picked":["champ:SwordSigil+1","champ:ShieldSigil","champ:BerserkersShout+1"],"picked":"SKIP","floor":46},{"not_picked":["champ:Haymaker","champ:EnGarde"],"picked":"champ:ShieldThrow","floor":47},{"not_picked":["champ:SwordSigil","champ:Haymaker"],"picked":"champ:BladeFlurry+1","floor":48},{"not_picked":["champ:Circumvent","champ:BerserkersShout+1"],"picked":"champ:EnchantCrown","floor":49}],"player_experience":995003,"relics_obtained":[{"floor":2,"key":"Orichalcum"},{"floor":7,"key":"Pantograph"},{"floor":9,"key":"Centennial Puzzle"},{"floor":20,"key":"Bag of Preparation"},{"floor":21,"key":"Nilry\u0027s Codex"},{"floor":22,"key":"PreservedInsect"},{"floor":24,"key":"Ornamental Fan"},{"floor":27,"key":"Potion Belt"},{"floor":36,"key":"Dead Branch"},{"floor":38,"key":"StrikeDummy"},{"floor":41,"key":"HornCleat"},{"floor":44,"key":"TungstenRod"},{"floor":47,"key":"champ:GladiatorsBookOfMartialProwess"},{"floor":48,"key":"StoneCalendar"}],"event_choices":[{"damage_healed":0,"gold_gain":0,"player_choice":"Success","damage_taken":3,"relics_obtained":["Darkstone Periapt"],"max_hp_gain":0,"max_hp_loss":0,"event_name":"Scrap Ooze","floor":3,"gold_loss":0},{"damage_healed":0,"gold_gain":0,"player_choice":"Stole Relic","damage_taken":0,"relics_obtained":["Eternal Feather"],"max_hp_gain":0,"max_hp_loss":0,"event_name":"Addict","floor":28,"gold_loss":0,"cards_obtained":["Shame"]},{"damage_healed":0,"gold_gain":0,"player_choice":"Relic","damage_taken":0,"max_hp_gain":0,"max_hp_loss":0,"event_name":"Wheel of Change","floor":38,"gold_loss":0},{"damage_healed":0,"gold_gain":0,"player_choice":"Fight","damage_taken":0,"max_hp_gain":0,"max_hp_loss":0,"event_name":"Mysterious Sphere","floor":48,"gold_loss":0}],"is_beta":false,"boss_relics":[{"not_picked":["Astrolabe","Runic Dome"],"picked":"Cursed Key"},{"not_picked":["Black Star","Empty Cage"],"picked":"Coffee Dripper"}],"items_purged_floors":[14],"is_endless":false,"potions_floor_spawned":[2,9,11,15,22,26,27,40,42,44,46,47],"ascension_level":1}}