{"host":"1tl36azeqm6yhdgj","time":1608378520,"event":{"mods":["AchievementEnabler","BaseMod","Minty Spire (QoL Compilation)","StSLib","The IronCluck","everything is the same but u backflip on backflip"],"gold_per_floor":[361,361,380,380,399,399,27,78,78,104,121,121,141,197,197,298,298,333,54,79,38,73,73,106,106,106,137,137,137,149,99,99,173,173,186,408,422,422,422,422,422],"floor_reached":40,"playtime":1212,"items_purged":["Decay","Strike_R"],"score":817,"play_id":"d05aa7c0-ac54-4614-a72c-8f6d33db09bf","local_time":"20201219064840","is_ascension_mode":true,"campfire_choices":[{"data":"Uppercut","floor":6.0,"key":"SMITH"},{"data":"HandOfGreed","floor":12.0,"key":"SMITH"},{"floor":15.0,"key":"REST"},{"data":"Immolate","floor":23.0,"key":"SMITH"},{"data":"Limit Break","floor":25.0,"key":"SMITH"},{"floor":32.0,"key":"REST"}],"circlet_count":0,"master_deck":["AscendersBane","Bash","Shrug It Off+1","Uppercut+1","Cleave","HandOfGreed+1","Dark Shackles","Limit Break+1","Feel No Pain","Flex","Immolate+1","Spot Weakness","Disarm","Feed","Corruption","Metallicize","Feed","Dual Wield","Iron Wave","Combust","Reaper","Fire Breathing","The Bomb","Secret Technique","Sadistic Nature"],"relics":["Burning Blood","Incense Burner","StoneCalendar","Bag of Marbles","Anchor","Singing Bowl","Empty Cage","Shuriken","Red Mask","Smiling Mask","Torii","Juzu Bracelet","Pandora\u0027s Box"],"acts_visited":["Exordium","TheCity","TheBeyond"],"potions_floor_usage":[40],"damage_taken":[{"damage":9.0,"enemies":"2 Louse","floor":1.0,"turns":3.0},{"damage":8.0,"enemies":"Cultist","floor":3.0,"turns":4.0},{"damage":0.0,"enemies":"Small Slimes","floor":5.0,"turns":3.0},{"damage":31.0,"enemies":"3 Sentries","floor":8.0,"turns":9.0},{"damage":17.0,"enemies":"Lagavulin","floor":10.0,"turns":7.0},{"damage":0.0,"enemies":"Looter","floor":11.0,"turns":3.0},{"damage":0.0,"enemies":"Blue Slaver","floor":13.0,"turns":2.0},{"damage":9.0,"enemies":"Gremlin Nob","floor":14.0,"turns":3.0},{"damage":28.0,"enemies":"The Guardian","floor":16.0,"turns":11.0},{"damage":22.0,"enemies":"Spheric Guardian","floor":18.0,"turns":6.0},{"damage":0.0,"enemies":"Masked Bandits","floor":20.0,"turns":1.0},{"damage":12.0,"enemies":"Shell Parasite","floor":22.0,"turns":5.0},{"damage":21.0,"enemies":"Slavers","floor":24.0,"turns":2.0},{"damage":12.0,"enemies":"Book of Stabbing","floor":27.0,"turns":5.0},{"damage":15.0,"enemies":"Shelled Parasite and Fungi","floor":30.0,"turns":4.0},{"damage":10.0,"enemies":"Champ","floor":33.0,"turns":10.0},{"damage":14.0,"enemies":"3 Shapes","floor":35.0,"turns":3.0},{"damage":30.0,"enemies":"3 Darklings","floor":37.0,"turns":6.0},{"damage":82,"enemies":"Nemesis","floor":40,"turns":6}],"seed_played":"1796784599692619506","potions_obtained":[{"floor":5.0,"key":"EssenceOfSteel"},{"floor":8.0,"key":"ColorlessPotion"},{"floor":10.0,"key":"SmokeBomb"},{"floor":14.0,"key":"CultistPotion"},{"floor":24.0,"key":"Strength Potion"},{"floor":27.0,"key":"Explosive Potion"},{"floor":30.0,"key":"Energy Potion"},{"floor":37.0,"key":"SteroidPotion"}],"is_trial":false,"path_per_floor":["M","?","M","T","M","R","$","E","T","E","M","R","M","E","R","B",null,"M","$","?","$","M","R","E","R","T","E","?","?","M","$","R","B",null,"M","?","M","?","?","E"],"character_chosen":"IRONCLAD","items_purchased":["HandOfGreed","Dark Shackles","Shuriken","Spot Weakness"],"campfire_rested":2,"item_purchase_floors":[7,7,19,21],"current_hp_per_floor":[65,65,63,63,69,69,69,44,44,33,39,39,45,44,67,45,69,55,55,63,63,59,59,44,44,44,38,38,38,34,34,60,59,83,78,78,70,70,60,0,0],"gold":422,"neow_bonus":"TWO_FIFTY_GOLD","is_daily":false,"chose_seed":false,"campfire_upgraded":4,"win_rate":0.0,"timestamp":1608378520,"path_taken":["M","?","?","?","M","R","$","E","T","E","M","R","M","E","R","BOSS","M","$","?","$","M","R","E","R","T","E","?","?","M","?","R","BOSS","M","?","M","?","?","E"],"items_purchased_type":["Card","Card","Relic","Card"],"build_version":"2020-12-13","purchased_purges":2,"victory":false,"max_hp_per_floor":[75,75,75,75,75,75,75,75,75,75,75,75,75,77,77,77,77,79,79,81,81,83,83,83,83,83,83,83,83,88,88,88,91,91,94,94,94,94,94,94,94],"card_choices":[{"not_picked":["Perfected Strike","Havoc"],"picked":"Shrug It Off","floor":1.0},{"not_picked":["Rampage","Armaments"],"picked":"Uppercut","floor":3.0},{"not_picked":["Flex","Sword Boomerang"],"picked":"Cleave","floor":5.0},{"not_picked":["Bloodletting","Second Wind","Evolve"],"picked":"SKIP","floor":8.0},{"not_picked":["Perfected Strike","Dual Wield"],"picked":"Limit Break","floor":10.0},{"not_picked":["Whirlwind","Flame Barrier"],"picked":"Feel No Pain","floor":11.0},{"not_picked":["Armaments","Hemokinesis"],"picked":"Flex","floor":13.0},{"not_picked":["Evolve","Whirlwind","Twin Strike"],"picked":"Singing Bowl","floor":14.0},{"not_picked":["Barricade","Demon Form"],"picked":"Immolate","floor":16.0},{"not_picked":["Warcry+1","Rampage","Combust+1"],"picked":"Singing Bowl","floor":18.0},{"not_picked":["Heavy Blade","Burning Pact","Battle Trance+1"],"picked":"Singing Bowl","floor":20.0},{"not_picked":["Perfected Strike","Power Through+1","Rampage"],"picked":"Singing Bowl","floor":22.0},{"not_picked":["Pummel","Intimidate"],"picked":"Disarm","floor":24.0},{"not_picked":["Cleave","Combust+1"],"picked":"Feed","floor":27.0},{"not_picked":["Thunderclap","Entrench","Flex"],"picked":"Singing Bowl","floor":30.0},{"not_picked":["Offering","Brutality"],"picked":"Corruption","floor":33.0},{"not_picked":["Entrench","Rage"],"picked":"Metallicize","floor":35.0},{"not_picked":["Intimidate","Cleave"],"picked":"Fire Breathing","floor":37.0},{"not_picked":["Panacea","Deep Breath"],"picked":"The Bomb","floor":39.0},{"not_picked":["Impatience","Mayhem"],"picked":"Secret Technique","floor":39.0},{"not_picked":["Purity","PanicButton"],"picked":"Sadistic Nature","floor":39.0}],"player_experience":1967936,"relics_obtained":[{"floor":4.0,"key":"Incense Burner"},{"floor":8.0,"key":"StoneCalendar"},{"floor":9.0,"key":"Bag of Marbles"},{"floor":10.0,"key":"Anchor"},{"floor":14.0,"key":"Singing Bowl"},{"floor":20.0,"key":"Red Mask"},{"floor":24.0,"key":"Smiling Mask"},{"floor":26.0,"key":"Torii"},{"floor":27.0,"key":"Juzu Bracelet"}],"event_choices":[{"damage_healed":0.0,"max_hp_gain":0.0,"max_hp_loss":0.0,"gold_gain":0.0,"event_name":"Upgrade Shrine","player_choice":"Upgraded","floor":2.0,"gold_loss":0.0,"damage_taken":0.0,"cards_upgraded":["Shrug It Off"]},{"damage_healed":0.0,"max_hp_gain":0.0,"max_hp_loss":0.0,"gold_gain":0.0,"event_name":"Masked Bandits","player_choice":"Fought Bandits","floor":20.0,"gold_loss":0.0,"damage_taken":0.0},{"damage_healed":0.0,"max_hp_gain":0.0,"max_hp_loss":0.0,"gold_gain":0.0,"event_name":"Vampires","player_choice":"Ignored","floor":28.0,"gold_loss":0.0,"damage_taken":0.0},{"damage_healed":0.0,"max_hp_gain":0.0,"max_hp_loss":0.0,"gold_gain":0.0,"event_name":"Ghosts","player_choice":"Ignored","floor":29.0,"gold_loss":0.0,"damage_taken":0.0},{"damage_healed":0.0,"max_hp_gain":0.0,"max_hp_loss":0.0,"gold_gain":222.0,"event_name":"Tomb of Lord Red Mask","player_choice":"Wore Mask","floor":36.0,"gold_loss":0.0,"damage_taken":0.0},{"cards_removed":["Metallicize"],"damage_healed":0.0,"max_hp_gain":0.0,"max_hp_loss":0.0,"gold_gain":0.0,"event_name":"Falling","player_choice":"Removed Power","floor":38.0,"gold_loss":0.0,"damage_taken":0.0},{"damage_healed":0.0,"max_hp_gain":0.0,"max_hp_loss":0.0,"gold_gain":0.0,"event_name":"SensoryStone","player_choice":"Memory 3","floor":39.0,"gold_loss":0.0,"damage_taken":10.0}],"is_beta":false,"boss_relics":[{"not_picked":["SacredBark","Calling Bell"],"picked":"Empty Cage"},{"not_picked":["Mark of Pain","Snecko Eye"],"picked":"Pandora\u0027s Box"}],"items_purged_floors":[7,31],"is_endless":false,"potions_floor_spawned":[5,8,10,14,24,27,30,37],"killed_by":"Nemesis","ascension_level":16}}