{"host":"ze754j8gfb8asmsl","time":1608348550,"event":{"mods":["BaseMod","Lobotomy","LobotomyExtend","Marisa（F雨　魔理沙）","Minty Spire (QoL Compilation)","Quick Restart","Relic Stats","Replay The Spire","RumiaBox-露米娅的神秘盒子","Shop Mod","StSLib","vexMod","【东方二次创作】八云紫mod","【功能Mod】混沌之环修复补丁","【遗物卡牌】REMEMod"],"gold_per_floor":[111,111,130,130,305,305,305,305],"floor_reached":7,"playtime":354,"items_purged":[],"score":60,"play_id":"74f03737-3da3-4e5e-b096-6a5e48770887","local_time":"20201219112910","is_ascension_mode":true,"campfire_choices":[{"data":"Juggernaut","floor":6,"key":"SMITH"}],"circlet_count":0,"master_deck":["AscendersBane","Strike_MRS","Strike_MRS","Strike_MRS","Strike_MRS","Defend_MRS","Defend_MRS","Defend_MRS","Defend_MRS","MasterSpark","UpSweep+1","Juggernaut+1","6A","Doubt"],"relics":["MiniHakkero","REME_ComplimentaryCards","RampagingMagicTools","Runic Pyramid","Baka"],"acts_visited":["Exordium"],"potions_floor_usage":[],"damage_taken":[{"damage":6,"enemies":"2 Louse","floor":1,"turns":3},{"damage":10,"enemies":"Jaw Worm","floor":3,"turns":3},{"damage":53,"enemies":"Gremlin Nob","floor":7,"turns":6}],"seed_played":"7329298202996671200","potions_obtained":[{"floor":3,"key":"GamblersBrew"}],"is_trial":false,"path_per_floor":["M","?","M","?","?","R","E"],"character_chosen":"MARISA","items_purchased":[],"campfire_rested":0,"item_purchase_floors":[],"current_hp_per_floor":[62,62,52,57,57,57,4,4],"gold":305,"neow_bonus":"DOUBLE_BOSS_RELIC","is_daily":false,"chose_seed":false,"campfire_upgraded":1,"win_rate":0.0,"timestamp":1608348550,"path_taken":["M","?","M","?","?","R","E"],"items_purchased_type":[],"build_version":"2020-12-13","purchased_purges":0,"victory":false,"max_hp_per_floor":[75,75,75,80,80,80,80,80],"relic_stats":{"counters":[3,12],"obtain_stats":[{"Baka":1,"MiniHakkero":0,"RampagingMagicTools":0,"REME_ComplimentaryCards":0,"Runic Pyramid":0},{"Baka":1,"MiniHakkero":0,"RampagingMagicTools":0,"REME_ComplimentaryCards":0,"Runic Pyramid":0},{"Baka":3,"MiniHakkero":0,"RampagingMagicTools":0,"REME_ComplimentaryCards":0,"Runic Pyramid":0}]},"card_choices":[{"not_picked":["DoubleSpark","LuminesStrike"],"picked":"PowerUp","floor":1},{"not_picked":["GravityBeat","SporeBomb"],"picked":"6A","floor":3}],"player_experience":116066,"relics_obtained":[{"floor":1,"key":"Baka"}],"event_choices":[{"damage_healed":0,"gold_gain":0,"player_choice":"Donut","damage_taken":0,"max_hp_gain":5,"max_hp_loss":0,"event_name":"Big Fish","floor":4,"gold_loss":0},{"damage_healed":0,"gold_gain":175,"player_choice":"AGREE","damage_taken":0,"max_hp_gain":0,"max_hp_loss":0,"event_name":"Liars Game","floor":5,"gold_loss":0,"cards_obtained":["Doubt"]}],"is_beta":false,"boss_relics":[],"items_purged_floors":[],"is_endless":false,"potions_floor_spawned":[3],"killed_by":"Gremlin Nob","ascension_level":11}}