{"host":"hfxp6ue4pvwo3fit","time":1608370488,"event":{"mods":["AchievementEnabler","BaseMod","Colored Map","Colored Powertips","Highlight Path","Minty Spire (QoL Compilation)","StSLib","SuperFastMode"],"gold_per_floor":[111,125,140,215,215,243,243,278,278,278,243,253,24,40,40,112,112,112,112,112,52,52,52,52,52,52,52,52,52,52,52,52,52,52,52,52,52,52,52],"floor_reached":38,"playtime":1852,"items_purged":[],"score":941,"play_id":"c6f36914-4ff3-463d-805c-81cbaf792267","local_time":"20201219033448","is_ascension_mode":true,"campfire_choices":[{"data":"Fission","floor":7,"key":"SMITH"},{"data":"Coolheaded","floor":10,"key":"SMITH"},{"data":"Defragment","floor":15,"key":"SMITH"},{"floor":25,"key":"REST"},{"data":"Capacitor","floor":28,"key":"SMITH"},{"data":"Hologram","floor":32,"key":"SMITH"}],"circlet_count":0,"master_deck":["AscendersBane","Zap","Dualcast","Gash","Redo","Glacier","Electrodynamics","Steam","Machine Learning","Force Field","Melter","Conserve Battery","Fission+1","Coolheaded+1","Capacitor+1","Barrage","Defragment+1","Cold Snap","Biased Cognition","Steam+1","Capacitor","Hologram+1","Echo Form+1","Creative AI+1","Blizzard+1"],"relics":["Pandora\u0027s Box","Anchor","Question Card","Tiny Chest","DataDisk","Ectoplasm","Lantern","Frozen Egg 2","Pear","Ancient Tea Set","Molten Egg 2","Nuclear Battery"],"acts_visited":["Exordium","TheCity","TheBeyond"],"potions_floor_usage":[6,16,16,27,29,30,36],"damage_taken":[{"damage":15,"enemies":"2 Louse","floor":1,"turns":2},{"damage":3,"enemies":"Small Slimes","floor":2,"turns":3},{"damage":6,"enemies":"Jaw Worm","floor":3,"turns":4},{"damage":11,"enemies":"3 Sentries","floor":6,"turns":4},{"damage":18,"enemies":"Gremlin Nob","floor":8,"turns":5},{"damage":7,"enemies":"Large Slime","floor":12,"turns":6},{"damage":4,"enemies":"Looter","floor":14,"turns":3},{"damage":0,"enemies":"Hexaghost","floor":16,"turns":7},{"damage":0,"enemies":"Spheric Guardian","floor":18,"turns":1},{"damage":0,"enemies":"2 Thieves","floor":21,"turns":3},{"damage":24,"enemies":"Snake Plant","floor":22,"turns":6},{"damage":1,"enemies":"Gremlin Leader","floor":23,"turns":6},{"damage":2,"enemies":"Centurion and Healer","floor":24,"turns":7},{"damage":11,"enemies":"Slavers","floor":27,"turns":3},{"damage":0,"enemies":"Cultist and Chosen","floor":29,"turns":8},{"damage":0,"enemies":"Book of Stabbing","floor":30,"turns":6},{"damage":0,"enemies":"Snecko","floor":31,"turns":4},{"damage":6,"enemies":"Champ","floor":33,"turns":9},{"damage":0,"enemies":"Orb Walker","floor":35,"turns":3},{"damage":15,"enemies":"3 Darklings","floor":36,"turns":4},{"damage":10,"enemies":"Jaw Worm Horde","floor":37,"turns":3},{"damage":50,"enemies":"2 Orb Walkers","floor":38,"turns":6}],"seed_played":"8907191988217324524","potions_obtained":[{"floor":3,"key":"Explosive Potion"},{"floor":8,"key":"FocusPotion"},{"floor":12,"key":"GamblersBrew"},{"floor":21,"key":"PowerPotion"},{"floor":27,"key":"Strength Potion"},{"floor":29,"key":"Weak Potion"},{"floor":33,"key":"DistilledChaos"},{"floor":36,"key":"Dexterity Potion"}],"is_trial":false,"path_per_floor":["M","M","M","?","?","E","R","E","T","R","?","M","$","M","R","B",null,"M","?","T","M","M","E","M","R","T","E","R","M","E","M","R","B",null,"M","M","M","?"],"character_chosen":"DEFECT","items_purchased":["DataDisk","PowerPotion"],"campfire_rested":1,"item_purchase_floors":[13,13],"current_hp_per_floor":[49,46,40,29,52,41,41,23,23,23,40,33,33,29,29,29,61,61,61,61,61,37,36,34,55,65,54,54,54,54,54,54,48,73,73,58,48,0,0],"gold":52,"neow_bonus":"BOSS_RELIC","is_daily":false,"chose_seed":false,"campfire_upgraded":5,"win_rate":0.0,"timestamp":1608370488,"path_taken":["M","M","M","?","?","E","R","E","T","R","?","M","?","M","R","BOSS","M","?","?","M","?","E","M","R","T","E","R","M","E","M","R","BOSS","M","?","M","?"],"items_purchased_type":["Relic","Potion"],"build_version":"2020-12-13","purchased_purges":0,"victory":false,"max_hp_per_floor":[71,71,71,71,71,71,71,71,71,71,71,71,71,71,71,71,71,71,71,71,71,71,71,71,71,81,81,81,81,81,81,81,81,81,81,81,81,81,81],"card_choices":[{"not_picked":["Streamline","Fusion"],"picked":"Conserve Battery","floor":1},{"not_picked":["Beam Cell","Lockon"],"picked":"Fission","floor":2},{"not_picked":["Turbo","Gash"],"picked":"Coolheaded","floor":3},{"not_picked":["Steam","Beam Cell"],"picked":"Capacitor","floor":6},{"not_picked":["Thunder Strike","Reprogram"],"picked":"Barrage","floor":8},{"not_picked":["Conserve Battery","Ball Lightning","Rebound"],"picked":"Defragment","floor":12},{"not_picked":["Consume","Steam Power","Undo"],"picked":"Cold Snap","floor":14},{"not_picked":["Rainbow","Meteor Strike","Electrodynamics"],"picked":"Biased Cognition","floor":16},{"not_picked":["Skim","Stack","Rebound"],"picked":"Steam+1","floor":18},{"not_picked":["Barrage","Compile Driver+1","Steam"],"picked":"Capacitor","floor":21},{"not_picked":["Go for the Eyes","Rebound","Electrodynamics"],"picked":"Hologram","floor":22},{"not_picked":["Steam","Scrape+1","Thunder Strike","Doom and Gloom"],"picked":"SKIP","floor":23},{"not_picked":["Rip and Tear+1","Hologram","Genetic Algorithm","Steam Power"],"picked":"SKIP","floor":24},{"not_picked":["Stack","Barrage","Redo"],"picked":"Echo Form+1","floor":27},{"not_picked":["Gash","Streamline","Stack","FTL"],"picked":"SKIP","floor":29},{"not_picked":["Streamline+1","Reinforced Body","Undo","Recycle"],"picked":"SKIP","floor":30},{"not_picked":["Turbo+1","Doom and Gloom+1","Conserve Battery","Gash+1"],"picked":"SKIP","floor":31},{"not_picked":["Biased Cognition+1","Thunder Strike+1","Amplify"],"picked":"Creative AI+1","floor":33},{"not_picked":["Beam Cell+1","Redo","Sweeping Beam+1","Go for the Eyes+1"],"picked":"SKIP","floor":35},{"not_picked":["FTL+1","Fission","Rip and Tear+1","Rebound+1"],"picked":"SKIP","floor":36},{"not_picked":["Steam","Leap","Undo+1"],"picked":"Blizzard+1","floor":37}],"player_experience":391172,"relics_obtained":[{"floor":6,"key":"Anchor"},{"floor":8,"key":"Question Card"},{"floor":9,"key":"Tiny Chest"},{"floor":20,"key":"Lantern"},{"floor":23,"key":"Frozen Egg 2"},{"floor":26,"key":"Pear"},{"floor":27,"key":"Ancient Tea Set"},{"floor":30,"key":"Molten Egg 2"}],"event_choices":[{"damage_healed":0,"gold_gain":75,"player_choice":"Gather Gold","damage_taken":11,"max_hp_gain":0,"max_hp_loss":0,"event_name":"World of Goop","floor":4,"gold_loss":0},{"damage_healed":23,"gold_gain":0,"player_choice":"Banana","damage_taken":0,"max_hp_gain":0,"max_hp_loss":0,"event_name":"Big Fish","floor":5,"gold_loss":0},{"damage_healed":17,"gold_gain":0,"player_choice":"Healed","damage_taken":0,"max_hp_gain":0,"max_hp_loss":0,"event_name":"The Cleric","floor":11,"gold_loss":35},{"damage_healed":0,"gold_gain":0,"player_choice":"Ignored","damage_taken":0,"max_hp_gain":0,"max_hp_loss":0,"event_name":"Ghosts","floor":19,"gold_loss":0},{"damage_healed":0,"gold_gain":0,"player_choice":"Fight","damage_taken":0,"max_hp_gain":0,"max_hp_loss":0,"event_name":"Mysterious Sphere","floor":38,"gold_loss":0}],"is_beta":false,"boss_relics":[{"not_picked":["Velvet Choker","Calling Bell"],"picked":"Ectoplasm"},{"not_picked":["SacredBark","Sozu"],"picked":"Nuclear Battery"}],"items_purged_floors":[],"is_endless":false,"potions_floor_spawned":[3,8,12,14,21,27,29,33,36],"killed_by":"2 Orb Walkers","ascension_level":16}}