{"host":"8xp52u5o8fcssvzz","time":1608340210,"event":{"mods":["2.2 Compatiblity","AchievementEnabler","Act Like it!","Aspiration","BaseMod","Better Altar","Better Match","Better Note","Better Sensory Stone","Better Skull","Better Third Choice","BetterRewards","CatGirl Mod","Colored Map","Conspire","Downfall","Gensokyo","GifTheSpireLib","Googly Eyes","Halation","Hallownest","Highlight Path","Hubris","Infinite Spire","Jorbs\u0027s Wanderer Trilogy","Koishi","Lobotomy","LobotomyExtend","Marisa????????","Menagerie","Mimic Mod","Minty Spire (QoL Compilation)","Reimu??????","Remilia??????","Replay The Spire","SIMod","Shade Mod","Spicy Shops","StSLib","Stuff the Spire","The Administrix","The Blackbeard","The Bladedancer","The Construct","The Cursed","The Gatherer","The Necromancer","The Runesmith","The Servant 0.9.4","The Valiant","TheFirefly","TheSwordswoman","Unceasing Turn Reminder","everything is the same but u backflip on backflip"],"gold_per_floor":[118,132,132,57,57,83,83,100,126,191,220,240,260,277,277,381,381,401,415,415,433,157,184,184,284,324,357,375,388,388,388,388,515,515,567,567,567,621,675,675,675,675],"floor_reached":41,"playtime":1892,"items_purged":["Shade:Strike_Shade","Shade:Defend_Shade","Shade:Strike_Shade"],"score":645,"play_id":"0becc88b-2b23-4ebd-9f5b-686581ceb60f","local_time":"20201218171010","is_ascension_mode":false,"campfire_choices":[{"data":"Shade:Trample","floor":7,"key":"SMITH"},{"data":"Shade:FreshBones","floor":15,"key":"SMITH"},{"floor":24,"key":"REST"},{"floor":30,"key":"REST"},{"data":"Shade:FreshBones","floor":32,"key":"SMITH"},{"data":"Shade:GreaterAnimation","floor":40,"key":"SMITH"}],"circlet_count":0,"master_deck":["Shade:Strike_Shade","Shade:Strike_Shade","Shade:Defend_Shade","Shade:Defend_Shade","Shade:Defend_Shade","Shade:AnimateDead+1","Shade:CarefulCut","Shade:FleshLikeOak","Shade:Bonestorm+1","Shade:Trample+1","Shade:ClawBack","Shade:GreaterAnimation+1","Shade:FreshBones+1","Shade:BoneShards","Shade:CoffinDance","Shade:Tombstone","Shade:FreshBones+1","Shade:GraveStillness+1","Shade:Patience+1","Shade:FleshToFlesh","Shade:Carnophage+1","ReplayTheSpireMod:Black Plague+1"],"relics":["Shade:YorickSkull","LetterFromLob","Akabeko","Orichalcum","infinitespire:Eraser","StuffTheSpire:OldFever","conspire:SlowCooker","Membership Card","Bronze Scales","conspire:Flyswatter","Pantograph","Mercury Hourglass","infinitespire:EvilPickle","conspire:SeveredTorchhead","conspire:SpecialSausage","ReplayTheSpireMod:Shallot"],"acts_visited":["Exordium","TheCity","TheBeyond"],"potions_floor_usage":[11,16,16,16,31,39,39],"damage_taken":[{"damage":0,"enemies":"Cultist","floor":1,"turns":4},{"damage":0,"enemies":"Jaw Worm","floor":2,"turns":4},{"damage":10,"enemies":"Lagavulin","floor":6,"turns":7},{"damage":0,"enemies":"2 Louse","floor":8,"turns":1},{"damage":10,"enemies":"Gremlin Nob","floor":10,"turns":4},{"damage":0,"enemies":"3 Sentries","floor":11,"turns":3},{"damage":0,"enemies":"Looter","floor":12,"turns":2},{"damage":0,"enemies":"Exordium Wildlife","floor":13,"turns":1},{"damage":0,"enemies":"Large Slime","floor":14,"turns":3},{"damage":7,"enemies":"Hexaghost","floor":16,"turns":9},{"damage":0,"enemies":"Chosen","floor":18,"turns":3},{"damage":5,"enemies":"3 Byrds","floor":19,"turns":5},{"damage":18,"enemies":"3 Cultists","floor":21,"turns":5},{"damage":15,"enemies":"Book of Stabbing","floor":23,"turns":5},{"damage":0,"enemies":"Shelled Parasite and Fungi","floor":26,"turns":4},{"damage":24,"enemies":"Slavers","floor":27,"turns":4},{"damage":10,"enemies":"Shelled Parasite and Fungi","floor":28,"turns":4},{"damage":0,"enemies":"Centurion and Healer","floor":29,"turns":4},{"damage":0,"enemies":"Snake Plant","floor":31,"turns":1},{"damage":23,"enemies":"Pondfish","floor":33,"turns":9},{"damage":0,"enemies":"3 Shapes","floor":35,"turns":2},{"damage":0,"enemies":"Orb Walker","floor":38,"turns":2},{"damage":0,"enemies":"Jaw Worm Horde","floor":39,"turns":3},{"damage":81,"enemies":"Nightmare","floor":41,"turns":6}],"seed_played":"-5144277444211560148","potions_obtained":[{"floor":1,"key":"CultistPotion"},{"floor":10,"key":"Dexterity Potion"},{"floor":12,"key":"Swift Potion"},{"floor":13,"key":"Dexterity Potion"},{"floor":27,"key":"Swift Potion"},{"floor":29,"key":"SmokeBomb"},{"floor":33,"key":"Swift Potion"},{"floor":39,"key":"Doom Potion"}],"is_trial":false,"path_per_floor":["M","M","?","$","$","E","R","M","T","?","E","M","M","M","R","B",null,"M","M","?","M","$","E","R","?","MIM","E","M","M","R","M","R","B",null,"M","AVR","?","M","M","R","NM"],"character_chosen":"SHADE","items_purchased":["Membership Card","Bronze Scales"],"campfire_rested":2,"item_purchase_floors":[22,22],"current_hp_per_floor":[65,65,65,65,65,55,55,55,55,45,45,45,45,45,45,38,65,65,60,60,42,42,27,46,46,46,22,12,12,31,31,31,33,65,65,65,65,65,65,65,0,0],"gold":675,"neow_bonus":"UPGRADE_CARD","is_daily":false,"chose_seed":false,"campfire_upgraded":4,"win_rate":0.0,"timestamp":1608340210,"path_taken":["M","?","?","?","$","E","R","M","T","?","E","M","?","M","R","BOSS","M","M","?","M","$","E","R","?","MIM","E","M","M","R","?","R","BOSS","M","AVR","?","?","M","R","NM"],"items_purchased_type":["Relic","Relic"],"build_version":"2020-12-13","purchased_purges":3,"victory":false,"max_hp_per_floor":[65,65,65,65,65,65,65,65,65,65,65,65,65,65,65,65,65,65,65,65,65,65,65,65,65,65,65,65,65,65,65,65,65,65,65,65,65,65,65,65,65,65],"card_choices":[{"not_picked":["Shade:Frenzy","Shade:GreyBargain"],"picked":"Shade:FleshLikeOak","floor":1},{"not_picked":["Shade:CommandSoldier","Shade:Trample"],"picked":"Shade:Bonestorm","floor":2},{"not_picked":["Shade:GraveStillness","Shade:GoDigging"],"picked":"Shade:Trample","floor":6},{"not_picked":["Shade:DangerousRitual","Shade:GreyBargain"],"picked":"Shade:ClawBack","floor":8},{"not_picked":["Shade:Trample","Shade:PotionOfRestlessness"],"picked":"Shade:GreaterAnimation","floor":10},{"not_picked":["Shade:Carnophage","Shade:FuneraryArmor"],"picked":"Shade:FreshBones","floor":11},{"not_picked":["Shade:FeralStrike","Shade:Bonestorm"],"picked":"Shade:BoneShards","floor":12},{"not_picked":["Shade:AncientSpear","Shade:FleshToFlesh","Shade:Bonestorm"],"picked":"SKIP","floor":13},{"not_picked":["Shade:AncientSpear","Shade:FingerOfDeath"],"picked":"Shade:CoffinDance","floor":14},{"not_picked":["Shade:OneIsEnough","Shade:OminousRitual"],"picked":"Shade:Tombstone","floor":16},{"not_picked":["Shade:GreyBargain","Shade:ExtraLimbs+1","Shade:SkeletonHug+1"],"picked":"SKIP","floor":18},{"not_picked":["Shade:WallOfFlesh","Shade:BoneShards"],"picked":"Shade:FreshBones","floor":19},{"not_picked":["Shade:Bite_Shade","Shade:PoundOfFlesh+1","Shade:GreyBargain"],"picked":"SKIP","floor":21},{"not_picked":["Shade:BoneShards","Shade:Frenzy"],"picked":"Shade:GraveStillness+1","floor":23},{"not_picked":["Shade:RitualOffering+1","Shade:Bonestorm"],"picked":"Shade:Patience+1","floor":26},{"not_picked":["Shade:SelfBurial","Shade:SoulToxin+1"],"picked":"Shade:FleshToFlesh","floor":27},{"not_picked":["Shade:CoffinDance+1","Shade:Premonition","Shade:BoneShards"],"picked":"SKIP","floor":28},{"not_picked":["Shade:Tombstone","Shade:CloudOfShrapnel","Shade:PotionOfRestlessness"],"picked":"SKIP","floor":29},{"not_picked":["Shade:CommandSoldier","Shade:DangerousRitual"],"picked":"Shade:Carnophage+1","floor":35},{"not_picked":["Shade:SoulToxin+1","Shade:GraveStillness+1","Shade:RavenousHorde+1"],"picked":"SKIP","floor":38},{"not_picked":["Shade:Bite_Shade+1","Shade:ClawBack","Shade:Carnophage"],"picked":"SKIP","floor":39}],"player_experience":458884,"relics_obtained":[{"floor":1,"key":"LetterFromLob"},{"floor":6,"key":"Akabeko"},{"floor":9,"key":"Orichalcum"},{"floor":10,"key":"infinitespire:Eraser"},{"floor":11,"key":"StuffTheSpire:OldFever"},{"floor":23,"key":"conspire:Flyswatter"},{"floor":26,"key":"Pantograph"},{"floor":27,"key":"Mercury Hourglass"}],"event_choices":[{"damage_healed":0,"gold_gain":0,"player_choice":"Forge","damage_taken":0,"max_hp_gain":0,"max_hp_loss":0,"event_name":"Accursed Blacksmith","floor":3,"gold_loss":0,"cards_upgraded":["Shade:Bonestorm"]},{"damage_healed":0,"gold_gain":0,"player_choice":"Searched \u00272\u0027 times","damage_taken":0,"max_hp_gain":0,"max_hp_loss":0,"event_name":"Dead Adventurer","floor":10,"gold_loss":0},{"cards_removed":["Shade:FleshLikeOak"],"damage_healed":0,"gold_gain":0,"player_choice":"Give","damage_taken":0,"max_hp_gain":0,"max_hp_loss":0,"event_name":"betterNote:BetterNote","floor":20,"gold_loss":0,"cards_obtained":["blademaster:Breeze"]},{"damage_healed":0,"gold_gain":100,"player_choice":"Pray","damage_taken":0,"max_hp_gain":0,"max_hp_loss":0,"event_name":"Golden Shrine","floor":25,"gold_loss":0},{"damage_healed":0,"gold_gain":0,"player_choice":"Upgraded","damage_taken":0,"max_hp_gain":0,"max_hp_loss":0,"event_name":"Upgrade Shrine","floor":37,"gold_loss":0,"cards_upgraded":["ReplayTheSpireMod:Black Plague"]}],"is_beta":false,"boss_relics":[{"not_picked":["Runic Pyramid","StuffTheSpire:RunicConfusion"],"picked":"conspire:SlowCooker"},{"not_picked":["ReplayTheSpireMod:SealedPack","Replay:Drink Me"],"picked":"conspire:SeveredTorchhead"}],"items_purged_floors":[4,22,36],"is_endless":false,"potions_floor_spawned":[1,10,12,13,27,29,31,33,39],"killed_by":"Nightmare","ascension_level":0}}