{"host":"1hv1kueuvc4r3rdp","time":1608400127,"event":{"mods":["AchievementEnabler","BaseMod","DeckTracker","Highlight Path","Minty Spire (QoL Compilation)","Permanent Neow","StSLib"],"gold_per_floor":[114,125,136,10,10,10,21,31,31,96,96,96],"floor_reached":11,"playtime":526,"items_purged":["Doubt"],"score":101,"play_id":"5a1959c3-c264-49cf-9b35-ad8bc0fabe05","local_time":"20201219114847","is_ascension_mode":true,"campfire_choices":[{"data":"Dagger Spray","floor":6,"key":"SMITH"}],"circlet_count":0,"master_deck":["AscendersBane","Strike_G","Strike_G","Strike_G","Strike_G","Strike_G","Defend_G","Defend_G","Defend_G","Defend_G","Defend_G","Survivor","Neutralize","Poisoned Stab","Footwork","Dagger Spray+1","Riddle With Holes","Well Laid Plans","Dash"],"relics":["Ring of the Snake","Prayer Wheel","InkBottle","Pear","Anchor"],"acts_visited":["Exordium"],"potions_floor_usage":[7,7],"damage_taken":[{"damage":0,"enemies":"Cultist","floor":1,"turns":5},{"damage":0,"enemies":"Jaw Worm","floor":2,"turns":3},{"damage":1,"enemies":"2 Louse","floor":3,"turns":4},{"damage":8,"enemies":"Large Slime","floor":7,"turns":4},{"damage":0,"enemies":"3 Louse","floor":8,"turns":2},{"damage":49,"enemies":"Lagavulin Event","floor":10,"turns":10},{"damage":12,"enemies":"Gremlin Nob","floor":11,"turns":2}],"seed_played":"6489315929188232254","potions_obtained":[{"floor":1,"key":"CunningPotion"},{"floor":2,"key":"GamblersBrew"},{"floor":3,"key":"SkillPotion"}],"is_trial":false,"path_per_floor":["M","M","M","$","?","R","M","M","T","?","E"],"character_chosen":"THE_SILENT","items_purchased":["Poison Potion"],"campfire_rested":0,"item_purchase_floors":[4],"current_hp_per_floor":[63,63,62,62,50,50,42,42,52,3,0,0],"gold":96,"neow_bonus":"ONE_RARE_RELIC","is_daily":false,"chose_seed":false,"campfire_upgraded":1,"win_rate":0.0,"timestamp":1608400127,"path_taken":["M","M","M","$","?","R","M","M","T","?","E"],"items_purchased_type":["Potion"],"build_version":"2020-12-13","purchased_purges":1,"victory":false,"max_hp_per_floor":[70,70,70,70,70,70,70,70,80,80,80,80],"card_choices":[{"not_picked":["Backflip","Bane"],"picked":"Poisoned Stab","floor":1},{"not_picked":["Choke","Blade Dance","Underhanded Strike"],"picked":"SKIP","floor":1},{"not_picked":["Flying Knee","Setup"],"picked":"Footwork","floor":2},{"not_picked":["Reflex","Deadly Poison","Expertise"],"picked":"SKIP","floor":2},{"not_picked":["Outmaneuver","Concentrate"],"picked":"Dagger Spray","floor":3},{"not_picked":["Tactician","Escape Plan","Outmaneuver"],"picked":"SKIP","floor":3},{"not_picked":["Prepared","Expertise"],"picked":"Riddle With Holes","floor":7},{"not_picked":["Setup","Caltrops","Dodge and Roll"],"picked":"SKIP","floor":7},{"not_picked":["Blur","Skewer"],"picked":"Well Laid Plans","floor":8},{"not_picked":["Skewer","Concentrate","Finisher"],"picked":"SKIP","floor":8},{"not_picked":["Dagger Spray","Night Terror"],"picked":"Dash","floor":10}],"player_experience":1060875,"relics_obtained":[{"floor":9,"key":"Pear"},{"floor":10,"key":"Anchor"}],"event_choices":[{"damage_healed":0,"gold_gain":0,"player_choice":"Success","damage_taken":12,"relics_obtained":["InkBottle"],"max_hp_gain":0,"max_hp_loss":0,"event_name":"Scrap Ooze","floor":5,"gold_loss":0},{"damage_healed":0,"gold_gain":30,"player_choice":"Searched \u00273\u0027 times","damage_taken":0,"max_hp_gain":0,"max_hp_loss":0,"event_name":"Dead Adventurer","floor":10,"gold_loss":0}],"is_beta":false,"boss_relics":[],"items_purged_floors":[4],"is_endless":false,"potions_floor_spawned":[1,2,3],"killed_by":"Gremlin Nob","ascension_level":11}}