{"host":"w7o06k3e8uel8euj","time":1608382874,"event":{"mods":["AchievementEnabler","BaseMod","Colored Powertips","Custom Start","DeckTracker","Keyboard Shortcuts","Minty Spire (QoL Compilation)","Quick Restart","Relic Stats","StSLib","SuperFastMode","everything is the same but u backflip on backflip"],"gold_per_floor":[14,14,30,47,122,122,84,84,110,124,124,56,69,80,80,157,157,171,34,34,47,61,87,97,131,200,200,225,225,257,276,276,347,347,358,206,206,224,224,224,254,254,254,282,282,309,328,96,96,96,96,96,20,48,48],"floor_reached":56,"playtime":1878,"items_purged":["Defend_P","Strike_P","Crescendo+1","Vigilance"],"score":2649,"play_id":"6e209391-f205-4e56-95eb-abe765f52378","local_time":"20201219220114","is_ascension_mode":true,"campfire_choices":[{"data":"Eruption","floor":6.0,"key":"SMITH"},{"data":"Adaptation","floor":8.0,"key":"SMITH"},{"data":"MentalFortress","floor":11.0,"key":"SMITH"},{"data":"Defend_P","floor":15.0,"key":"PURGE"},{"data":"Adaptation","floor":29.0,"key":"SMITH"},{"data":"Protect","floor":32.0,"key":"PURGE"},{"data":"Scrawl","floor":40.0,"key":"SMITH"},{"data":"Tantrum","floor":42.0,"key":"SMITH"},{"data":"Perseverance+1","floor":45.0,"key":"PURGE"},{"floor":49.0,"key":"RECALL"},{"data":"InnerPeace","floor":52.0,"key":"SMITH"}],"circlet_count":0,"master_deck":["AscendersBane","Eruption+1","FlurryOfBlows+1","Adaptation+1","MentalFortress+1","WheelKick+1","Adaptation+1","MentalFortress+1","InnerPeace+1","Tantrum+1","Scrawl+1"],"relics":["PureWater","Membership Card","Lizard Tail","TeardropLocket","Tiny Chest","Peace Pipe","Astrolabe","DollysMirror","Ancient Tea Set","Nunchaku","Singing Bowl","HornCleat","Incense Burner","Bag of Preparation","Empty Cage","Whetstone","Pear","Mercury Hourglass","Regal Pillow","Smiling Mask","Sling","CaptainsWheel","Boot","Bag of Marbles"],"acts_visited":["Exordium","TheCity","TheBeyond","TheEnding"],"potions_floor_usage":[55],"damage_taken":[{"damage":0.0,"enemies":"Cultist","floor":1.0,"turns":3.0},{"damage":0.0,"enemies":"Small Slimes","floor":3.0,"turns":3.0},{"damage":3.0,"enemies":"Jaw Worm","floor":4.0,"turns":4.0},{"damage":9.0,"enemies":"Large Slime","floor":10.0,"turns":3.0},{"damage":0.0,"enemies":"2 Fungi Beasts","floor":13.0,"turns":2.0},{"damage":1.0,"enemies":"Blue Slaver","floor":14.0,"turns":3.0},{"damage":4.0,"enemies":"Hexaghost","floor":16.0,"turns":6.0},{"damage":4.0,"enemies":"3 Byrds","floor":18.0,"turns":5.0},{"damage":2.0,"enemies":"Shell Parasite","floor":21.0,"turns":3.0},{"damage":30.0,"enemies":"Centurion and Healer","floor":22.0,"turns":3.0},{"damage":10.0,"enemies":"Book of Stabbing","floor":23.0,"turns":6.0},{"damage":11.0,"enemies":"Shelled Parasite and Fungi","floor":24.0,"turns":3.0},{"damage":0.0,"enemies":"Gremlin Leader","floor":25.0,"turns":2.0},{"damage":0.0,"enemies":"Book of Stabbing","floor":28.0,"turns":3.0},{"damage":0.0,"enemies":"Gremlin Leader","floor":30.0,"turns":3.0},{"damage":0.0,"enemies":"Cultist and Chosen","floor":31.0,"turns":2.0},{"damage":0.0,"enemies":"Champ","floor":33.0,"turns":2.0},{"damage":0.0,"enemies":"Orb Walker","floor":35.0,"turns":1.0},{"damage":0.0,"enemies":"3 Darklings","floor":38.0,"turns":1.0},{"damage":0.0,"enemies":"Nemesis","floor":41.0,"turns":1.0},{"damage":0.0,"enemies":"Reptomancer","floor":44.0,"turns":1.0},{"damage":0.0,"enemies":"Giant Head","floor":46.0,"turns":1.0},{"damage":0.0,"enemies":"Sphere and 2 Shapes","floor":47.0,"turns":1.0},{"damage":0.0,"enemies":"Time Eater","floor":50.0,"turns":7.0},{"damage":0.0,"enemies":"Shield and Spear","floor":54.0,"turns":1.0},{"damage":0,"enemies":"The Heart","floor":55,"turns":4}],"seed_played":"-5263469354786682276","potions_obtained":[{"floor":1.0,"key":"SkillPotion"},{"floor":3.0,"key":"Swift Potion"},{"floor":10.0,"key":"Swift Potion"},{"floor":25.0,"key":"DuplicationPotion"},{"floor":31.0,"key":"GamblersBrew"}],"is_trial":false,"path_per_floor":["M","$","M","M","?","R","$","R","T","M","R","$","M","M","R","B",null,"M","$","?","M","M","E","M","E","T","?","E","R","E","M","R","B",null,"M","$","?","M","T","R","E","R","T","E","R","E","M","$","R","B",null,"R","$","E","B",null],"character_chosen":"WATCHER","items_purchased":["Membership Card","Lizard Tail","TeardropLocket","Peace Pipe","WheelKick","DollysMirror","Whetstone","Sling","CaptainsWheel","Boot"],"campfire_rested":0,"item_purchase_floors":[2,2,2,12,12,19,36,48,48,53],"current_hp_per_floor":[65,65,65,62,51,51,51,51,51,42,42,42,42,41,41,37,63,59,59,59,57,27,17,6,6,6,6,8,8,10,12,12,12,62,64,64,60,62,72,72,74,74,74,76,76,78,80,80,80,80,100,100,100,102,102],"gold":48,"neow_bonus":"TRANSFORM_TWO_CARDS","is_daily":false,"chose_seed":false,"campfire_upgraded":7,"win_rate":0.0,"timestamp":1608382874,"path_taken":["M","?","M","M","?","R","$","R","T","M","R","$","M","M","R","BOSS","M","$","?","M","M","E","M","E","T","?","E","R","E","M","R","BOSS","M","$","?","M","?","R","E","R","T","E","R","E","M","$","R","BOSS","R","$","E","BOSS"],"items_purchased_type":["Relic","Relic","Relic","Relic","Card","Relic","Relic","Relic","Relic","Relic"],"build_version":"2020-12-13","purchased_purges":4,"victory":true,"max_hp_per_floor":[72,72,72,72,72,72,72,72,72,72,72,72,72,72,72,72,72,72,72,72,72,72,72,72,72,72,72,74,74,76,78,78,78,78,80,80,86,88,98,98,100,100,100,102,102,104,106,106,106,106,106,106,106,108,108],"relic_stats":{"Regal Pillow":0,"Singing Bowl":26,"counters":[26,74],"Astrolabe":["Perseverance","Crescendo","Blasphemy"],"Bag of Preparation":[22],"Whetstone":["FlurryOfBlows","WheelKick"],"Smiling Mask":0,"Boot":[222],"Mercury Hourglass":[54],"Peace Pipe":3,"Lizard Tail":0,"Nunchaku":[37],"Tiny Chest":1,"obtain_stats":[{"Regal Pillow":44,"Pear":39,"Singing Bowl":26,"Astrolabe":17,"Incense Burner":28,"Bag of Preparation":30,"TeardropLocket":2,"Whetstone":36,"Ancient Tea Set":23,"Empty Cage":34,"Smiling Mask":46,"Sling":48,"Boot":53,"Mercury Hourglass":41,"Peace Pipe":12,"Lizard Tail":2,"Nunchaku":25,"CaptainsWheel":48,"HornCleat":27,"DollysMirror":19,"Tiny Chest":9,"Bag of Marbles":54,"Membership Card":2,"PureWater":0},{"Regal Pillow":21,"Pear":19,"Singing Bowl":13,"Astrolabe":7,"Incense Burner":14,"Bag of Preparation":15,"TeardropLocket":1,"Whetstone":18,"Ancient Tea Set":11,"Empty Cage":17,"Smiling Mask":22,"Sling":23,"Boot":24,"Mercury Hourglass":20,"Peace Pipe":4,"Lizard Tail":1,"Nunchaku":13,"CaptainsWheel":23,"HornCleat":13,"DollysMirror":8,"Tiny Chest":3,"Bag of Marbles":25,"Membership Card":1,"PureWater":0},{"Regal Pillow":60,"Pear":58,"Singing Bowl":46,"Astrolabe":24,"Incense Burner":49,"Bag of Preparation":52,"TeardropLocket":3,"Whetstone":57,"Ancient Tea Set":41,"Empty Cage":56,"Smiling Mask":61,"Sling":62,"Boot":69,"Mercury Hourglass":59,"Peace Pipe":13,"Lizard Tail":3,"Nunchaku":46,"CaptainsWheel":62,"HornCleat":46,"DollysMirror":29,"Tiny Chest":10,"Bag of Marbles":70,"Membership Card":3,"PureWater":0}]},"card_choices":[{"not_picked":["Weave","BowlingBash"],"picked":"Adaptation","floor":1.0},{"not_picked":["Halt","CutThroughFate"],"picked":"EmptyFist","floor":3.0},{"not_picked":["PathToVictory","Meditate"],"picked":"MentalFortress","floor":4.0},{"not_picked":["CutThroughFate","Wallop","Crescendo"],"picked":"SKIP","floor":10.0},{"not_picked":["Blasphemy","JustLucky"],"picked":"Adaptation","floor":13.0},{"not_picked":["ThirdEye","ReachHeaven","Swivel"],"picked":"SKIP","floor":14.0},{"not_picked":["Protect","Study","EmptyMind"],"picked":"SKIP","floor":18.0},{"not_picked":["EmptyMind","JustLucky","EmptyFist"],"picked":"SKIP","floor":21.0},{"not_picked":["CutThroughFate","PathToVictory","Halt"],"picked":"SKIP","floor":22.0},{"not_picked":["CutThroughFate","PathToVictory","Halt"],"picked":"SKIP","floor":22.0},{"not_picked":["FlurryOfBlows","FlyingSleeves"],"picked":"Tantrum","floor":23.0},{"not_picked":["FlurryOfBlows","Wireheading","ClearTheMind"],"picked":"SKIP","floor":24.0},{"not_picked":["WreathOfFlame","ThirdEye","Conclude+1"],"picked":"SKIP","floor":25.0},{"not_picked":["EmptyBody","BowlingBash","Consecrate"],"picked":"Singing Bowl","floor":28.0},{"not_picked":["Adaptation","Crescendo+1","Conclude"],"picked":"Singing Bowl","floor":30.0},{"not_picked":["Swivel+1","FlyingSleeves","PathToVictory"],"picked":"Singing Bowl","floor":31.0},{"not_picked":["Devotion","DeusExMachina"],"picked":"Scrawl","floor":33.0},{"not_picked":["SignatureMove+1","Protect","WreathOfFlame"],"picked":"Singing Bowl","floor":35.0},{"not_picked":["Bandage Up","Dark Shackles","Trip"],"picked":"Singing Bowl","floor":37.0},{"not_picked":["Thinking Ahead","Good Instincts","Transmutation"],"picked":"Singing Bowl","floor":37.0},{"not_picked":["Purity","Panacea","The Bomb"],"picked":"Singing Bowl","floor":37.0},{"not_picked":["Tantrum","SashWhip","Meditate"],"picked":"Singing Bowl","floor":38.0},{"not_picked":["Adaptation","Halt","ClearTheMind"],"picked":"Singing Bowl","floor":41.0},{"not_picked":["ThirdEye","Consecrate","Crescendo"],"picked":"Singing Bowl","floor":44.0},{"not_picked":["BowlingBash","Swivel","WheelKick"],"picked":"Singing Bowl","floor":46.0},{"not_picked":["Halt","FlurryOfBlows","ThirdEye"],"picked":"Singing Bowl","floor":47.0},{"not_picked":["LessonLearned","Halt","FlyingSleeves"],"picked":"Singing Bowl","floor":54.0}],"player_experience":559999,"relics_obtained":[{"floor":9.0,"key":"Tiny Chest"},{"floor":23.0,"key":"Ancient Tea Set"},{"floor":25.0,"key":"Nunchaku"},{"floor":26.0,"key":"Singing Bowl"},{"floor":28.0,"key":"Incense Burner"},{"floor":30.0,"key":"Bag of Preparation"},{"floor":39.0,"key":"Pear"},{"floor":41.0,"key":"Mercury Hourglass"},{"floor":44.0,"key":"Regal Pillow"},{"floor":46.0,"key":"Smiling Mask"},{"floor":54.0,"key":"Bag of Marbles"}],"event_choices":[{"damage_healed":0.0,"max_hp_gain":0.0,"max_hp_loss":0.0,"gold_gain":75.0,"event_name":"World of Goop","player_choice":"Gather Gold","floor":5.0,"gold_loss":0.0,"damage_taken":11.0},{"damage_healed":0.0,"max_hp_gain":0.0,"max_hp_loss":0.0,"gold_gain":0.0,"event_name":"The Library","player_choice":"Read","floor":20.0,"gold_loss":0.0,"damage_taken":0.0,"cards_obtained":["InnerPeace"]},{"damage_healed":0.0,"max_hp_gain":0.0,"max_hp_loss":0.0,"gold_gain":0.0,"event_name":"The Mausoleum","player_choice":"Opened","floor":27.0,"gold_loss":0.0,"damage_taken":0.0,"relics_obtained":["HornCleat"]},{"damage_healed":0.0,"max_hp_gain":0.0,"max_hp_loss":0.0,"gold_gain":0.0,"event_name":"SensoryStone","player_choice":"Memory 3","floor":37.0,"gold_loss":0.0,"damage_taken":10.0}],"is_beta":false,"boss_relics":[{"not_picked":["Philosopher\u0027s Stone","SacredBark"],"picked":"Astrolabe"},{"not_picked":["Runic Dome","HolyWater"],"picked":"Empty Cage"}],"items_purged_floors":[7,12,19,36],"is_endless":false,"potions_floor_spawned":[1,3,10,18,23,25,31,33,38,44,46],"ascension_level":13}}