{"host":"bbjnqymry46jz0fa","time":1608368809,"event":{"mods":["BaseMod","DeckTracker","Minty Spire (QoL Compilation)","Quick Restart","StSLib","SuperFastMode"],"gold_per_floor":[112,123,142,142,8,8,8,46,125,144,144,163,181,181,181,274,274,298,38,56,79,94,94,94],"floor_reached":23,"playtime":542,"items_purged":["Strike_G","Strike_G"],"score":590,"play_id":"7c6529e1-8019-4a88-af9b-a79cec998377","local_time":"20201219180649","is_ascension_mode":true,"campfire_choices":[{"data":"Poisoned Stab","floor":6,"key":"SMITH"},{"data":"Dagger Spray","floor":11,"key":"SMITH"},{"floor":15,"key":"REST"}],"circlet_count":0,"master_deck":["AscendersBane","Strike_G","Strike_G+1","Strike_G","Defend_G","Defend_G","Defend_G","Defend_G","Defend_G","Survivor","Neutralize+1","Poisoned Stab+1","Dagger Throw","Dagger Spray+1","Escape Plan","Deflect","Venomology","Storm of Steel","Masterful Stab","Blade Dance"],"relics":["Ring of the Snake","Du-Vu Doll","Golden Idol","Strawberry","Kunai","Lizard Tail","Runic Pyramid","Lee\u0027s Waffle"],"acts_visited":["Exordium","TheCity"],"potions_floor_usage":[8,16,16,18,21,21,22,23,23],"damage_taken":[{"damage":0,"enemies":"Small Slimes","floor":1,"turns":4},{"damage":7,"enemies":"Jaw Worm","floor":2,"turns":5},{"damage":0,"enemies":"Cultist","floor":3,"turns":3},{"damage":22,"enemies":"Lagavulin","floor":8,"turns":4},{"damage":2,"enemies":"Lots of Slimes","floor":10,"turns":2},{"damage":0,"enemies":"3 Louse","floor":12,"turns":1},{"damage":7,"enemies":"Large Slime","floor":13,"turns":5},{"damage":17,"enemies":"Hexaghost","floor":16,"turns":12},{"damage":32,"enemies":"Shell Parasite","floor":18,"turns":6},{"damage":7,"enemies":"Chosen","floor":20,"turns":4},{"damage":16,"enemies":"Shelled Parasite and Fungi","floor":21,"turns":4},{"damage":27,"enemies":"Snecko","floor":22,"turns":6},{"damage":0,"enemies":"Slavers","floor":23,"turns":1}],"seed_played":"-2649354052617556711","potions_obtained":[{"floor":3,"key":"AttackPotion"},{"floor":12,"key":"GamblersBrew"},{"floor":21,"key":"PowerPotion"}],"is_trial":false,"path_per_floor":["M","M","M","?","$","R","?","E","T","M","R","M","M","T","R","B",null,"M","$","M","M","M","E"],"character_chosen":"THE_SILENT","items_purchased":["Dagger Spray","Lee\u0027s Waffle"],"campfire_rested":1,"item_purchase_floors":[5,19],"current_hp_per_floor":[59,52,52,52,52,52,36,21,21,19,19,19,12,12,30,13,49,17,68,61,45,18,18,18],"gold":94,"neow_bonus":"ONE_RARE_RELIC","is_daily":false,"chose_seed":false,"campfire_upgraded":2,"win_rate":0.0,"timestamp":1608368809,"path_taken":["M","M","M","?","$","R","?","E","T","M","R","M","M","?","R","BOSS","M","$","M","M","M","E"],"items_purchased_type":["Card","Relic"],"build_version":"2020-12-13","purchased_purges":2,"victory":false,"max_hp_per_floor":[60,60,60,54,54,54,54,61,61,61,61,61,61,61,61,61,61,61,68,68,68,68,68,68],"card_choices":[{"not_picked":["Backflip","Dash"],"picked":"Poisoned Stab","floor":1},{"not_picked":["Blade Dance","Flechettes"],"picked":"Dagger Throw","floor":2},{"not_picked":["Dash","Deadly Poison","Poisoned Stab"],"picked":"SKIP","floor":3},{"not_picked":["Bane","Wraith Form v2"],"picked":"Escape Plan","floor":8},{"not_picked":["Tactician","Backflip"],"picked":"Deflect","floor":10},{"not_picked":["Dodge and Roll","Flechettes","Poisoned Stab"],"picked":"SKIP","floor":12},{"not_picked":["Dagger Throw","Accuracy"],"picked":"Venomology","floor":13},{"not_picked":["Doppelganger","Corpse Explosion"],"picked":"Storm of Steel","floor":16},{"not_picked":["Sucker Punch","Well Laid Plans","Dodge and Roll"],"picked":"SKIP","floor":18},{"not_picked":["Choke","Deadly Poison","Riddle With Holes"],"picked":"SKIP","floor":20},{"not_picked":["Backflip","Slice"],"picked":"Masterful Stab","floor":21},{"not_picked":["Prepared","Deflect"],"picked":"Blade Dance","floor":22}],"player_experience":715488,"relics_obtained":[{"floor":8,"key":"Strawberry"},{"floor":9,"key":"Kunai"},{"floor":14,"key":"Lizard Tail"}],"event_choices":[{"damage_healed":0,"gold_gain":0,"player_choice":"Lose Max HP","damage_taken":0,"relics_obtained":["Golden Idol"],"max_hp_gain":0,"max_hp_loss":6,"event_name":"Golden Idol","floor":4,"gold_loss":0},{"damage_healed":0,"gold_gain":0,"player_choice":"Entered Light","damage_taken":16,"max_hp_gain":0,"max_hp_loss":0,"event_name":"Shining Light","floor":7,"gold_loss":0,"cards_upgraded":["Neutralize","Strike_G"]}],"is_beta":false,"boss_relics":[{"not_picked":["Ring of the Serpent","Tiny House"],"picked":"Runic Pyramid"}],"items_purged_floors":[5,19],"is_endless":false,"potions_floor_spawned":[3,12,21],"killed_by":"Slavers","ascension_level":20}}