{"host":"2n2g1vowfllvjtvi","time":1608415134,"event":{"mods":["AchievementEnabler","BaseMod","Custom Start","GifTheSpireLib","Keyboard Shortcuts","Minty Spire (QoL Compilation)","Quick Restart","Rare Cards Sparkle","StSLib","SuperFastMode"],"gold_per_floor":[112,112,132,150,7,7,23,23,95,111,36,70,70,95,95,181,181,191,87,96,140,167,167,204,204,252,286,311,311,336,236,236,316,316,336,364,418,418,418,418,418],"floor_reached":40,"playtime":659,"items_purged":["Strike_R","Strike_R"],"score":949,"play_id":"58dd56bd-aaf6-4afa-b757-97ea9f37bb3a","local_time":"20201220065854","is_ascension_mode":true,"campfire_choices":[{"data":"Offering","floor":6.0,"key":"SMITH"},{"data":"Rupture","floor":8.0,"key":"SMITH"},{"data":"Carnage","floor":15.0,"key":"SMITH"},{"data":"Battle Trance","floor":23.0,"key":"SMITH"},{"data":"Bloodletting","floor":25.0,"key":"SMITH"},{"data":"Dark Embrace","floor":32.0,"key":"SMITH"}],"circlet_count":0,"master_deck":["AscendersBane","Defend_R+1","Defend_R","Defend_R","Defend_R+1","Rupture+1","Wild Strike","Offering+1","Carnage+1","Pommel Strike","Immolate","Battle Trance+1","Necronomicurse","True Grit+1","Bloodletting+1","Reaper","Dark Embrace+1","Brutality","Uppercut+1","Rupture"],"relics":["Burning Blood","NeowsBlessing","Meat on the Bone","CeramicFish","Empty Cage","Necronomicon","Red Mask","Potion Belt","Ancient Tea Set","Toy Ornithopter","War Paint","Snecko Eye","Charon\u0027s Ashes"],"acts_visited":["Exordium","TheCity","TheBeyond"],"potions_floor_usage":[],"damage_taken":[{"damage":0.0,"enemies":"Small Slimes","floor":1.0,"turns":1.0},{"damage":0.0,"enemies":"Cultist","floor":3.0,"turns":1.0},{"damage":0.0,"enemies":"Jaw Worm","floor":4.0,"turns":1.0},{"damage":8.0,"enemies":"Looter","floor":7.0,"turns":4.0},{"damage":26.0,"enemies":"2 Fungi Beasts","floor":10.0,"turns":4.0},{"damage":21.0,"enemies":"Lagavulin","floor":12.0,"turns":5.0},{"damage":13.0,"enemies":"Exordium Wildlife","floor":14.0,"turns":2.0},{"damage":6.0,"enemies":"Slime Boss","floor":16.0,"turns":4.0},{"damage":39.0,"enemies":"3 Byrds","floor":18.0,"turns":4.0},{"damage":8.0,"enemies":"Masked Bandits","floor":21.0,"turns":2.0},{"damage":14.0,"enemies":"2 Thieves","floor":22.0,"turns":2.0},{"damage":21.0,"enemies":"Book of Stabbing","floor":24.0,"turns":3.0},{"damage":18.0,"enemies":"Slavers","floor":27.0,"turns":3.0},{"damage":11.0,"enemies":"3 Cultists","floor":28.0,"turns":3.0},{"damage":33.0,"enemies":"Book of Stabbing","floor":30.0,"turns":4.0},{"damage":19.0,"enemies":"Automaton","floor":33.0,"turns":5.0},{"damage":27.0,"enemies":"Orb Walker","floor":35.0,"turns":3.0},{"damage":21.0,"enemies":"3 Shapes","floor":36.0,"turns":3.0},{"damage":47.0,"enemies":"2 Orb Walkers","floor":37.0,"turns":4.0},{"damage":0,"enemies":"Giant Head","floor":40,"turns":1}],"seed_played":"-1438065732136560076","potions_obtained":[{"floor":1.0,"key":"Strength Potion"},{"floor":10.0,"key":"LiquidBronze"},{"floor":12.0,"key":"FearPotion"},{"floor":14.0,"key":"SkillPotion"},{"floor":18.0,"key":"Strength Potion"},{"floor":27.0,"key":"Weak Potion"},{"floor":28.0,"key":"PowerPotion"},{"floor":33.0,"key":"PowerPotion"},{"floor":36.0,"key":"Fire Potion"},{"floor":37.0,"key":"LiquidMemories"}],"is_trial":false,"path_per_floor":["M","?","M","M","$","R","M","R","T","M","?","E","$","M","R","B",null,"M","$","?","?","M","R","E","R","T","E","M","?","E","$","R","B",null,"M","M","?","?","?","E"],"character_chosen":"IRONCLAD","items_purchased":["Offering","Battle Trance"],"campfire_rested":0,"item_purchase_floors":[5,19],"current_hp_per_floor":[74,75,75,75,75,75,73,73,73,53,53,50,50,55,55,55,70,49,49,28,38,42,42,39,39,39,51,73,73,46,46,46,75,75,54,57,38,38,38,38,38],"gold":418,"neow_bonus":"THREE_ENEMY_KILL","is_daily":false,"chose_seed":false,"campfire_upgraded":6,"win_rate":0.0,"timestamp":1608415134,"path_taken":["M","?","?","M","$","R","M","R","T","M","?","E","$","?","R","BOSS","M","$","?","?","M","R","E","R","T","E","?","?","E","$","R","BOSS","M","M","?","?","?","E"],"items_purchased_type":["Card","Card"],"build_version":"2020-12-13","purchased_purges":2,"victory":false,"max_hp_per_floor":[75,75,75,75,75,75,75,75,75,75,75,75,75,75,75,75,75,75,75,75,75,75,75,75,75,75,75,75,75,75,75,75,75,75,75,75,75,75,75,75,75],"card_choices":[{"not_picked":["Feel No Pain","Warcry"],"picked":"Rupture","floor":1.0},{"not_picked":["Bloodletting","Headbutt"],"picked":"Wild Strike","floor":3.0},{"not_picked":["Dual Wield","Twin Strike","Sentinel"],"picked":"SKIP","floor":4.0},{"not_picked":["Seeing Red","Whirlwind","Rage"],"picked":"SKIP","floor":7.0},{"not_picked":["Fire Breathing","Clothesline"],"picked":"Carnage","floor":10.0},{"not_picked":["Flex","Spot Weakness","Burning Pact"],"picked":"SKIP","floor":12.0},{"not_picked":["Warcry","Dropkick"],"picked":"Pommel Strike","floor":14.0},{"not_picked":["Berserk","Limit Break"],"picked":"Immolate","floor":16.0},{"not_picked":["Seeing Red","Body Slam","Clash"],"picked":"SKIP","floor":18.0},{"not_picked":["Clash","Flex"],"picked":"True Grit+1","floor":21.0},{"not_picked":["Flex","Clothesline+1"],"picked":"Bloodletting","floor":22.0},{"not_picked":["Evolve","Havoc"],"picked":"Reaper","floor":24.0},{"not_picked":["Thunderclap","Rage","Warcry"],"picked":"SKIP","floor":27.0},{"not_picked":["Sword Boomerang","Metallicize"],"picked":"Dark Embrace","floor":28.0},{"not_picked":["Entrench+1","Body Slam","Sword Boomerang"],"picked":"SKIP","floor":30.0},{"not_picked":["Feed","Double Tap"],"picked":"Brutality","floor":33.0},{"not_picked":["Spot Weakness","Headbutt"],"picked":"Uppercut+1","floor":35.0},{"not_picked":["Rage","Warcry+1"],"picked":"Rupture","floor":36.0}],"player_experience":435059,"relics_obtained":[{"floor":9.0,"key":"Meat on the Bone"},{"floor":12.0,"key":"CeramicFish"},{"floor":20.0,"key":"Necronomicon"},{"floor":21.0,"key":"Red Mask"},{"floor":24.0,"key":"Potion Belt"},{"floor":26.0,"key":"Ancient Tea Set"},{"floor":27.0,"key":"Toy Ornithopter"},{"floor":30.0,"key":"War Paint"},{"floor":37.0,"key":"Charon\u0027s Ashes"}],"event_choices":[{"damage_healed":1.0,"max_hp_gain":0.0,"max_hp_loss":0.0,"gold_gain":0.0,"event_name":"Wheel of Change","player_choice":"Full Heal","floor":2.0,"gold_loss":0.0,"damage_taken":0.0},{"cards_removed":["Strike_R"],"damage_healed":0.0,"max_hp_gain":0.0,"max_hp_loss":0.0,"gold_gain":0.0,"event_name":"The Cleric","player_choice":"Card Removal","floor":11.0,"gold_loss":75.0,"damage_taken":0.0},{"damage_healed":0.0,"max_hp_gain":0.0,"max_hp_loss":0.0,"gold_gain":0.0,"event_name":"Cursed Tome","player_choice":"Obtained Book","floor":20.0,"gold_loss":0.0,"damage_taken":21.0},{"damage_healed":0.0,"max_hp_gain":0.0,"max_hp_loss":0.0,"gold_gain":0.0,"event_name":"Masked Bandits","player_choice":"Fought Bandits","floor":21.0,"gold_loss":0.0,"damage_taken":0.0},{"damage_healed":0.0,"max_hp_gain":0.0,"max_hp_loss":0.0,"gold_gain":0.0,"event_name":"Ghosts","player_choice":"Ignored","floor":29.0,"gold_loss":0.0,"damage_taken":0.0},{"damage_healed":0.0,"max_hp_gain":0.0,"max_hp_loss":0.0,"gold_gain":0.0,"event_name":"Mysterious Sphere","player_choice":"Fight","floor":37.0,"gold_loss":0.0,"damage_taken":0.0},{"cards_removed":["Bash"],"damage_healed":0.0,"max_hp_gain":0.0,"max_hp_loss":0.0,"gold_gain":0.0,"event_name":"Falling","player_choice":"Removed Attack","floor":38.0,"gold_loss":0.0,"damage_taken":0.0},{"damage_healed":0.0,"max_hp_gain":0.0,"max_hp_loss":0.0,"gold_gain":0.0,"event_name":"SensoryStone","player_choice":"Memory 1","floor":39.0,"gold_loss":0.0,"damage_taken":0.0}],"is_beta":false,"boss_relics":[{"not_picked":["Runic Dome","SacredBark"],"picked":"Empty Cage"},{"not_picked":["Philosopher\u0027s Stone","Runic Cube"],"picked":"Snecko Eye"}],"items_purged_floors":[19,31],"is_endless":false,"potions_floor_spawned":[1,10,12,14,18,27,28,33,36,37],"killed_by":"Giant Head","ascension_level":15}}