{"host":"d8hh7rr4yzitjeuj","time":1608355248,"event":{"mods":["2.2 Compatiblity","AchievementEnabler","BaseMod","CapriCore","Colored Map","Colored Powertips","Highlight Path","Keyboard Shortcuts","Minty Spire (QoL Compilation)","Permanent Neow","Quick Restart","StSLib","SuperFastMode"],"gold_per_floor":[119,137,150,164,129,129,148,148,148,158,193,207,207,237,237,315,315,334,167,178,178,198,198,226,226,253,253,269,269,269,269],"floor_reached":30,"playtime":977,"items_purged":[],"score":574,"play_id":"101c3715-571d-4c4f-990a-ca9326c1be83","local_time":"20201219142048","is_ascension_mode":true,"campfire_choices":[{"data":"Sunder","floor":6.0,"key":"SMITH"},{"data":"Go for the Eyes","floor":8,"key":"SMITH"},{"data":"Reinforced Body","floor":13,"key":"SMITH"},{"data":"Zap","floor":15,"key":"SMITH"},{"data":"Dualcast","floor":23,"key":"SMITH"},{"data":"Seek","floor":25,"key":"SMITH"}],"circlet_count":0,"master_deck":["AscendersBane","Strike_B","Strike_B","Strike_B","Strike_B","Defend_B","Defend_B","Defend_B","Defend_B","Zap+1","Dualcast+1","Cold Snap","Reinforced Body+1","FTL","Sunder+1","Go for the Eyes+1","Scrape","Steam Power","Go for the Eyes","Barrage","Biased Cognition","Chill","Cold Snap","Seek+1","Gash","Fusion","Stack","Rip and Tear","Stack","Melter","Beam Cell"],"relics":["Coffee Dripper","Ornamental Fan","Orichalcum","Prayer Wheel","Nuclear Battery","Ginger","Happy Flower","CultistMask"],"acts_visited":["Exordium","TheCity"],"potions_floor_usage":[18,24],"damage_taken":[{"damage":7.0,"enemies":"Jaw Worm","floor":1.0,"turns":4.0},{"damage":8.0,"enemies":"Small Slimes","floor":2.0,"turns":3.0},{"damage":0.0,"enemies":"2 Louse","floor":3.0,"turns":3.0},{"damage":0.0,"enemies":"Gremlin Gang","floor":4.0,"turns":6.0},{"damage":6,"enemies":"Looter","floor":7,"turns":2},{"damage":0,"enemies":"Blue Slaver","floor":10,"turns":2},{"damage":0,"enemies":"3 Sentries","floor":11,"turns":5},{"damage":0,"enemies":"2 Fungi Beasts","floor":12,"turns":3},{"damage":12,"enemies":"Gremlin Nob","floor":14,"turns":4},{"damage":20,"enemies":"Hexaghost","floor":16,"turns":11},{"damage":4,"enemies":"Shell Parasite","floor":18,"turns":5},{"damage":4,"enemies":"Chosen","floor":20,"turns":6},{"damage":8,"enemies":"Snecko","floor":22,"turns":7},{"damage":17,"enemies":"Book of Stabbing","floor":24,"turns":6},{"damage":13,"enemies":"Sentry and Sphere","floor":28,"turns":6},{"damage":16,"enemies":"Shelled Parasite and Fungi","floor":30,"turns":4}],"seed_played":"-2403479234107941899","potions_obtained":[{"floor":1.0,"key":"Dexterity Potion"},{"floor":10,"key":"Energy Potion"},{"floor":11,"key":"Weak Potion"},{"floor":18,"key":"Energy Potion"}],"is_trial":false,"path_per_floor":["M","M","M","M","?","R","M","R","T","M","E","M","R","E","R","B",null,"M","$","M","?","M","R","E","R","T","?","M","?","M"],"character_chosen":"DEFECT","items_purchased":["Seek"],"campfire_rested":0,"item_purchase_floors":[19],"current_hp_per_floor":[57,49,49,49,66,66,60,60,60,60,60,60,60,48,48,28,60,56,56,52,52,44,44,27,27,27,27,14,14,0,0],"gold":269,"neow_bonus":"BOSS_RELIC","is_daily":false,"chose_seed":false,"campfire_upgraded":6,"win_rate":0.0,"timestamp":1608355248,"path_taken":["M","M","M","M","?","R","M","R","T","M","E","M","R","E","R","BOSS","M","$","M","?","M","R","E","R","T","?","?","?","M"],"items_purchased_type":["Card"],"build_version":"2020-12-13","purchased_purges":0,"victory":false,"max_hp_per_floor":[71,71,71,71,71,71,71,71,71,71,71,71,71,71,71,71,71,71,71,71,71,71,71,71,71,71,71,71,71,71,71],"card_choices":[{"not_picked":["Auto Shields","Go for the Eyes"],"picked":"Cold Snap","floor":1.0},{"not_picked":["Heatsinks","Compile Driver"],"picked":"Reinforced Body","floor":2.0},{"not_picked":["Hologram","Barrage"],"picked":"FTL","floor":3.0},{"not_picked":["Streamline","Stack"],"picked":"Sunder","floor":4.0},{"not_picked":["Auto Shields","Rebound"],"picked":"Go for the Eyes","floor":7},{"not_picked":["Turbo","Amplify"],"picked":"Scrape","floor":10},{"not_picked":["Fusion","FTL"],"picked":"Steam Power","floor":11},{"not_picked":["FTL","Cold Snap"],"picked":"Go for the Eyes","floor":12},{"not_picked":["Force Field","Ball Lightning"],"picked":"Barrage","floor":14},{"not_picked":["Machine Learning","Seek"],"picked":"Biased Cognition","floor":16},{"not_picked":["Streamline","Go for the Eyes"],"picked":"Chill","floor":18},{"not_picked":["Hologram","Double Energy"],"picked":"Cold Snap","floor":18},{"not_picked":["BootSequence","Creative AI"],"picked":"Gash","floor":20},{"not_picked":["Doom and Gloom","Conserve Battery"],"picked":"Fusion","floor":20},{"not_picked":["Loop","Go for the Eyes"],"picked":"Stack","floor":22},{"not_picked":["Static Discharge","Sunder"],"picked":"Rip and Tear","floor":22},{"not_picked":["Barrage","Leap+1"],"picked":"Stack","floor":24},{"not_picked":["Hologram","Stack"],"picked":"Melter","floor":28},{"not_picked":["Streamline+1","Barrage"],"picked":"Beam Cell","floor":28}],"player_experience":1363768,"relics_obtained":[{"floor":9,"key":"Ornamental Fan"},{"floor":11,"key":"Orichalcum"},{"floor":14,"key":"Prayer Wheel"},{"floor":24,"key":"Ginger"},{"floor":26,"key":"Happy Flower"}],"event_choices":[{"damage_healed":17.0,"max_hp_gain":0.0,"max_hp_loss":0.0,"gold_gain":0.0,"event_name":"The Cleric","player_choice":"Healed","floor":5.0,"gold_loss":35.0,"damage_taken":0.0},{"damage_healed":0,"gold_gain":0,"player_choice":"Ignored","damage_taken":0,"max_hp_gain":0,"max_hp_loss":0,"event_name":"The Mausoleum","floor":21,"gold_loss":0},{"damage_healed":0,"gold_gain":0,"player_choice":"Trade","damage_taken":0,"relics_obtained":["CultistMask"],"max_hp_gain":0,"max_hp_loss":0,"event_name":"FaceTrader","floor":27,"gold_loss":0},{"damage_healed":0,"gold_gain":0,"player_choice":"Ignored","damage_taken":0,"max_hp_gain":0,"max_hp_loss":0,"event_name":"Ghosts","floor":29,"gold_loss":0}],"is_beta":false,"boss_relics":[{"not_picked":["Tiny House","Cursed Key"],"picked":"Nuclear Battery"}],"items_purged_floors":[],"is_endless":false,"potions_floor_spawned":[1,10,11,14,18],"killed_by":"Shelled Parasite and Fungi","ascension_level":20}}