{"host":"5s7sm4h73jkd9266","time":1608362437,"event":{"mods":["AchievementEnabler","Bartender","BaseMod","Better Match","Better Vampires","BetterRewards","Colored Map","Colored Powertips","Conspire","Downfall","Energized Spire","GifTheSpireLib","Hermit","Hubris","Magitek Elite","Marisa????????","Melee Mod","Minty Spire (QoL Compilation)","Potion Indicator Mod","Rare Cards Sparkle","Relic Stats","Replay The Spire","Robot Space Explorer","Shade Mod","Shop Mod","StSLib","Stuff the Spire","The Bladedancer","The Blue Laboratory","The Cursed","The Disciple","The Dragon Tamer","The Forsaken","The Necromancer","The Wild Card","The Witch","Virulent Crown","everything is the same but u backflip on backflip","slay the spire mod where everything is the same but ironclad has a cowboy hat","vexMod"],"gold_per_floor":[132,189,208,81,81,95,115,80,80,80,80,80,111,163,48,81,81,176,176,189,215,247,63,73,73,88,88,136,136,150,170,170,189,189,287,287,302,12,12,12,24,24,34,34,61,37,48,73,73,91,91,91],"floor_reached":53,"playtime":8374,"items_purged":["ReplayTheSpireMod:Splinters"],"score":572,"play_id":"1b4956a9-bdf4-41d8-a713-a6e8bc5293cc","local_time":"20201219022037","is_ascension_mode":false,"campfire_choices":[{"data":"Shade:FleshOffering","floor":12.0,"key":"SMITH"},{"data":"Shade:LichForm","floor":17.0,"key":"SMITH"},{"data":"Replay:SS_forest_2","floor":25.0,"key":"SMITH"},{"data":"Shade:UnbarTheGrave","floor":27.0,"key":"SMITH"},{"data":"Shade:SkeletonHug","floor":29.0,"key":"SMITH"},{"floor":32.0,"key":"REST"},{"floor":34.0,"key":"REST"},{"floor":42,"key":"REST"},{"floor":44,"key":"REST"},{"floor":51,"key":"REST"}],"circlet_count":0,"master_deck":["Shade:Strike_Shade","Shade:Strike_Shade","Shade:Strike_Shade","Shade:Strike_Shade","Shade:Defend_Shade","Shade:Defend_Shade","Shade:Defend_Shade","Shade:Defend_Shade","Shade:AnimateDead","Shade:CarefulCut","Shade:CloudOfShrapnel","Shade:Carnophage","Shade:FleshToFlesh","Shade:FeralStrike","ReplayTheSpireMod:Private Reserves","Shade:CommandSoldier","Shade:FleshOffering+1","Shade:Asphyxiate","Shade:Frenzy","Shade:Premonition","Shade:SoulToxin","Shade:StitchTogether","Replay:SS_forest_2+1","Shade:CloudOfShrapnel","Shade:LichForm+1","Shade:OneIsEnough","Shade:OpenGraves+1","Shade:FreshBones","Shade:GoDigging+1","Shade:UnbarTheGrave+1","Shade:SkeletonHug+1","Shade:GreyBargain+1","Shade:SkeletonHug+1","Shade:CallOfTheGrave","Shade:LyeBath","Shade:SoulPierce","Shade:CallOfTheGrave+1","Replay:SS_forest_5","Shade:PoundOfFlesh","Shade:OpenGraves","Writhe","Shade:GraveStillness+1","Shade:Doomsay+1","Shade:FuneraryArmor","Shade:ClawBack+1","Shade:AuraOfUnlife","Shade:Premonition"],"relics":["Shade:YorickSkull","Strange Spoon","hubris:Spice","Pantograph","Meat on the Bone","Ice Cream"],"acts_visited":["Exordium","TheCity","TheBeyond"],"potions_floor_usage":[35,35,41,47,48],"damage_taken":[{"damage":0.0,"enemies":"conspire:RoseBush","floor":1.0,"turns":4.0},{"damage":0.0,"enemies":"Cultist","floor":3.0,"turns":3.0},{"damage":0.0,"enemies":"2 Louse","floor":6.0,"turns":2.0},{"damage":0.0,"enemies":"Looter","floor":7.0,"turns":3.0},{"damage":0.0,"enemies":"Blue Slaver","floor":13.0,"turns":2.0},{"damage":0.0,"enemies":"3 Sentries","floor":14.0,"turns":5.0},{"damage":4.0,"enemies":"Gremlin Nob","floor":16.0,"turns":4.0},{"damage":4.0,"enemies":"The Guardian","floor":18.0,"turns":5.0},{"damage":0.0,"enemies":"3 Byrds","floor":20.0,"turns":3.0},{"damage":5.0,"enemies":"conspire:MimicChest","floor":21.0,"turns":5.0},{"damage":3.0,"enemies":"conspire:FuzzyDice","floor":22.0,"turns":8.0},{"damage":2.0,"enemies":"Centurion and Healer","floor":24.0,"turns":5.0},{"damage":0.0,"enemies":"Chosen and Byrds","floor":26.0,"turns":6.0},{"damage":0.0,"enemies":"Snake Plant","floor":30.0,"turns":5.0},{"damage":20.0,"enemies":"Colosseum Slavers","floor":31.0,"turns":3.0},{"damage":12.0,"enemies":"Sentry and Sphere","floor":33.0,"turns":8.0},{"damage":46,"enemies":"hubris:MusketHawk","floor":35,"turns":16},{"damage":15,"enemies":"Orb Walker","floor":37,"turns":4},{"damage":52,"enemies":"3 Darklings","floor":41,"turns":5},{"damage":11,"enemies":"Spire Growth","floor":43,"turns":7},{"damage":55,"enemies":"Sphere and 2 Shapes","floor":47,"turns":9},{"damage":6,"enemies":"Nemesis","floor":48,"turns":9},{"damage":0,"enemies":"3 Darklings","floor":50,"turns":6},{"damage":77,"enemies":"Replay:Hell Engine","floor":52,"turns":26}],"seed_played":"3661103991686680004","potions_obtained":[{"floor":3.0,"key":"blueLaboratory:EnragingPotion"},{"floor":6.0,"key":"blueLaboratory:StoneskinPotion"},{"floor":16.0,"key":"Dexterity Potion"},{"floor":22.0,"key":"Dexterity Potion"},{"floor":24.0,"key":"Flashbang"},{"floor":26.0,"key":"blueLaboratory:FruitPunch"},{"floor":43,"key":"FearPotion"},{"floor":47,"key":"DuplicationPotion"}],"is_trial":false,"path_per_floor":["M","?","M","$","?","M","M","?","PTL","PTL","T","R","M","E","$","E","R","B",null,"M","?","M","$","M","R","M","R","T","R","M","?","R","M","R","B",null,"M","$","?","?","M","R","M","R","T","$","M","E","?","M","R","B",null],"character_chosen":"SHADE","items_purchased":["Shade:CloudOfShrapnel","Shade:Carnophage","Strange Spoon","Shade:FleshToFlesh","Shade:FeralStrike","HandOfGreed","ReplayTheSpireMod:Private Reserves","Shade:Frenzy","Replay:SS_forest_2","Shade:CloudOfShrapnel","Shade:UnbarTheGrave","Shade:SkeletonHug","Replay:SS_forest_5","Shade:PoundOfFlesh","sneckomod:MuddlingPotion","Shade:OpenGraves","Shade:FuneraryArmor"],"campfire_rested":5,"item_purchase_floors":[0,0,0,0,0,0,0,4,15,15,23,23,38,38,38,38,46],"current_hp_per_floor":[42,50,50,50,50,50,50,65,65,65,65,65,65,65,65,61,61,65,65,65,60,64,64,62,62,62,62,62,62,64,44,64,52,67,34,67,52,52,67,77,37,60,49,72,72,72,36,42,45,45,69,22],"gold":91,"neow_bonus":"","is_daily":false,"chose_seed":false,"campfire_upgraded":5,"win_rate":0.0,"timestamp":1608362437,"path_taken":["M","?","?","$","?","M","M","?","PTL","PTL","T","R","M","E","$","E","R","BOSS","M","?","?","?","M","R","M","R","T","R","M","?","R","M","R","BOSS","M","$","?","?","?","R","M","R","T","?","M","E","?","M","R","BOSS"],"items_purchased_type":["Card","Card","Relic","Card","Card","Card","Card","Card","Card","Card","Card","Card","Card","Card","Potion","Card","Card"],"build_version":"2020-12-13","purchased_purges":1,"victory":true,"max_hp_per_floor":[73,81,73,73,73,65,65,65,65,65,65,65,65,65,65,65,65,65,65,65,65,65,65,65,65,65,65,65,65,67,67,67,67,67,67,67,67,67,67,77,77,77,77,77,77,77,77,77,80,80,80,80],"relic_stats":{"Strange Spoon":[47],"counters":[24,151],"Pantograph":15,"obtain_stats":[{"Ice Cream":21,"Strange Spoon":0,"Sneakers":0,"hubris:Spice":0,"Shade:YorickSkull":0,"Pantograph":11,"Meat on the Bone":16},{"Ice Cream":10,"Strange Spoon":0,"Sneakers":0,"hubris:Spice":0,"Shade:YorickSkull":0,"Pantograph":4,"Meat on the Bone":7},{"Ice Cream":34,"Strange Spoon":0,"Sneakers":0,"hubris:Spice":0,"Shade:YorickSkull":0,"Pantograph":11,"Meat on the Bone":22}],"Meat on the Bone":60},"card_choices":[{"not_picked":["Shade:RavenousHorde","Shade:FleshToFlesh"],"picked":"Shade:CommandSoldier","floor":1.0},{"not_picked":["Shade:ScuttlingHand","Shade:PressTheAttack"],"picked":"Shade:FleshOffering","floor":2.0},{"not_picked":["Shade:FuneraryArmor","Shade:FeralStrike"],"picked":"Shade:Asphyxiate","floor":2.0},{"not_picked":["Shade:ExtraLimbs","Shade:FingerOfDeath"],"picked":"hubris:SpiceAddiction","floor":3.0},{"not_picked":["Shade:FuneraryArmor","Shade:RavenousHorde"],"picked":"hubris:SpiceAddiction","floor":6.0},{"not_picked":["Shade:CoffinDance","Shade:PoundOfFlesh"],"picked":"Shade:Premonition","floor":7.0},{"not_picked":["Shade:FingerOfDeath","Shade:Bonestorm"],"picked":"Shade:SoulToxin","floor":13.0},{"not_picked":["Shade:ClawBack","hubris:SpiceAddiction"],"picked":"Shade:StitchTogether","floor":14.0},{"not_picked":["Shade:Asphyxiate","Shade:Trample"],"picked":"Shade:LichForm","floor":16.0},{"not_picked":["Shade:SelfBurial","hubris:SpiceAddiction"],"picked":"Shade:OneIsEnough","floor":18.0},{"not_picked":["Shade:GreyBargain","Shade:TouchOfTheGrave"],"picked":"Shade:OpenGraves+1","floor":20.0},{"not_picked":["Shade:SpontaneousRitual","hubris:SpiceAddiction"],"picked":"Shade:FreshBones","floor":21.0},{"not_picked":["Shade:WallOfFlesh","Shade:GreyBargain"],"picked":"Shade:GoDigging+1","floor":22.0},{"not_picked":["Shade:Haruspicy+1","Shade:WallOfFlesh"],"picked":"Shade:GreyBargain+1","floor":24.0},{"not_picked":["hubris:SpiceAddiction","Shade:Brains"],"picked":"Shade:SkeletonHug+1","floor":26.0},{"not_picked":["hubris:SpiceAddiction","Shade:SanguineRitual"],"picked":"Shade:CallOfTheGrave","floor":30.0},{"not_picked":["Shade:Bonestorm","Shade:AncientSpear"],"picked":"Shade:LyeBath","floor":33.0},{"not_picked":["Shade:LoseControl","Shade:DarkOfNight"],"picked":"Shade:SoulPierce","floor":35},{"not_picked":["Shade:GreyBargain","Shade:WallOfFlesh+1"],"picked":"Shade:CallOfTheGrave+1","floor":37},{"not_picked":["Shade:TouchOfTheGrave+1","Shade:CoffinDance+1"],"picked":"Shade:GraveStillness+1","floor":41},{"not_picked":["Shade:FingerOfDeath+1","Shade:TouchOfTheGrave+1"],"picked":"Shade:Doomsay+1","floor":43},{"not_picked":["Shade:AncientSpear","hubris:SpiceAddiction"],"picked":"Shade:ClawBack+1","floor":47},{"not_picked":["hubris:SpiceAddiction","Shade:LichForm"],"picked":"Shade:AuraOfUnlife","floor":48},{"not_picked":["Shade:Trample","Shade:BoneShards+1"],"picked":"Shade:Premonition","floor":50}],"player_experience":5334037,"relics_obtained":[{"floor":2.0,"key":"hubris:Spice"},{"floor":11.0,"key":"Pantograph"},{"floor":16.0,"key":"Meat on the Bone"},{"floor":21.0,"key":"Ice Cream"}],"event_choices":[{"damage_healed":0.0,"max_hp_gain":0.0,"max_hp_loss":0.0,"gold_gain":0.0,"event_name":"conspire:LoneGhost","player_choice":"Disagree","floor":5.0,"gold_loss":0.0,"damage_taken":0.0},{"damage_healed":16.0,"max_hp_gain":0.0,"max_hp_loss":0.0,"gold_gain":0.0,"event_name":"The Cleric","player_choice":"Healed","floor":8.0,"gold_loss":35.0,"damage_taken":0.0},{"damage_healed":0.0,"max_hp_gain":0.0,"max_hp_loss":0.0,"gold_gain":0.0,"event_name":"Colosseum","player_choice":"Fight","floor":31.0,"gold_loss":0.0,"damage_taken":0.0},{"damage_healed":0.0,"max_hp_gain":0.0,"max_hp_loss":0.0,"gold_gain":0.0,"event_name":"Colosseum","player_choice":"Fled From Nobs","floor":31.0,"gold_loss":0.0,"damage_taken":0.0},{"damage_healed":17,"gold_gain":0,"player_choice":"Writhe","damage_taken":0,"max_hp_gain":0,"max_hp_loss":0,"event_name":"Winding Halls","floor":39,"gold_loss":0,"cards_obtained":["Writhe"]},{"cards_removed":["HandOfGreed"],"damage_healed":0,"gold_gain":0,"player_choice":"Offered Rare","damage_taken":0,"max_hp_gain":10,"max_hp_loss":0,"event_name":"Bonfire Elementals","floor":40,"gold_loss":0}],"is_beta":false,"boss_relics":[{"not_picked":["hubris:Spice","vexMod:DeviousBotling","hubris:RunicObelisk"]},{"not_picked":["hubris:BlackHole","hubris:Spice","hubris:Spice"]}],"items_purged_floors":[4],"is_endless":false,"potions_floor_spawned":[3,6,16,22,24,26,43,47],"ascension_level":0}}