{"host":"gzwwvnucm264f2jm","time":1608421424,"event":{"mods":["AchievementEnabler","BaseMod","Better Note","BetterRewards","Colored Map","Curses Come First","Minty Spire (QoL Compilation)","Permanent Neow","Quick Restart","Rare Cards Sparkle","Slay-I","Spicy Shops","StSLib","SuperFastMode"],"gold_per_floor":[115,115,115,134,10,10,10,10,10,10,10,10,10,30,30,150,150,166,166,182,36,54,54,54,54,54,54,54,54,77,120,120,248,248,261,109,125,5,338,338,338,369,369,369,420,420,306,324,324,324],"floor_reached":51,"playtime":1451,"items_purged":[],"score":806,"play_id":"d12e0e47-09a8-47c9-b468-eec1f03fe400","local_time":"20201219184344","daily_mods":["Draft","Vintage","Flight"],"is_ascension_mode":true,"campfire_choices":[{"data":"Coolheaded","floor":6,"key":"SMITH"},{"data":"Coolheaded","floor":7,"key":"SMITH"},{"data":"Turbo","floor":8,"key":"SMITH"},{"data":"Hologram","floor":13,"key":"SMITH"},{"data":"Fusion","floor":15,"key":"SMITH"},{"data":"Barrage","floor":23,"key":"SMITH"},{"data":"Barrage","floor":24,"key":"SMITH"},{"data":"Biased Cognition","floor":25,"key":"SMITH"},{"floor":29,"key":"REST"},{"data":"Aggregate","floor":32,"key":"SMITH"},{"data":"Biased Cognition","floor":40,"key":"SMITH"},{"data":"Defragment","floor":44,"key":"SMITH"},{"floor":49,"key":"REST"}],"circlet_count":0,"master_deck":["Barrage+1","Aggregate+1","Cold Snap","Coolheaded+1","Glacier","Turbo+1","Hologram+1","Barrage+1","Melter","Sweeping Beam","Fusion+1","Coolheaded+1","Ball Lightning","Glacier+1","Biased Cognition+1","Ball Lightning+1","Turbo+1","Biased Cognition+1","Panacea+1","Defragment+1"],"relics":["Cracked Core","Question Card","Centennial Puzzle","Blue Candle","Art of War","Pear","Bottled Lightning","Cursed Key","Matryoshka","Bottled Flame","Membership Card","Dream Catcher","Bronze Scales","Blood Vial","MutagenicStrength","Regal Pillow","Toxic Egg 2","Turnip","Smiling Mask","Empty Cage","Symbiotic Virus","Ice Cream","Strawberry","Vajra","Oddly Smooth Stone","Singing Bowl","Du-Vu Doll","OrangePellets","Pen Nib","Meat on the Bone"],"acts_visited":["Exordium","TheCity","TheBeyond"],"potions_floor_usage":[33,50,50,50],"damage_taken":[{"damage":0,"enemies":"Jaw Worm","floor":1,"turns":3},{"damage":0,"enemies":"2 Louse","floor":4,"turns":2},{"damage":1,"enemies":"Cultist","floor":14,"turns":2},{"damage":8,"enemies":"Slime Boss","floor":16,"turns":8},{"damage":0,"enemies":"Shell Parasite","floor":18,"turns":3},{"damage":9,"enemies":"2 Thieves","floor":20,"turns":3},{"damage":0,"enemies":"Sentry and Sphere","floor":22,"turns":2},{"damage":2,"enemies":"Cultist and Chosen","floor":30,"turns":4},{"damage":7,"enemies":"Gremlin Leader","floor":31,"turns":4},{"damage":19,"enemies":"Champ","floor":33,"turns":8},{"damage":0,"enemies":"3 Darklings","floor":35,"turns":3},{"damage":0,"enemies":"3 Shapes","floor":37,"turns":2},{"damage":28,"enemies":"Nemesis","floor":42,"turns":3},{"damage":1,"enemies":"2 Orb Walkers","floor":45,"turns":3},{"damage":17,"enemies":"3 Darklings","floor":48,"turns":2},{"damage":24,"enemies":"Time Eater","floor":50,"turns":7}],"seed_played":"9032250217635577311","potions_obtained":[{"floor":14,"key":"SpeedPotion"},{"floor":22,"key":"Weak Potion"},{"floor":31,"key":"SteroidPotion"},{"floor":33,"key":"CultistPotion"},{"floor":37,"key":"PotionOfCapacity"}],"is_trial":true,"path_per_floor":["M","?","?","M","$","R","R","R","T","?","?","T","R","M","R","B",null,"M","?","M","$","M","R","R","R","T","?","T","R","M","E","R","B",null,"M","$","M","$","?","R","?","E","T","R","?","?","$","M","R","B",null],"character_chosen":"DEFECT","items_purchased":["Blue Candle","Membership Card","Ice Cream","Panacea+1","Vajra","OrangePellets","Pen Nib"],"campfire_rested":2,"item_purchase_floors":[5,21,36,38,38,47,47],"current_hp_per_floor":[75,80,80,80,80,80,80,80,80,80,64,74,74,73,73,65,90,90,90,81,81,81,81,81,81,81,81,81,90,88,83,83,66,90,90,90,97,97,97,97,97,69,69,69,72,72,72,57,101,77],"gold":324,"neow_bonus":"","is_daily":false,"chose_seed":false,"campfire_upgraded":11,"win_rate":0.0,"timestamp":1608421424,"path_taken":["M","?","?","?","$","R","R","R","T","?","?","?","R","M","R","BOSS","M","?","M","$","?","R","R","R","T","?","?","R","?","E","R","BOSS","M","$","M","$","?","R","?","E","T","R","?","?","$","?","R","BOSS"],"items_purchased_type":["Relic","Relic","Relic","Card","Relic","Relic","Relic"],"build_version":"2020-12-13","purchased_purges":0,"victory":true,"max_hp_per_floor":[75,80,80,80,80,80,80,80,80,80,80,90,90,90,90,90,90,90,90,90,90,90,90,90,90,90,90,90,90,90,90,90,90,90,90,90,97,97,97,97,97,97,97,97,99,99,99,99,101,101],"card_choices":[{"not_picked":["Streamline","Aggregate"],"picked":"Barrage","floor":0},{"not_picked":["Sweeping Beam","Rebound"],"picked":"Aggregate","floor":0},{"not_picked":["Barrage","Steam"],"picked":"Cold Snap","floor":0},{"not_picked":["Undo","Conserve Battery"],"picked":"Coolheaded","floor":0},{"not_picked":["Gash","Conserve Battery"],"picked":"Glacier","floor":0},{"not_picked":["Recycle","Stack"],"picked":"Turbo","floor":0},{"not_picked":["Sweeping Beam","Leap"],"picked":"Hologram","floor":0},{"not_picked":["Tempest","Coolheaded"],"picked":"Barrage","floor":0},{"not_picked":["Compile Driver","Rebound"],"picked":"Melter","floor":0},{"not_picked":["Rip and Tear","Streamline"],"picked":"FTL","floor":0},{"not_picked":["Streamline","Hologram"],"picked":"Sweeping Beam","floor":0},{"not_picked":["Beam Cell","Streamline"],"picked":"Fusion","floor":0},{"not_picked":["Lockon","Tempest"],"picked":"Coolheaded","floor":0},{"not_picked":["Turbo","Sunder"],"picked":"Ball Lightning","floor":0},{"not_picked":["Hologram","Rebound"],"picked":"Glacier","floor":0},{"not_picked":["Meteor Strike","Fission","Electrodynamics"],"picked":"Biased Cognition","floor":16},{"not_picked":["Scrape","Melter+1","Coolheaded+1"],"picked":"Ball Lightning+1","floor":29},{"not_picked":["Scrape","Barrage","Sunder"],"picked":"Turbo+1","floor":31},{"not_picked":["All For One","Electrodynamics","Fission+1"],"picked":"Biased Cognition","floor":33},{"not_picked":["Lockon","Leap+1","Steam+1"],"picked":"Defragment","floor":42},{"not_picked":["Heatsinks","Force Field+1","Steam+1","Blizzard+1"],"picked":"Singing Bowl","floor":45},{"not_picked":["Sweeping Beam","Steam+1","Leap+1","Rebound"],"picked":"Singing Bowl","floor":49}],"player_experience":434426,"relics_obtained":[{"floor":1,"key":"Question Card"},{"floor":4,"key":"Centennial Puzzle"},{"floor":9,"key":"Art of War"},{"floor":12,"key":"Pear"},{"floor":14,"key":"Bottled Lightning"},{"floor":18,"key":"Matryoshka"},{"floor":20,"key":"Bottled Flame"},{"floor":22,"key":"Dream Catcher"},{"floor":26,"key":"Bronze Scales"},{"floor":26,"key":"Blood Vial"},{"floor":28,"key":"Regal Pillow"},{"floor":28,"key":"Toxic Egg 2"},{"floor":30,"key":"Turnip"},{"floor":31,"key":"Smiling Mask"},{"floor":35,"key":"Symbiotic Virus"},{"floor":37,"key":"Strawberry"},{"floor":42,"key":"Oddly Smooth Stone"},{"floor":43,"key":"Singing Bowl"},{"floor":45,"key":"Du-Vu Doll"},{"floor":48,"key":"Meat on the Bone"}],"event_choices":[{"damage_healed":0,"gold_gain":0,"player_choice":"Donut","damage_taken":0,"max_hp_gain":5,"max_hp_loss":0,"event_name":"Big Fish","floor":2,"gold_loss":0},{"damage_healed":0,"gold_gain":0,"player_choice":"Ignored","damage_taken":0,"max_hp_gain":0,"max_hp_loss":0,"event_name":"betterNote:BetterNote","floor":3,"gold_loss":0,"cards_obtained":["WindmillStrike"]},{"damage_healed":0,"gold_gain":0,"player_choice":"Take Wound","damage_taken":0,"relics_obtained":["Golden Idol"],"max_hp_gain":0,"max_hp_loss":0,"event_name":"Golden Idol","floor":10,"gold_loss":0,"cards_obtained":["Injury"]},{"damage_healed":0,"gold_gain":0,"player_choice":"Entered Light","damage_taken":16,"max_hp_gain":0,"max_hp_loss":0,"event_name":"Shining Light","floor":11,"gold_loss":0,"cards_upgraded":["Glacier","FTL"]},{"cards_removed":["Injury"],"damage_healed":0,"gold_gain":0,"player_choice":"Card Removal","damage_taken":0,"max_hp_gain":0,"max_hp_loss":0,"event_name":"Wheel of Change","floor":19,"gold_loss":0},{"damage_healed":0,"gold_gain":0,"player_choice":"Inject Mutagens","damage_taken":0,"relics_obtained":["MutagenicStrength"],"max_hp_gain":0,"max_hp_loss":0,"event_name":"Drug Dealer","floor":27,"gold_loss":0},{"damage_healed":0,"gold_gain":333,"player_choice":"Gave Idol","damage_taken":0,"max_hp_gain":0,"max_hp_loss":0,"event_name":"The Moai Head","floor":39,"relics_lost":["Golden Idol"],"gold_loss":0},{"cards_removed":["FTL"],"damage_healed":0,"gold_gain":0,"player_choice":"Removed Attack","damage_taken":0,"max_hp_gain":0,"max_hp_loss":0,"event_name":"Falling","floor":41,"gold_loss":0},{"damage_healed":0,"gold_gain":0,"player_choice":"Fight","damage_taken":0,"max_hp_gain":0,"max_hp_loss":0,"event_name":"Mysterious Sphere","floor":45,"gold_loss":0},{"cards_removed":["Writhe"],"damage_healed":0,"gold_gain":0,"player_choice":"Purged","damage_taken":0,"max_hp_gain":0,"max_hp_loss":0,"event_name":"Purifier","floor":46,"gold_loss":0}],"is_beta":false,"boss_relics":[{"not_picked":["Ectoplasm","Nuclear Battery"],"picked":"Cursed Key"},{"not_picked":["Calling Bell","Tiny House"],"picked":"Empty Cage"}],"items_purged_floors":[],"is_endless":false,"potions_floor_spawned":[14,22,31,33,35,37,48],"ascension_level":1}}