{"host":"ggy1mjjy92c62u6a","time":1608354887,"event":{"mods":["ATMod(°¢èªMod)","BaseMod","Colored Powertips","Minty Spire (QoL Compilation)","Quick Restart","Shop Mod","Spicy Shops","StSLib"],"gold_per_floor":[117,127,127,166,176,176,146,177,232,248,265,18,18,34,34,132,132,149,186,205,215,229,260,260,359,405,421,158,193,3,17,17,116,116,152,152,202,202,212,240,240,197,197,226,241,241,241,275,275,275],"floor_reached":51,"playtime":4731,"items_purged":["Defend_G","Defend_G"],"score":1074,"play_id":"7843d607-3155-4577-ac39-4c9e2c8add1e","local_time":"20201219131447","is_ascension_mode":true,"campfire_choices":[{"data":"Reflex","floor":6,"key":"SMITH"},{"data":"Escape Plan","floor":15,"key":"SMITH"},{"floor":24,"key":"REST"},{"data":"Calculated Gamble","floor":32,"key":"SMITH"},{"floor":41,"key":"REST"},{"floor":46,"key":"REST"},{"floor":49,"key":"REST"}],"circlet_count":0,"master_deck":["Strike_G+1","Strike_G+1","Strike_G","Defend_G","Defend_G","Survivor","Neutralize","AT_RealColorLess+1","Reflex+1","Escape Plan+1","Caltrops","Prepared","Blur","Calculated Gamble+1","Prepared+1","AT_WomanClash+1","Trip"],"relics":["AT_ATBox","Black Star","Bronze Scales","AT_SeraphEmbrace","MerchantsRug","Happy Flower","AT_TrinityForce","Unceasing Top","AT_ForceNature","Snake Skull","AT_RedNoBalance","Letter Opener","Dream Catcher","Membership Card","Empty Cage","Tingsha","Strawberry","Pen Nib","AT_ChloranthyRing","AT_SunfireAegis","Anchor","Bag of Marbles"],"acts_visited":["Exordium","TheCity","TheBeyond"],"potions_floor_usage":[5,20,22,23,27,33,40,45],"damage_taken":[{"damage":3,"enemies":"Cultist","floor":1,"turns":5},{"damage":9,"enemies":"2 Louse","floor":2,"turns":2},{"damage":4,"enemies":"Jaw Worm","floor":4,"turns":3},{"damage":3,"enemies":"Blue Slaver","floor":5,"turns":4},{"damage":4,"enemies":"Looter","floor":7,"turns":4},{"damage":8,"enemies":"3 Sentries","floor":8,"turns":4},{"damage":0,"enemies":"2 Fungi Beasts","floor":10,"turns":3},{"damage":0,"enemies":"Lots of Slimes","floor":11,"turns":3},{"damage":0,"enemies":"Red Slaver","floor":14,"turns":5},{"damage":0,"enemies":"The Guardian","floor":16,"turns":23},{"damage":61,"enemies":"3 Byrds","floor":18,"turns":3},{"damage":0,"enemies":"Chosen","floor":19,"turns":3},{"damage":0,"enemies":"Snake Plant","floor":20,"turns":3},{"damage":7,"enemies":"Snecko","floor":21,"turns":4},{"damage":8,"enemies":"Sentry and Sphere","floor":22,"turns":4},{"damage":0,"enemies":"Gremlin Leader","floor":23,"turns":4},{"damage":4,"enemies":"3 Cultists","floor":27,"turns":5},{"damage":0,"enemies":"Book of Stabbing","floor":29,"turns":5},{"damage":0,"enemies":"Centurion and Healer","floor":31,"turns":7},{"damage":19,"enemies":"Collector","floor":33,"turns":7},{"damage":0,"enemies":"3 Shapes","floor":35,"turns":2},{"damage":0,"enemies":"Mind Bloom Boss Battle","floor":37,"turns":4},{"damage":7,"enemies":"3 Darklings","floor":39,"turns":2},{"damage":32,"enemies":"Nemesis","floor":40,"turns":7},{"damage":0,"enemies":"Giant Head","floor":44,"turns":4},{"damage":0,"enemies":"Transient","floor":45,"turns":3},{"damage":0,"enemies":"Reptomancer","floor":48,"turns":2},{"damage":0,"enemies":"Time Eater","floor":50,"turns":3}],"seed_played":"6151764851631826594","potions_obtained":[{"floor":2,"key":"SpeedPotion"},{"floor":5,"key":"Fruit Juice"},{"floor":8,"key":"FearPotion"},{"floor":11,"key":"Fire Potion"},{"floor":14,"key":"SpeedPotion"},{"floor":16,"key":"Weak Potion"},{"floor":18,"key":"DistilledChaos"},{"floor":23,"key":"ColorlessPotion"},{"floor":27,"key":"GamblersBrew"},{"floor":35,"key":"SpeedPotion"},{"floor":40,"key":"ColorlessPotion"},{"floor":48,"key":"Ancient Potion"}],"is_trial":false,"path_per_floor":["M","M","?","M","M","R","M","E","T","M","M","$","?","M","R","B",null,"M","M","M","M","M","E","R","?","T","M","$","E","$","M","R","B",null,"M","?","?","?","M","E","R","$","T","E","M","R","?","E","R","B",null],"character_chosen":"THE_SILENT","items_purchased":["MerchantsRug","Happy Flower","AT_SilverBalance","Dream Catcher","Membership Card","Strawberry"],"campfire_rested":4,"item_purchase_floors":[12,12,28,30,30,42],"current_hp_per_floor":[67,58,58,54,56,56,52,44,44,44,44,44,49,49,49,49,80,19,19,19,12,4,4,28,28,28,24,24,40,40,40,40,21,80,40,40,40,40,33,1,23,30,30,30,30,54,54,54,78,78],"gold":275,"neow_bonus":"BOSS_RELIC","is_daily":false,"chose_seed":false,"campfire_upgraded":3,"win_rate":0.0,"timestamp":1608354887,"path_taken":["M","M","?","M","M","R","M","E","T","M","M","?","?","M","R","BOSS","M","M","M","M","M","E","R","?","T","M","$","E","$","M","R","BOSS","M","?","?","?","M","E","R","$","T","E","M","R","?","E","R","BOSS"],"items_purchased_type":["Relic","Relic","Relic","Relic","Relic","Relic"],"build_version":"2020-12-13","purchased_purges":2,"victory":true,"max_hp_per_floor":[70,70,70,70,75,75,75,75,75,75,75,75,80,80,80,80,80,80,80,80,80,80,80,80,80,80,80,80,80,80,80,80,80,80,80,76,76,76,76,76,76,83,83,83,83,83,83,83,83,83],"card_choices":[{"not_picked":["Deadly Poison","Infinite Blades"],"picked":"Reflex","floor":1},{"not_picked":["Dagger Spray","All Out Attack","Bouncing Flask"],"picked":"SKIP","floor":2},{"not_picked":["Endless Agony","Slice","All Out Attack"],"picked":"SKIP","floor":4},{"not_picked":["Cloak And Dagger","Acrobatics","Terror"],"picked":"SKIP","floor":5},{"not_picked":["Backflip","AT_WindFlip"],"picked":"Escape Plan","floor":7},{"not_picked":["Backflip","Deadly Poison","Caltrops"],"picked":"SKIP","floor":8},{"not_picked":["Backflip","Masterful Stab","Deflect"],"picked":"SKIP","floor":10},{"not_picked":["Backflip","Masterful Stab","Deflect"],"picked":"SKIP","floor":10},{"not_picked":["All Out Attack","Reflex","Outmaneuver"],"picked":"SKIP","floor":11},{"not_picked":["Choke","AT_WindFlip","AT_ShadowStep"],"picked":"SKIP","floor":14},{"not_picked":["Flying Knee","Deadly Poison","Slice"],"picked":"SKIP","floor":18},{"not_picked":["Deflect","Well Laid Plans","Slice"],"picked":"SKIP","floor":19},{"not_picked":["Caltrops+1","Deflect","Blade Dance"],"picked":"SKIP","floor":20},{"not_picked":["Endless Agony+1","Bouncing Flask"],"picked":"Caltrops","floor":21},{"not_picked":["Malaise","Dash"],"picked":"Prepared","floor":22},{"not_picked":["Dagger Spray","Doppelganger"],"picked":"Blur","floor":23},{"not_picked":["Backstab","Dodge and Roll+1","Bane"],"picked":"SKIP","floor":27},{"not_picked":["A Thousand Cuts","PiercingWail","Catalyst"],"picked":"SKIP","floor":29},{"not_picked":["Leg Sweep+1","Acrobatics"],"picked":"Calculated Gamble","floor":31},{"not_picked":["Distraction","Sucker Punch+1","AT_ThistleTea"],"picked":"SKIP","floor":35},{"not_picked":["Choke+1","Quick Slash+1"],"picked":"Prepared+1","floor":39},{"not_picked":["AT_ShadowStep","Deadly Poison+1","PiercingWail"],"picked":"SKIP","floor":40},{"not_picked":["AT_FocusSwordFire+1","Tools of the Trade"],"picked":"AT_WomanClash+1","floor":44},{"not_picked":["Acrobatics+1","Poisoned Stab","Slice"],"picked":"SKIP","floor":45},{"not_picked":["Skewer+1","Infinite Blades+1","Blade Dance"],"picked":"SKIP","floor":48}],"player_experience":30755,"relics_obtained":[{"floor":8,"key":"AT_TimeSand"},{"floor":8,"key":"Bronze Scales"},{"floor":9,"key":"AT_ArchangelStaff"},{"floor":23,"key":"Unceasing Top"},{"floor":23,"key":"AT_ForceNature"},{"floor":26,"key":"Snake Skull"},{"floor":29,"key":"Letter Opener"},{"floor":29,"key":"Tiny Chest"},{"floor":37,"key":"Tingsha"},{"floor":40,"key":"Art of War"},{"floor":40,"key":"Whetstone"},{"floor":43,"key":"Pen Nib"},{"floor":44,"key":"AT_ChloranthyRing"},{"floor":44,"key":"AT_SunfireAegis"},{"floor":48,"key":"Anchor"},{"floor":48,"key":"Bag of Marbles"}],"event_choices":[{"cards_removed":["Strike_G"],"damage_healed":0,"gold_gain":0,"player_choice":"Purged","damage_taken":0,"max_hp_gain":0,"max_hp_loss":0,"event_name":"Purifier","floor":3,"gold_loss":0},{"damage_healed":0,"gold_gain":0,"player_choice":"Donut","damage_taken":0,"max_hp_gain":5,"max_hp_loss":0,"event_name":"Big Fish","floor":13,"gold_loss":0},{"damage_healed":0,"gold_gain":99,"player_choice":"Stole From Cult","damage_taken":0,"max_hp_gain":0,"max_hp_loss":0,"event_name":"Nest","floor":25,"gold_loss":0},{"damage_healed":0,"gold_gain":0,"player_choice":"Max HP","damage_taken":0,"max_hp_gain":0,"max_hp_loss":4,"event_name":"Winding Halls","floor":36,"gold_loss":0},{"damage_healed":0,"gold_gain":0,"player_choice":"Fight","damage_taken":0,"max_hp_gain":0,"max_hp_loss":0,"event_name":"MindBloom","floor":37,"gold_loss":0},{"damage_healed":0,"gold_gain":0,"player_choice":"Memory 1","damage_taken":0,"max_hp_gain":0,"max_hp_loss":0,"event_name":"SensoryStone","floor":38,"gold_loss":0},{"damage_healed":0,"gold_gain":0,"player_choice":"1 cards matched","damage_taken":0,"max_hp_gain":0,"max_hp_loss":0,"event_name":"Match and Keep!","floor":47,"gold_loss":0,"cards_obtained":["Trip"]}],"is_beta":false,"boss_relics":[{"not_picked":["HoveringKite","Sozu"],"picked":"AT_TrinityForce"},{"not_picked":["Calling Bell","Philosopher\u0027s Stone"],"picked":"Empty Cage"}],"items_purged_floors":[28,42],"is_endless":false,"potions_floor_spawned":[2,5,8,11,14,16,18,19,23,27,35,40,48],"ascension_level":2}}