{"host":"hgkb2zpbo2dcws21","time":1608384915,"event":{"mods":["AchievementEnabler","BaseMod","Colored Map","Colored Powertips","Custom Start","DeckTracker","KOR Keyword Fix","Minty Spire (QoL Compilation)","StSLib","SuperFastMode"],"gold_per_floor":[112,124,135,9,28,28,28,363,363,375,375,375,392,48,48,119,119,131,131,146,158,33,33,33,33],"floor_reached":24,"playtime":470,"items_purged":["Strike_G","Strike_G","Strike_G"],"score":376,"play_id":"987de669-51ec-4790-a67f-9fbacb9de473","local_time":"20201219223515","is_ascension_mode":true,"campfire_choices":[{"data":"Cloak And Dagger","floor":6.0,"key":"SMITH"},{"floor":12.0,"key":"REST"},{"data":"Terror","floor":15,"key":"SMITH"},{"data":"Adrenaline","floor":23,"key":"SMITH"}],"circlet_count":0,"master_deck":["AscendersBane","Strike_G","Strike_G","Defend_G","Defend_G","Defend_G","Defend_G","Defend_G","Survivor","Neutralize","Accuracy","Acrobatics","Finisher","Cloak And Dagger+1","Infinite Blades","Terror+1","Infinite Blades","Storm of Steel","Adrenaline+1","Backflip+1","Slice"],"relics":["Ring of the Snake","NeowsBlessing","Old Coin","Paper Crane","Lee\u0027s Waffle","WristBlade"],"acts_visited":["Exordium","TheCity"],"potions_floor_usage":[16],"damage_taken":[{"damage":0.0,"enemies":"Cultist","floor":1.0,"turns":1.0},{"damage":0.0,"enemies":"Jaw Worm","floor":2.0,"turns":1.0},{"damage":0.0,"enemies":"Small Slimes","floor":3.0,"turns":1.0},{"damage":6.0,"enemies":"Red Slaver","floor":5.0,"turns":4.0},{"damage":35.0,"enemies":"3 Sentries","floor":8.0,"turns":12.0},{"damage":7.0,"enemies":"Large Slime","floor":10.0,"turns":5.0},{"damage":21.0,"enemies":"Gremlin Gang","floor":13.0,"turns":5.0},{"damage":6,"enemies":"Hexaghost","floor":16,"turns":6},{"damage":34,"enemies":"Shell Parasite","floor":18,"turns":4},{"damage":0,"enemies":"Chosen","floor":20,"turns":2},{"damage":0,"enemies":"Centurion and Healer","floor":21,"turns":4},{"damage":38,"enemies":"Gremlin Leader","floor":24,"turns":4}],"seed_played":"8172111974485278588","potions_obtained":[{"floor":1.0,"key":"EssenceOfSteel"},{"floor":3.0,"key":"GhostInAJar"},{"floor":8.0,"key":"Energy Potion"},{"floor":18,"key":"AttackPotion"}],"is_trial":false,"path_per_floor":["M","M","M","$","M","R","$","E","T","M","?","R","M","$","R","B",null,"M","?","M","M","$","R","E"],"character_chosen":"THE_SILENT","items_purchased":["Cloak And Dagger","Lee\u0027s Waffle","Infinite Blades"],"campfire_rested":1,"item_purchase_floors":[4,14,14],"current_hp_per_floor":[59,59,59,59,53,53,53,18,18,11,11,30,9,73,73,67,72,38,38,38,38,38,38,0,0],"gold":33,"neow_bonus":"THREE_ENEMY_KILL","is_daily":false,"chose_seed":false,"campfire_upgraded":3,"win_rate":0.0,"timestamp":1608384915,"path_taken":["M","?","M","$","?","R","?","E","T","M","?","R","M","$","R","BOSS","M","?","M","M","$","R","E"],"items_purchased_type":["Card","Relic","Card"],"build_version":"2020-12-13","purchased_purges":3,"victory":false,"max_hp_per_floor":[66,66,66,66,66,66,66,66,66,66,66,66,66,73,73,73,73,73,73,73,73,73,73,73,73],"card_choices":[{"not_picked":["Catalyst","All Out Attack"],"picked":"Accuracy","floor":1.0},{"not_picked":["Sucker Punch","Quick Slash"],"picked":"Acrobatics","floor":2.0},{"not_picked":["Dodge and Roll","Sucker Punch"],"picked":"Finisher","floor":3.0},{"not_picked":["Dodge and Roll","Deadly Poison","Deflect"],"picked":"SKIP","floor":5.0},{"not_picked":["Riddle With Holes","Eviscerate"],"picked":"Infinite Blades","floor":8.0},{"not_picked":["Deflect","Endless Agony"],"picked":"Terror","floor":10.0},{"not_picked":["Dagger Spray","Eviscerate","Endless Agony"],"picked":"SKIP","floor":13.0},{"not_picked":["Unload","Night Terror"],"picked":"Storm of Steel","floor":16},{"not_picked":["Deadly Poison","Skewer","Quick Slash"],"picked":"SKIP","floor":18},{"not_picked":["Bane","Quick Slash"],"picked":"Backflip+1","floor":20},{"not_picked":["Bane","Skewer+1"],"picked":"Slice","floor":21}],"player_experience":1087629,"relics_obtained":[{"floor":8.0,"key":"Old Coin"},{"floor":9.0,"key":"Paper Crane"}],"event_choices":[{"damage_healed":0.0,"max_hp_gain":0.0,"max_hp_loss":0.0,"gold_gain":0.0,"event_name":"Liars Game","player_choice":"Ignored","floor":11.0,"gold_loss":0.0,"damage_taken":0.0},{"damage_healed":0,"gold_gain":0,"player_choice":"1 cards matched","damage_taken":0,"max_hp_gain":0,"max_hp_loss":0,"event_name":"Match and Keep!","floor":19,"gold_loss":0,"cards_obtained":["Adrenaline"]}],"is_beta":false,"boss_relics":[{"not_picked":["Empty Cage","Tiny House"],"picked":"WristBlade"}],"items_purged_floors":[4,14,22],"is_endless":false,"potions_floor_spawned":[1,3,8,18],"killed_by":"Gremlin Leader","ascension_level":18}}