{"host":"j49z5jz0n7e8vjox","time":1608407941,"event":{"mods":["AchievementEnabler","BaseMod","Bestiary","Colored Map","Colored Powertips","DeckTracker","Minty Spire (QoL Compilation)"],"gold_per_floor":[115,132,155,173,183,213,213,247,247,247,247],"floor_reached":10,"playtime":659,"items_purged":[],"score":105,"play_id":"5a8419f2-8912-4de2-9454-9b5ec56dae53","local_time":"20201219135901","is_ascension_mode":true,"campfire_choices":[{"data":"Limit Break","floor":7,"key":"SMITH"}],"circlet_count":0,"master_deck":["Strike_R","Strike_R","Strike_R","Strike_R","Strike_R","Defend_R","Defend_R","Defend_R","Defend_R","Bash","Reaper","Power Through","True Grit","Inflame","Flex","Limit Break+1","Headbutt"],"relics":["Burning Blood","Strawberry","Toy Ornithopter","Frozen Egg 2","Bag of Preparation"],"acts_visited":["Exordium"],"potions_floor_usage":[6,6],"damage_taken":[{"damage":6,"enemies":"Cultist","floor":1,"turns":4},{"damage":7,"enemies":"Jaw Worm","floor":2,"turns":4},{"damage":4,"enemies":"Small Slimes","floor":4,"turns":4},{"damage":16,"enemies":"Blue Slaver","floor":5,"turns":7},{"damage":58,"enemies":"Gremlin Nob","floor":6,"turns":6},{"damage":43,"enemies":"3 Sentries","floor":8,"turns":9},{"damage":62,"enemies":"Gremlin Nob","floor":10,"turns":5}],"seed_played":"6738200700807405564","potions_obtained":[{"floor":1,"key":"SteroidPotion"},{"floor":2,"key":"Ancient Potion"},{"floor":4,"key":"EssenceOfSteel"}],"is_trial":false,"path_per_floor":["M","M","T","M","M","E","R","E","T","E"],"character_chosen":"IRONCLAD","items_purchased":[],"campfire_rested":0,"item_purchase_floors":[],"current_hp_per_floor":[78,79,86,87,77,41,41,22,22,0,0],"gold":247,"neow_bonus":"ONE_RANDOM_RARE_CARD","is_daily":false,"chose_seed":false,"campfire_upgraded":1,"win_rate":0.0,"timestamp":1608407941,"path_taken":["M","M","?","?","M","E","R","E","T","E"],"items_purchased_type":[],"build_version":"2020-12-13","purchased_purges":0,"victory":false,"max_hp_per_floor":[80,80,87,87,87,87,87,87,87,87,87],"card_choices":[{"not_picked":["Infernal Blade","Shrug It Off"],"picked":"Power Through","floor":1},{"not_picked":["Inflame","Perfected Strike"],"picked":"True Grit","floor":2},{"not_picked":["Perfected Strike","Warcry"],"picked":"Inflame","floor":4},{"not_picked":["Fiend Fire","Iron Wave"],"picked":"Flex","floor":5},{"not_picked":["Flex","Havoc"],"picked":"Limit Break","floor":6},{"not_picked":["Burning Pact","Sentinel"],"picked":"Headbutt","floor":8}],"player_experience":715653,"relics_obtained":[{"floor":3,"key":"Strawberry"},{"floor":6,"key":"Toy Ornithopter"},{"floor":8,"key":"Frozen Egg 2"},{"floor":9,"key":"Bag of Preparation"}],"event_choices":[],"is_beta":false,"boss_relics":[],"items_purged_floors":[],"is_endless":false,"potions_floor_spawned":[1,2,4],"killed_by":"Gremlin Nob","ascension_level":7}}