{"host":"coame8l8goqx0svj","time":1608404697,"event":{"mods":["BaseMod","Downfall","Minty Spire (QoL Compilation)","StSLib"],"gold_per_floor":[99,124,143,143,154,79,79,79,79,106,116,116,133,118,130,130,130],"floor_reached":16,"playtime":705,"items_purged":[],"score":171,"play_id":"63cd0738-edb8-4302-a8bd-ccf5fb821a2a","local_time":"20201219200457","is_ascension_mode":true,"campfire_choices":[{"floor":1,"key":"RECALL"},{"floor":6,"key":"REST"},{"data":"champ:Taunt","floor":8,"key":"SMITH"}],"circlet_count":0,"master_deck":["AscendersBane","champ:Strike","champ:Strike","champ:Strike","champ:Defend","champ:Defend","champ:Defend","champ:Defend","champ:Execute","champ:Taunt+1","champ:CrownThrow","champ:GladiatorStyle","champ:CalledShot","champ:ShieldWall","champ:BladeFlurry"],"relics":["Sozu","Pen Nib","downfall:ShatteredFragment","downfall:HeartBlessingRed","Shuriken","Dead Branch"],"acts_visited":["Exordium"],"potions_floor_usage":[],"damage_taken":[{"damage":49,"enemies":"3 Sentries","floor":2,"turns":10},{"damage":5,"enemies":"Cultist","floor":3,"turns":2},{"damage":8,"enemies":"Small Slimes","floor":5,"turns":3},{"damage":25,"enemies":"Lagavulin","floor":10,"turns":4},{"damage":9,"enemies":"Jaw Worm","floor":11,"turns":2},{"damage":10,"enemies":"Large Slime","floor":13,"turns":4},{"damage":0,"enemies":"downfall:FleeingMerchant","floor":14,"turns":4},{"damage":5,"enemies":"Exordium Thugs","floor":15,"turns":2},{"damage":17,"enemies":"downfall:Defect","floor":16,"turns":3}],"seed_played":"-49135096554736217","potions_obtained":[],"is_trial":false,"path_per_floor":["R","E","M","?","M","R","T","R","?","E","M","?","M","$","M","B"],"character_chosen":"THE_CHAMP","items_purchased":[],"campfire_rested":1,"item_purchase_floors":[],"current_hp_per_floor":[81,47,47,20,12,39,39,39,49,29,20,20,17,17,17,0,0],"gold":130,"neow_bonus":"BOSS_RELIC","is_daily":false,"chose_seed":false,"campfire_upgraded":1,"win_rate":0.0,"timestamp":1608404697,"path_taken":["R","E","?","?","M","R","T","R","?","E","M","?","M","$","M","BOSS"],"items_purchased_type":[],"build_version":"2020-12-13","purchased_purges":0,"victory":false,"max_hp_per_floor":[90,90,90,90,90,90,90,90,100,100,100,100,100,100,100,100,100],"card_choices":[{"not_picked":["champ:Aggression","champ:StanceDance"],"picked":"champ:CrownThrow","floor":2},{"not_picked":["champ:ViciousMockery","champ:FocusedDefense","champ:RageSigil"],"picked":"SKIP","floor":3},{"not_picked":["champ:Riposte","champ:DefensiveShout","champ:CalledShot"],"picked":"SKIP","floor":5},{"not_picked":["champ:HeartStrike","champ:BerserkerStyle"],"picked":"champ:GladiatorStyle","floor":10},{"not_picked":["champ:CrookedStrike","champ:RageSigil","champ:TornadoPunch"],"picked":"SKIP","floor":11},{"not_picked":["champ:Haymaker","champ:BerserkersShout"],"picked":"champ:CalledShot","floor":13},{"not_picked":["champ:BladeFlurry","champ:TornadoPunch"],"picked":"champ:ShieldWall","floor":14},{"not_picked":["champ:ShieldSigil","champ:EndlessRage"],"picked":"champ:BladeFlurry","floor":15}],"player_experience":1667946,"relics_obtained":[{"floor":2,"key":"Pen Nib"},{"floor":7,"key":"Shuriken"},{"floor":10,"key":"Dead Branch"}],"event_choices":[{"cards_removed":["champ:Strike"],"damage_healed":0,"gold_gain":0,"player_choice":"Purged","damage_taken":0,"max_hp_gain":0,"max_hp_loss":0,"event_name":"Purifier","floor":12,"gold_loss":0}],"is_beta":false,"boss_relics":[],"items_purged_floors":[],"is_endless":false,"potions_floor_spawned":[2,5,11],"killed_by":"downfall:Defect","ascension_level":11}}