{"host":"z9grmtg2w0nmz8n1","time":1608341227,"event":{"mods":["Aspiration","Bard","BaseMod","Beaked The Cultist","Better Altar","Better Match","Better Note","Better Sensory Stone","Better Skull","Better Third Choice","BetterRewards","CCEM","Colored Map","Conspire","Downfall","GifTheSpireLib","Googly Eyes","Halation","Hermit","Highlight Path","Hubris","Hunter ??","Jedi Mod","Jorbs\u0027s Wanderer Trilogy","Mad Scientist","Marisa????????","Minty Spire (QoL Compilation)","Permanent Neow","Replay The Spire","Shade Mod","Shop Mod","Spicy Shops","StSLib","Stuff the Spire","The Bug Knight","The Construct","The Necromancer","The Runesmith"],"gold_per_floor":[114,114,114,128,128,155,155,167,191,202,220,220,220],"floor_reached":12,"playtime":429,"items_purged":[],"score":80,"play_id":"27fd8543-7ffa-4846-a2ea-39d117d878be","local_time":"20201218232707","is_ascension_mode":false,"campfire_choices":[{"floor":7,"key":"RECALL"}],"circlet_count":0,"master_deck":["Strike_W","Strike_W","Strike_W","Strike_W","Defend_W","Defend_W","Defend_W","Defend_W","Negative_Energy_Arrows","Bone_Wall","Death_Knell+1","Injury","Death_Knell","Negative_Energy_Sphere"],"relics":["StuffTheSpire:OccultApparatus","Toxic Egg 2","Gremlin Food"],"acts_visited":["Exordium"],"potions_floor_usage":[10],"damage_taken":[{"damage":2,"enemies":"Jaw Worm","floor":1,"turns":6},{"damage":0,"enemies":"Small Slimes","floor":4,"turns":4},{"damage":65,"enemies":"Lagavulin","floor":6,"turns":7},{"damage":0,"enemies":"2 Louse","floor":8,"turns":3},{"damage":7,"enemies":"Exordium Wildlife","floor":10,"turns":5},{"damage":0,"enemies":"3 Louse","floor":11,"turns":2},{"damage":9,"enemies":"3 Sentries","floor":12,"turns":2}],"seed_played":"-9139690220118868074","potions_obtained":[{"floor":4,"key":"GamblersBrew"},{"floor":6,"key":"Fruit Juice"},{"floor":8,"key":"Languid Potion"}],"is_trial":false,"path_per_floor":["M","?","?","M","?","E","R","M","T","M","M","E"],"character_chosen":"NECROMANCER","items_purchased":[],"campfire_rested":0,"item_purchase_floors":[],"current_hp_per_floor":[75,75,75,75,75,10,10,10,10,8,8,0,0],"gold":220,"neow_bonus":"THREE_CARDS","is_daily":false,"chose_seed":false,"campfire_upgraded":0,"win_rate":0.0,"timestamp":1608341227,"path_taken":["M","?","?","M","?","E","R","M","T","M","M","E"],"items_purchased_type":[],"build_version":"2020-12-13","purchased_purges":0,"victory":false,"max_hp_per_floor":[75,75,75,75,75,75,75,75,75,80,80,80,80],"card_choices":[{"not_picked":["Vampiric_Strike","Finger_Of_Death"],"picked":"Death_Knell","floor":0},{"not_picked":["Consume_Illness","Bones_to_Steel","Finger_Of_Death"],"picked":"SKIP","floor":1},{"not_picked":["Scare+1","Finger_Of_Death"],"picked":"Death_Knell","floor":4},{"not_picked":["Scare+1","Finger_Of_Death"],"picked":"Negative_Energy_Sphere","floor":6},{"not_picked":["Blood_Whip","Consume_Illness+1","Scare+1"],"picked":"SKIP","floor":8},{"not_picked":["Negative_Energy_Mist+1","Shade_Step+1","Scare+1"],"picked":"SKIP","floor":10},{"not_picked":["Skeleton_Dragon","Bone_Shift+1","Chill_Blood+1"],"picked":"SKIP","floor":11}],"player_experience":597297,"relics_obtained":[{"floor":6,"key":"Gremlin Food"}],"event_choices":[],"is_beta":false,"boss_relics":[],"items_purged_floors":[],"is_endless":false,"potions_floor_spawned":[4,6,8],"killed_by":"3 Sentries","ascension_level":0}}