{"host":"12piqfhmdln9x2la","time":1608399322,"event":{"mods":["2.2 Compatiblity","AchievementEnabler","BaseMod","BetterRewards","Colored Powertips","Minty Spire (QoL Compilation)","Quick Restart","SuperFastMode"],"gold_per_floor":[111,129,5,80,80,80,114,114,114,114,139,162,198,45,45,169,169,189,189,204,222,222,222,260,260,260,299,299,334,358,378,378,503,503,526,113,126,126,145,179,179,179],"floor_reached":41,"playtime":947,"items_purged":["Defend_B"],"score":514,"play_id":"27cdda68-a2ee-4277-bf1b-d37dc38f6b32","local_time":"20201220023522","is_ascension_mode":false,"campfire_choices":[{"data":"Bandage Up","floor":6,"key":"SMITH"},{"data":"Tempest","floor":8,"key":"SMITH"},{"data":"Zap","floor":10,"key":"SMITH"},{"data":"Capacitor","floor":15,"key":"SMITH"},{"floor":23,"key":"REST"},{"data":"Ball Lightning","floor":25,"key":"SMITH"},{"floor":28,"key":"REST"},{"data":"Electrodynamics","floor":32,"key":"SMITH"}],"circlet_count":0,"master_deck":["Strike_B","Strike_B","Strike_B","Defend_B","Defend_B","Defend_B","Zap+1","Dualcast","Ball Lightning+1","Barrage","Static Discharge","Bandage Up+1","Tempest+1","Capacitor+1","Hologram","Electrodynamics+1","Self Repair","Skim+1","Force Field+1","Hologram+1","Machine Learning+1","Capacitor+1","Conserve Battery","Conserve Battery","Defragment"],"relics":["Cracked Core","NeowsBlessing","Golden Idol","Darkstone Periapt","Mummified Hand","Omamori","Runic Capacitor","SlaversCollar","Enchiridion","Bottled Flame","Singing Bowl","Potion Belt","Cables","Coffee Dripper","Orichalcum","DollysMirror","Shuriken"],"acts_visited":["Exordium","TheCity","TheBeyond"],"potions_floor_usage":[16,16,33,33,33],"damage_taken":[{"damage":0,"enemies":"Jaw Worm","floor":1,"turns":1},{"damage":0,"enemies":"Small Slimes","floor":2,"turns":1},{"damage":0,"enemies":"3 Sentries","floor":7,"turns":2},{"damage":6,"enemies":"2 Louse","floor":11,"turns":2},{"damage":4,"enemies":"Exordium Thugs","floor":12,"turns":3},{"damage":26,"enemies":"Lagavulin","floor":13,"turns":5},{"damage":11,"enemies":"Slime Boss","floor":16,"turns":7},{"damage":33,"enemies":"Shell Parasite","floor":18,"turns":4},{"damage":10,"enemies":"Chosen","floor":20,"turns":3},{"damage":27,"enemies":"Centurion and Healer","floor":21,"turns":3},{"damage":5,"enemies":"Gremlin Leader","floor":24,"turns":3},{"damage":38,"enemies":"Book of Stabbing","floor":27,"turns":4},{"damage":18,"enemies":"Gremlin Leader","floor":29,"turns":4},{"damage":1,"enemies":"Cultist and Chosen","floor":30,"turns":3},{"damage":10,"enemies":"Chosen and Byrds","floor":31,"turns":3},{"damage":18,"enemies":"Automaton","floor":33,"turns":7},{"damage":1,"enemies":"3 Darklings","floor":35,"turns":2},{"damage":16,"enemies":"Orb Walker","floor":37,"turns":3},{"damage":36,"enemies":"Maw","floor":39,"turns":6},{"damage":49,"enemies":"Reptomancer","floor":40,"turns":5},{"damage":24,"enemies":"Writhing Mass","floor":41,"turns":3}],"seed_played":"-6748724005869698641","potions_obtained":[{"floor":13,"key":"DuplicationPotion"},{"floor":16,"key":"Fruit Juice"},{"floor":18,"key":"DistilledChaos"},{"floor":27,"key":"FearPotion"},{"floor":31,"key":"Regen Potion"},{"floor":33,"key":"GamblersBrew"},{"floor":39,"key":"ColorlessPotion"}],"is_trial":false,"path_per_floor":["M","M","$","?","?","R","E","R","T","R","M","M","E","$","R","B",null,"M","?","M","M","?","R","E","R","T","E","R","E","M","M","R","B",null,"M","$","M","?","M","E","M"],"character_chosen":"DEFECT","items_purchased":["Static Discharge","Bandage Up","Runic Capacitor","Orichalcum","DollysMirror","Conserve Battery"],"campfire_rested":2,"item_purchase_floors":[3,3,14,36,36,36],"current_hp_per_floor":[75,75,75,64,46,46,46,46,46,46,46,48,28,28,28,28,80,49,33,29,9,9,33,35,35,35,12,36,31,43,48,48,58,84,85,85,69,69,46,12,0,0],"gold":179,"neow_bonus":"THREE_ENEMY_KILL","is_daily":false,"chose_seed":false,"campfire_upgraded":6,"win_rate":0.0,"timestamp":1608399322,"path_taken":["M","M","$","?","?","R","E","R","T","R","M","M","E","?","R","BOSS","M","?","M","M","?","R","E","R","T","E","R","E","?","M","R","BOSS","M","$","M","?","M","E","?"],"items_purchased_type":["Card","Card","Relic","Relic","Relic","Card"],"build_version":"2020-12-13","purchased_purges":1,"victory":false,"max_hp_per_floor":[75,75,75,75,75,75,75,75,75,75,75,75,75,75,75,80,80,80,80,80,80,80,80,80,80,80,82,82,82,82,84,84,84,84,86,86,86,86,86,88,88,88],"card_choices":[{"not_picked":["Recycle","Redo"],"picked":"Ball Lightning","floor":1},{"not_picked":["Skim","Stack"],"picked":"Barrage","floor":2},{"not_picked":["Hologram","Turbo"],"picked":"Tempest","floor":7},{"not_picked":["Turbo","Darkness"],"picked":"Capacitor","floor":11},{"not_picked":["Streamline","Leap","Gash"],"picked":"SKIP","floor":12},{"not_picked":["Compile Driver","Creative AI"],"picked":"Hologram","floor":13},{"not_picked":["Multi-Cast","Buffer"],"picked":"Electrodynamics","floor":16},{"not_picked":["Doom and Gloom","Sweeping Beam","Melter"],"picked":"SKIP","floor":18},{"not_picked":["Steam","Scrape"],"picked":"Self Repair","floor":20},{"not_picked":["Go for the Eyes","Turbo","Reprogram"],"picked":"SKIP","floor":21},{"not_picked":["Cold Snap","Steam+1"],"picked":"Skim+1","floor":24},{"not_picked":["Leap","Streamline+1","Coolheaded+1"],"picked":"Singing Bowl","floor":27},{"not_picked":["Aggregate","Compile Driver+1"],"picked":"Force Field+1","floor":29},{"not_picked":["Recycle+1","Barrage+1"],"picked":"Hologram+1","floor":30},{"not_picked":["Chaos","Go for the Eyes","Skim"],"picked":"Singing Bowl","floor":31},{"not_picked":["All For One","Core Surge"],"picked":"Machine Learning","floor":33},{"not_picked":["Barrage+1","FTL","Go for the Eyes+1"],"picked":"Singing Bowl","floor":35},{"not_picked":["Rebound","Go for the Eyes"],"picked":"Conserve Battery","floor":37},{"not_picked":["Chill","Recycle+1"],"picked":"Defragment","floor":39},{"not_picked":["Hyperbeam","Compile Driver+1","Streamline+1"],"picked":"Singing Bowl","floor":40}],"player_experience":105797,"relics_obtained":[{"floor":7,"key":"Darkstone Periapt"},{"floor":9,"key":"Mummified Hand"},{"floor":13,"key":"Omamori"},{"floor":19,"key":"Enchiridion"},{"floor":24,"key":"Bottled Flame"},{"floor":26,"key":"Singing Bowl"},{"floor":27,"key":"Potion Belt"},{"floor":29,"key":"Cables"},{"floor":40,"key":"Shuriken"}],"event_choices":[{"damage_healed":0,"gold_gain":75,"player_choice":"Gather Gold","damage_taken":11,"max_hp_gain":0,"max_hp_loss":0,"event_name":"World of Goop","floor":4,"gold_loss":0},{"damage_healed":0,"gold_gain":0,"player_choice":"Take Damage","damage_taken":18,"relics_obtained":["Golden Idol"],"max_hp_gain":0,"max_hp_loss":0,"event_name":"Golden Idol","floor":5,"gold_loss":0},{"damage_healed":0,"gold_gain":0,"player_choice":"Obtained Book","damage_taken":16,"max_hp_gain":0,"max_hp_loss":0,"event_name":"Cursed Tome","floor":19,"gold_loss":0},{"cards_removed":["Strike_B"],"damage_healed":0,"gold_gain":0,"player_choice":"Purged","damage_taken":0,"max_hp_gain":0,"max_hp_loss":0,"event_name":"Purifier","floor":22,"gold_loss":0},{"damage_healed":0,"gold_gain":0,"player_choice":"Upgraded","damage_taken":0,"max_hp_gain":0,"max_hp_loss":0,"event_name":"Upgrade Shrine","floor":38,"gold_loss":0,"cards_upgraded":["Machine Learning"]}],"is_beta":false,"boss_relics":[{"not_picked":["Black Star","Runic Pyramid"],"picked":"SlaversCollar"},{"not_picked":["FrozenCore","Astrolabe"],"picked":"Coffee Dripper"}],"items_purged_floors":[36],"is_endless":false,"potions_floor_spawned":[13,16,18,27,31,33,39],"killed_by":"Writhing Mass","ascension_level":0}}