{"host":"r6jigiblrojhp6xe","time":1608357450,"event":{"mods":["AchievementEnabler","BaseMod","DeckTracker","Minty Spire (QoL Compilation)","Quick Restart","Rare Cards Sparkle","Relic Stats","StSLib","SuperFastMode","The Cursed","everything is the same but u backflip on backflip"],"gold_per_floor":[359,359,73,73,148,148,168,184,230,249,249,269,23,23,23,100,100,80,80,96,11,25,25,45,86,86,86,131,188,188,138,138,215,215,227,177,237,7,42,72,72,72,72,72,72,84,118,162,162,162,162],"floor_reached":50,"playtime":1304,"items_purged":["Strike_R","Strike_R","Strike_R","Strike_R","Strike_R"],"score":1049,"play_id":"a55523e7-5b59-444c-b35e-a0c0a6c21c11","local_time":"20201219145730","is_ascension_mode":true,"campfire_choices":[{"data":"Apotheosis","floor":6.0,"key":"SMITH"},{"data":"Fire Breathing","floor":11.0,"key":"SMITH"},{"data":"HandOfGreed","floor":15.0,"key":"SMITH"},{"data":"Bash","floor":23.0,"key":"SMITH"},{"data":"Reaper","floor":27.0,"key":"SMITH"},{"data":"Flame Barrier","floor":30.0,"key":"SMITH"},{"data":"Shrug It Off","floor":32.0,"key":"SMITH"},{"data":"Offering","floor":41.0,"key":"SMITH"},{"data":"Master of Strategy","floor":44.0,"key":"SMITH"},{"data":"Impervious","floor":49,"key":"SMITH"}],"circlet_count":0,"master_deck":["AscendersBane","Defend_R","Defend_R","Defend_R","Defend_R","Bash+1","Apotheosis+1","Shrug It Off+1","Fire Breathing+1","Reckless Charge","Wild Strike","HandOfGreed+1","Barricade+1","Flame Barrier+1","Reaper+1","Shrug It Off+1","Offering+1","Master of Strategy+1","Wild Strike+1","Impervious+1","Battle Trance+1"],"relics":["Burning Blood","Smiling Mask","Coffee Dripper","Red Skull","Bronze Scales","MealTicket","Cursed Key","Bird Faced Urn","PreservedInsect"],"acts_visited":["Exordium","TheCity","TheBeyond"],"potions_floor_usage":[50],"damage_taken":[{"damage":15.0,"enemies":"Small Slimes","floor":1.0,"turns":6.0},{"damage":3.0,"enemies":"2 Louse","floor":7.0,"turns":4.0},{"damage":0.0,"enemies":"Jaw Worm","floor":8.0,"turns":4.0},{"damage":19.0,"enemies":"Lots of Slimes","floor":10.0,"turns":3.0},{"damage":11.0,"enemies":"3 Louse","floor":12.0,"turns":3.0},{"damage":19.0,"enemies":"Hexaghost","floor":16.0,"turns":9.0},{"damage":2.0,"enemies":"2 Thieves","floor":18.0,"turns":4.0},{"damage":2.0,"enemies":"Chosen","floor":20.0,"turns":4.0},{"damage":23.0,"enemies":"3 Cultists","floor":22.0,"turns":6.0},{"damage":33.0,"enemies":"Snake Plant","floor":24.0,"turns":3.0},{"damage":13.0,"enemies":"Centurion and Healer","floor":25.0,"turns":9.0},{"damage":21.0,"enemies":"3 Cultists","floor":28.0,"turns":5.0},{"damage":35.0,"enemies":"Gremlin Leader","floor":29.0,"turns":6.0},{"damage":40.0,"enemies":"Automaton","floor":33.0,"turns":13.0},{"damage":27.0,"enemies":"Orb Walker","floor":35.0,"turns":4.0},{"damage":23.0,"enemies":"3 Shapes","floor":37.0,"turns":5.0},{"damage":17.0,"enemies":"Sphere and 2 Shapes","floor":39.0,"turns":4.0},{"damage":47.0,"enemies":"Reptomancer","floor":40.0,"turns":9.0},{"damage":17,"enemies":"Writhing Mass","floor":46,"turns":7},{"damage":32,"enemies":"Nemesis","floor":47,"turns":6},{"damage":6,"enemies":"Spire Growth","floor":48,"turns":5},{"damage":25,"enemies":"Time Eater","floor":50,"turns":12}],"seed_played":"-5313032486838517060","potions_obtained":[{"floor":1.0,"key":"Explosive Potion"},{"floor":12.0,"key":"Block Potion"},{"floor":16.0,"key":"SkillPotion"},{"floor":20.0,"key":"ColorlessPotion"},{"floor":22.0,"key":"CultistPotion"},{"floor":25.0,"key":"Strength Potion"},{"floor":39.0,"key":"Dexterity Potion"},{"floor":40.0,"key":"Explosive Potion"}],"is_trial":false,"path_per_floor":["M","?","$","?","?","R","M","M","T","M","R","M","$","?","R","B",null,"M","?","M","?","M","R","M","M","T","R","M","E","R","$","R","B",null,"M","$","M","$","M","E","R","?","T","R","?","M","E","M","R","B"],"character_chosen":"IRONCLAD","items_purchased":["Apotheosis","HandOfGreed","Master of Strategy"],"campfire_rested":0,"item_purchase_floors":[3,13,38],"current_hp_per_floor":[59,59,59,59,48,48,51,57,57,44,44,39,39,44,44,31,68,72,72,76,76,59,59,32,25,25,25,34,44,44,59,59,35,69,48,63,54,69,68,39,39,39,39,39,39,32,22,38,38,26,26],"gold":162,"neow_bonus":"TWO_FIFTY_GOLD","is_daily":false,"chose_seed":false,"campfire_upgraded":10,"win_rate":0.0,"timestamp":1608357450,"path_taken":["M","?","$","?","?","R","M","M","T","M","R","M","$","?","R","BOSS","M","?","?","?","M","R","M","M","T","R","M","E","R","$","R","BOSS","M","$","M","$","M","E","R","?","T","R","?","M","E","M","R","BOSS"],"items_purchased_type":["Card","Card","Card"],"build_version":"2020-12-13","purchased_purges":5,"victory":false,"max_hp_per_floor":[75,75,75,75,75,75,75,75,75,75,75,75,75,80,80,80,80,80,80,80,80,80,80,80,80,80,80,80,80,80,80,80,80,80,80,80,80,80,80,80,80,76,76,76,76,76,76,76,76,76,76],"relic_stats":{"counters":[22,131],"Bronze Scales":[253],"Bird Faced Urn":[16],"MealTicket":45,"PreservedInsect":0,"Smiling Mask":350,"Cursed Key":0,"obtain_stats":[{"Bronze Scales":26,"Bird Faced Urn":40,"MealTicket":29,"PreservedInsect":47,"Coffee Dripper":17,"Smiling Mask":9,"Cursed Key":34,"Burning Blood":0,"Red Skull":21},{"Bronze Scales":11,"Bird Faced Urn":18,"MealTicket":13,"PreservedInsect":20,"Coffee Dripper":6,"Smiling Mask":3,"Cursed Key":14,"Burning Blood":0,"Red Skull":8},{"Bronze Scales":55,"Bird Faced Urn":101,"MealTicket":66,"PreservedInsect":114,"Coffee Dripper":29,"Smiling Mask":14,"Cursed Key":79,"Burning Blood":0,"Red Skull":37}],"Burning Blood":126},"card_choices":[{"not_picked":["Clothesline","Sword Boomerang","Whirlwind"],"picked":"SKIP","floor":1.0},{"not_picked":["Sword Boomerang","Clothesline"],"picked":"Shrug It Off","floor":7.0},{"not_picked":["Armaments","Heavy Blade"],"picked":"Fire Breathing","floor":8.0},{"not_picked":["Flex","Rage"],"picked":"Reckless Charge","floor":10.0},{"not_picked":["Havoc","Sword Boomerang"],"picked":"Wild Strike","floor":12.0},{"not_picked":["Feed","Double Tap"],"picked":"Barricade","floor":16.0},{"not_picked":["Armaments","Sword Boomerang+1","Headbutt"],"picked":"SKIP","floor":18.0},{"not_picked":["Twin Strike+1","Rage","Headbutt"],"picked":"SKIP","floor":20.0},{"not_picked":["Clash+1","Anger","Havoc"],"picked":"SKIP","floor":22.0},{"not_picked":["Perfected Strike","Feel No Pain"],"picked":"Flame Barrier","floor":24.0},{"not_picked":["Cleave","Thunderclap"],"picked":"Reaper","floor":25.0},{"not_picked":["Twin Strike","Hemokinesis","Pommel Strike"],"picked":"SKIP","floor":28.0},{"not_picked":["Dropkick","Dual Wield"],"picked":"Shrug It Off","floor":29.0},{"not_picked":["Immolate","Barricade"],"picked":"Offering","floor":33.0},{"not_picked":["Cleave","Flex+1","Dropkick"],"picked":"SKIP","floor":35.0},{"not_picked":["Perfected Strike","Sentinel","Wild Strike+1"],"picked":"SKIP","floor":37.0},{"not_picked":["Cleave","Pommel Strike+1","Spot Weakness+1"],"picked":"SKIP","floor":39.0},{"not_picked":["Twin Strike","Pummel"],"picked":"Wild Strike+1","floor":40.0},{"not_picked":["Twin Strike+1","Flex"],"picked":"Impervious","floor":46},{"not_picked":["Sentinel","Warcry"],"picked":"Battle Trance+1","floor":47},{"not_picked":["Combust","Bloodletting","Warcry"],"picked":"SKIP","floor":48}],"player_experience":526780,"relics_obtained":[{"floor":9.0,"key":"Smiling Mask"},{"floor":26.0,"key":"Bronze Scales"},{"floor":29.0,"key":"MealTicket"},{"floor":40.0,"key":"Bird Faced Urn"},{"floor":47,"key":"PreservedInsect"}],"event_choices":[{"cards_removed":["Regret"],"damage_healed":0.0,"max_hp_gain":0.0,"max_hp_loss":0.0,"gold_gain":0.0,"event_name":"Living Wall","player_choice":"Forget","floor":2.0,"gold_loss":0.0,"damage_taken":0.0},{"damage_healed":0.0,"max_hp_gain":0.0,"max_hp_loss":0.0,"gold_gain":0.0,"event_name":"Liars Game","player_choice":"Ignored","floor":4.0,"gold_loss":0.0,"damage_taken":0.0},{"damage_healed":0.0,"max_hp_gain":0.0,"max_hp_loss":0.0,"gold_gain":75.0,"event_name":"World of Goop","player_choice":"Gather Gold","floor":5.0,"gold_loss":0.0,"damage_taken":11.0},{"damage_healed":0.0,"max_hp_gain":5.0,"max_hp_loss":0.0,"gold_gain":0.0,"event_name":"Big Fish","player_choice":"Donut","floor":14.0,"gold_loss":0.0,"damage_taken":0.0},{"damage_healed":0.0,"max_hp_gain":0.0,"max_hp_loss":0.0,"gold_gain":0.0,"event_name":"Upgrade Shrine","player_choice":"Upgraded","floor":19.0,"gold_loss":0.0,"damage_taken":0.0,"cards_upgraded":["Barricade"]},{"damage_healed":0.0,"max_hp_gain":0.0,"max_hp_loss":0.0,"gold_gain":0.0,"event_name":"Addict","player_choice":"Obtained Relic","floor":21.0,"gold_loss":85.0,"damage_taken":0.0,"relics_obtained":["Red Skull"]},{"damage_healed":0.0,"max_hp_gain":0.0,"max_hp_loss":4.0,"gold_gain":0.0,"event_name":"Winding Halls","player_choice":"Max HP","floor":42.0,"gold_loss":0.0,"damage_taken":0.0},{"damage_healed":0.0,"max_hp_gain":0.0,"max_hp_loss":0.0,"gold_gain":0.0,"event_name":"Accursed Blacksmith","player_choice":"Forge","floor":45.0,"gold_loss":0.0,"damage_taken":0.0,"cards_upgraded":["Shrug It Off"]}],"is_beta":false,"boss_relics":[{"not_picked":["SlaversCollar","Fusion Hammer"],"picked":"Coffee Dripper"},{"not_picked":["Black Star","Runic Dome"],"picked":"Cursed Key"}],"items_purged_floors":[3,13,31,36,38],"is_endless":false,"potions_floor_spawned":[1,12,16,20,22,25,39,40,48],"killed_by":"Time Eater","ascension_level":20}}