{"host":"k5dhp0bkccqfauyu","time":1608371380,"event":{"mods":["BaseMod","Better Note","Better Skull","Better Vampires","Colored Map","Colored Powertips","DeckTracker","Minty Spire (QoL Compilation)","Permanent Neow","StSLib","SuperFastMode"],"gold_per_floor":[124,147,174,174,201,201,230,269,269,269,269,310,310,22,22,108,108,127,153,180,203,231,269,269,269,269],"floor_reached":25,"playtime":1296,"items_purged":["Strike_R"],"score":495,"play_id":"31775124-9e24-41a7-8ba9-d117e9fb2ac7","local_time":"20201219204940","is_ascension_mode":true,"campfire_choices":[{"data":"Armaments","floor":6,"key":"SMITH"},{"data":"Carnage","floor":11,"key":"SMITH"},{"data":"Limit Break","floor":15,"key":"SMITH"},{"floor":24,"key":"REST"}],"circlet_count":0,"master_deck":["AscendersBane","Strike_R","Defend_R","Defend_R","Defend_R","Defend_R","Bash","Armaments+1","Flame Barrier","Carnage+1","Iron Wave","Headbutt","Anger","Inflame","Limit Break+1","True Grit","Feed","Second Wind","Heavy Blade","Entrench","Power Through","Fiend Fire"],"relics":["Burning Blood","CeramicFish","MealTicket","Gambling Chip","Pocketwatch","Empty Cage","Bottled Flame"],"acts_visited":["Exordium","TheCity"],"potions_floor_usage":[8,8,16,23,23],"damage_taken":[{"damage":15,"enemies":"Small Slimes","floor":1,"turns":5},{"damage":10,"enemies":"2 Louse","floor":2,"turns":4},{"damage":2,"enemies":"Jaw Worm","floor":3,"turns":5},{"damage":4,"enemies":"Exordium Thugs","floor":5,"turns":6},{"damage":0,"enemies":"Looter","floor":7,"turns":4},{"damage":18,"enemies":"3 Sentries","floor":8,"turns":8},{"damage":6,"enemies":"Gremlin Nob","floor":12,"turns":3},{"damage":20,"enemies":"Hexaghost","floor":16,"turns":8},{"damage":6,"enemies":"Shell Parasite","floor":18,"turns":10},{"damage":6,"enemies":"3 Byrds","floor":19,"turns":2},{"damage":11,"enemies":"Cultist and Chosen","floor":20,"turns":7},{"damage":31,"enemies":"Snake Plant","floor":21,"turns":6},{"damage":24,"enemies":"3 Cultists","floor":22,"turns":5},{"damage":10,"enemies":"Gremlin Leader","floor":23,"turns":8},{"damage":72,"enemies":"Slavers","floor":25,"turns":7}],"seed_played":"5751270993702200010","potions_obtained":[{"floor":3,"key":"Weak Potion"},{"floor":5,"key":"SneckoOil"},{"floor":7,"key":"ColorlessPotion"},{"floor":8,"key":"EssenceOfSteel"},{"floor":21,"key":"FearPotion"},{"floor":22,"key":"DuplicationPotion"}],"is_trial":false,"path_per_floor":["M","M","M","?","M","R","M","E","T","?","R","E","?","$","R","B",null,"M","M","M","M","M","E","R","E"],"character_chosen":"IRONCLAD","items_purchased":["Limit Break","True Grit"],"campfire_rested":1,"item_purchase_floors":[14,14],"current_hp_per_floor":[59,55,59,64,66,66,72,60,60,53,53,53,53,68,68,54,74,78,78,76,55,41,41,70,0,0],"gold":269,"neow_bonus":"RANDOM_COMMON_RELIC","is_daily":false,"chose_seed":false,"campfire_upgraded":3,"win_rate":0.0,"timestamp":1608371380,"path_taken":["M","M","M","?","M","R","M","E","T","?","R","E","?","?","R","BOSS","M","M","M","M","M","E","R","E"],"items_purchased_type":["Card","Card"],"build_version":"2020-12-13","purchased_purges":1,"victory":false,"max_hp_per_floor":[75,75,75,80,80,80,80,80,80,80,80,80,80,80,80,80,80,84,84,87,91,95,99,99,99,99],"card_choices":[{"not_picked":["Twin Strike","Wild Strike"],"picked":"Armaments","floor":1},{"not_picked":["Reckless Charge","Bloodletting"],"picked":"Flame Barrier","floor":2},{"not_picked":["True Grit","Clothesline"],"picked":"Carnage","floor":3},{"not_picked":["Havoc","Flex"],"picked":"Iron Wave","floor":5},{"not_picked":["Sever Soul","Flex"],"picked":"Headbutt","floor":7},{"not_picked":["Twin Strike","Reckless Charge"],"picked":"Anger","floor":8},{"not_picked":["Wild Strike","Feel No Pain"],"picked":"Inflame","floor":12},{"not_picked":["Bludgeon","Barricade"],"picked":"Feed","floor":16},{"not_picked":["Pommel Strike","True Grit","Body Slam+1"],"picked":"SKIP","floor":18},{"not_picked":["Clothesline","Dropkick"],"picked":"Second Wind","floor":19},{"not_picked":["Wild Strike","Evolve"],"picked":"Heavy Blade","floor":20},{"not_picked":["Armaments","Flex"],"picked":"Entrench","floor":21},{"not_picked":["Ghostly Armor","Combust"],"picked":"Power Through","floor":22},{"not_picked":["Headbutt","Armaments"],"picked":"Fiend Fire","floor":23}],"player_experience":1790840,"relics_obtained":[{"floor":8,"key":"MealTicket"},{"floor":9,"key":"Gambling Chip"},{"floor":12,"key":"Pocketwatch"},{"floor":23,"key":"Bottled Flame"}],"event_choices":[{"damage_healed":0,"gold_gain":0,"player_choice":"Donut","damage_taken":0,"max_hp_gain":5,"max_hp_loss":0,"event_name":"Big Fish","floor":4,"gold_loss":0},{"cards_removed":["Strike_R"],"damage_healed":0,"gold_gain":0,"player_choice":"Card Removal","damage_taken":7,"max_hp_gain":0,"max_hp_loss":0,"event_name":"Golden Wing","floor":10,"gold_loss":0},{"damage_healed":0,"gold_gain":0,"player_choice":"Ignored","damage_taken":0,"max_hp_gain":0,"max_hp_loss":0,"event_name":"Liars Game","floor":13,"gold_loss":0}],"is_beta":false,"boss_relics":[{"not_picked":["Runic Cube","SacredBark"],"picked":"Empty Cage"}],"items_purged_floors":[14],"is_endless":false,"potions_floor_spawned":[3,5,7,8,21,22],"killed_by":"Slavers","ascension_level":20}}