{"host":"9ndbo4kgsfoemf7y","time":1608362557,"event":{"mods":["AchievementEnabler","BaseMod","Colored Map","DeckTracker","Keyboard Shortcuts","Minty Spire (QoL Compilation)","Permanent Neow","Quick Restart","Relic Stats","StSLib","SuperFastMode"],"gold_per_floor":[160,160,160,170,186,186,186],"floor_reached":6,"playtime":154,"items_purged":[],"score":67,"play_id":"21549b31-811f-4a27-a551-0ffdd7718850","local_time":"20201219162237","is_ascension_mode":true,"campfire_choices":[],"circlet_count":0,"master_deck":["AscendersBane","Strike_G","Strike_G","Strike_G","Strike_G","Strike_G","Defend_G+1","Defend_G","Defend_G","Defend_G","Defend_G","Survivor","Neutralize","Dash","Dagger Spray","Prepared"],"relics":["Tiny House","Ginger"],"acts_visited":["Exordium"],"potions_floor_usage":[],"damage_taken":[{"damage":4,"enemies":"Jaw Worm","floor":1,"turns":4},{"damage":4,"enemies":"Small Slimes","floor":4,"turns":4},{"damage":4,"enemies":"2 Louse","floor":5,"turns":2},{"damage":57,"enemies":"Lagavulin","floor":6,"turns":11}],"seed_played":"1194101858059138536","potions_obtained":[{"floor":0,"key":"Explosive Potion"},{"floor":1,"key":"Explosive Potion"},{"floor":4,"key":"Ancient Potion"}],"is_trial":false,"path_per_floor":["M","?","?","M","M","E"],"character_chosen":"THE_SILENT","items_purchased":[],"campfire_rested":0,"item_purchase_floors":[],"current_hp_per_floor":[60,65,54,50,46,0,0],"gold":186,"neow_bonus":"BOSS_RELIC","is_daily":false,"chose_seed":false,"campfire_upgraded":0,"win_rate":0.0,"timestamp":1608362557,"path_taken":["M","?","?","M","M","E"],"items_purchased_type":[],"build_version":"2020-12-13","purchased_purges":0,"victory":false,"max_hp_per_floor":[71,76,76,76,76,76,76],"relic_stats":{"counters":[4,21],"Ginger":[0],"obtain_stats":[{"Tiny House":0,"Ginger":3,"Ring of the Snake":0},{"Tiny House":0,"Ginger":1,"Ring of the Snake":0},{"Tiny House":0,"Ginger":4,"Ring of the Snake":0}]},"card_choices":[{"not_picked":["Dodge and Roll","PiercingWail"],"picked":"Dash","floor":0},{"not_picked":["Dodge and Roll","Dash","Flying Knee"],"picked":"SKIP","floor":1},{"not_picked":["Quick Slash","Sucker Punch"],"picked":"Dagger Spray","floor":4},{"not_picked":["Underhanded Strike","Poisoned Stab"],"picked":"Prepared","floor":5}],"player_experience":703609,"relics_obtained":[],"event_choices":[{"damage_healed":0,"gold_gain":0,"player_choice":"Donut","damage_taken":0,"max_hp_gain":5,"max_hp_loss":0,"event_name":"Big Fish","floor":2,"gold_loss":0},{"damage_healed":0,"gold_gain":0,"player_choice":"Success","damage_taken":11,"relics_obtained":["Ginger"],"max_hp_gain":0,"max_hp_loss":0,"event_name":"Scrap Ooze","floor":3,"gold_loss":0}],"is_beta":false,"boss_relics":[],"items_purged_floors":[],"is_endless":false,"potions_floor_spawned":[1,4],"killed_by":"Lagavulin","ascension_level":17}}