{"host":"2e3z4r48quhw80cc","time":1608357893,"event":{"mods":["BaseMod","Minty Spire (QoL Compilation)","Quick Restart","StSLib","SuperFastMode"],"gold_per_floor":[112,187,210,54,67,99,99,111,138,167,177,188,218,393,393,493,493,504,504,518,532,566,594,594,204,230,256,256,256,326,63,63,166,166,185,197,197,216,234,263,28,44,44,55,89,107,107,119,119,119],"floor_reached":51,"playtime":2485,"items_purged":["Doubt","Defend_G","Strike_G"],"score":1011,"play_id":"c79e5972-be2b-4354-92d4-4b240f8d11a4","local_time":"20201219150453","is_ascension_mode":true,"campfire_choices":[{"data":"Footwork","floor":7.0,"key":"SMITH"},{"data":"Blade Dance","floor":15.0,"key":"SMITH"},{"floor":24.0,"key":"REST"},{"floor":29.0,"key":"REST"},{"data":"Apotheosis","floor":32.0,"key":"SMITH"},{"data":"Bullet Time","floor":49.0,"key":"SMITH"}],"circlet_count":0,"master_deck":["Strike_G","Strike_G","Strike_G","Strike_G","Defend_G","Defend_G","Defend_G","Survivor","Neutralize","Footwork+1","Bouncing Flask","Blade Dance+1","Dodge and Roll","Backflip+1","Choke","Quick Slash","Venomology","Cloak And Dagger","Accuracy","Flying Knee","Malaise","Noxious Fumes","Apotheosis+1","Envenom","Bullet Time+1","Well Laid Plans","Escape Plan+1","Blur","Catalyst","Accuracy+1"],"relics":["Ring of the Snake","NeowsBlessing","Ancient Tea Set","Lantern","Kunai","PreservedInsect","Ninja Scroll","Smiling Mask","SlaversCollar","Red Mask","Orichalcum","Membership Card","War Paint","Snake Skull","Nunchaku","Pear","Pantograph","Question Card","WristBlade","Molten Egg 2","FossilizedHelix","Paper Crane","Oddly Smooth Stone"],"acts_visited":["Exordium","TheCity","TheBeyond"],"potions_floor_usage":[50,50,50],"damage_taken":[{"damage":0.0,"enemies":"Small Slimes","floor":1.0,"turns":1.0},{"damage":0.0,"enemies":"Jaw Worm","floor":5.0,"turns":1.0},{"damage":0.0,"enemies":"3 Sentries","floor":6.0,"turns":1.0},{"damage":0.0,"enemies":"Cultist","floor":8.0,"turns":4.0},{"damage":12.0,"enemies":"Gremlin Nob","floor":10.0,"turns":4.0},{"damage":0.0,"enemies":"Looter","floor":11.0,"turns":3.0},{"damage":0.0,"enemies":"Exordium Thugs","floor":12.0,"turns":5.0},{"damage":0.0,"enemies":"3 Sentries","floor":13.0,"turns":6.0},{"damage":12.0,"enemies":"Slime Boss","floor":16.0,"turns":6.0},{"damage":8.0,"enemies":"2 Thieves","floor":18.0,"turns":5.0},{"damage":4.0,"enemies":"Chosen","floor":20.0,"turns":7.0},{"damage":7.0,"enemies":"Snake Plant","floor":21.0,"turns":6.0},{"damage":36.0,"enemies":"Masked Bandits","floor":22.0,"turns":9.0},{"damage":2.0,"enemies":"Slavers","floor":23.0,"turns":4.0},{"damage":10.0,"enemies":"Gremlin Leader","floor":27.0,"turns":6.0},{"damage":13.0,"enemies":"Automaton","floor":33.0,"turns":8.0},{"damage":3.0,"enemies":"3 Shapes","floor":35.0,"turns":7.0},{"damage":4.0,"enemies":"3 Darklings","floor":36.0,"turns":6.0},{"damage":4.0,"enemies":"Writhing Mass","floor":38.0,"turns":5.0},{"damage":16.0,"enemies":"Spire Growth","floor":39.0,"turns":5.0},{"damage":14.0,"enemies":"Nemesis","floor":40.0,"turns":5.0},{"damage":0.0,"enemies":"Maw","floor":42.0,"turns":5.0},{"damage":0.0,"enemies":"Jaw Worm Horde","floor":44.0,"turns":4.0},{"damage":0.0,"enemies":"Reptomancer","floor":45.0,"turns":6.0},{"damage":0.0,"enemies":"4 Shapes","floor":46.0,"turns":5.0},{"damage":0.0,"enemies":"Spire Growth","floor":48.0,"turns":4.0},{"damage":17,"enemies":"Donu and Deca","floor":50,"turns":7}],"seed_played":"-4504201853824107265","potions_obtained":[{"floor":1.0,"key":"Dexterity Potion"},{"floor":6.0,"key":"AttackPotion"},{"floor":10.0,"key":"Strength Potion"},{"floor":13.0,"key":"Strength Potion"},{"floor":18.0,"key":"Ancient Potion"},{"floor":33.0,"key":"Strength Potion"},{"floor":40.0,"key":"Fruit Juice"},{"floor":45.0,"key":"Regen Potion"}],"is_trial":false,"path_per_floor":["M","?","T","$","M","E","R","M","T","E","M","M","E","?","R","B",null,"M","?","M","M","?","E","R","$","T","E","?","R","T","$","R","B",null,"M","M","?","M","M","E","$","M","T","M","E","M","?","M","R","B",null],"character_chosen":"THE_SILENT","items_purchased":["Lantern","Membership Card","War Paint","Snake Skull","Noxious Fumes","Apotheosis","Question Card","FossilizedHelix","Well Laid Plans"],"campfire_rested":2,"item_purchase_floors":[4,25,25,25,25,31,31,41,41],"current_hp_per_floor":[70,59,59,59,59,59,59,59,59,47,47,47,47,47,47,35,70,62,62,58,51,15,13,34,34,34,34,19,44,44,44,44,56,85,82,78,78,74,58,49,49,49,49,49,49,49,49,61,61,69],"gold":119,"neow_bonus":"THREE_ENEMY_KILL","is_daily":false,"chose_seed":false,"campfire_upgraded":4,"win_rate":0.0,"timestamp":1608357893,"path_taken":["M","?","?","?","?","E","R","M","T","E","M","M","E","?","R","BOSS","M","?","M","M","?","E","R","$","T","E","?","R","?","$","R","BOSS","M","M","?","?","M","E","$","M","T","M","E","M","?","M","R","BOSS"],"items_purchased_type":["Relic","Relic","Relic","Relic","Card","Card","Relic","Relic","Card"],"build_version":"2020-12-13","purchased_purges":3,"victory":true,"max_hp_per_floor":[70,70,70,70,70,70,70,70,70,70,70,70,70,70,70,70,70,70,70,70,70,70,70,70,70,70,80,85,85,85,85,85,85,85,85,85,85,85,85,90,90,90,90,90,90,90,90,90,90,90],"card_choices":[{"not_picked":["Backstab","Acrobatics"],"picked":"Footwork","floor":1.0},{"not_picked":["Deadly Poison","Tactician"],"picked":"Bouncing Flask","floor":5.0},{"not_picked":["Endless Agony","Dagger Spray"],"picked":"Blade Dance","floor":6.0},{"not_picked":["Poisoned Stab","Flying Knee"],"picked":"Dodge and Roll","floor":8.0},{"not_picked":["Poisoned Stab","Prepared"],"picked":"Backflip","floor":10.0},{"not_picked":["Slice","Dagger Throw","Underhanded Strike"],"picked":"SKIP","floor":11.0},{"not_picked":["Dagger Throw","Sucker Punch"],"picked":"Choke","floor":12.0},{"not_picked":["Footwork","Catalyst","Quick Slash"],"picked":"SKIP","floor":13.0},{"not_picked":["Footwork","Catalyst","Quick Slash"],"picked":"SKIP","floor":13.0},{"not_picked":["Footwork","Catalyst"],"picked":"Quick Slash","floor":13.0},{"not_picked":["Burst","Malaise"],"picked":"Venomology","floor":16.0},{"not_picked":["Flying Knee","Deflect","Eviscerate"],"picked":"SKIP","floor":18.0},{"not_picked":["Bane+1","Backflip"],"picked":"Accuracy","floor":20.0},{"not_picked":["Endless Agony","Quick Slash","Prepared"],"picked":"SKIP","floor":21.0},{"not_picked":["Quick Slash","Acrobatics+1"],"picked":"Flying Knee","floor":22.0},{"not_picked":["Cloak And Dagger+1","Caltrops"],"picked":"Malaise","floor":23.0},{"not_picked":["Skewer","Dagger Spray+1","Underhanded Strike"],"picked":"SKIP","floor":27.0},{"not_picked":["Malaise","Night Terror","Die Die Die"],"picked":"Envenom","floor":33.0},{"not_picked":["Poisoned Stab+1","Dodge and Roll+1","Bouncing Flask","Deflect"],"picked":"SKIP","floor":35.0},{"not_picked":["Sucker Punch","Caltrops","Endless Agony","Dagger Spray"],"picked":"SKIP","floor":36.0},{"not_picked":["Poisoned Stab+1","Slice+1","Heel Hook+1","Concentrate+1"],"picked":"SKIP","floor":38.0},{"not_picked":["Predator","Dash+1","Quick Slash+1"],"picked":"Bullet Time","floor":39.0},{"not_picked":["Bouncing Flask+1","Deflect+1","Prepared+1","Dodge and Roll+1"],"picked":"SKIP","floor":40.0},{"not_picked":["Blade Dance+1","Riddle With Holes+1","Choke+1"],"picked":"Escape Plan+1","floor":42.0},{"not_picked":["Tactician+1","Slice+1","Crippling Poison+1"],"picked":"Blur","floor":44.0},{"not_picked":["Slice+1","Bane+1","Underhanded Strike+1"],"picked":"Catalyst","floor":45.0},{"not_picked":["Dagger Spray+1","Bane+1","Reflex+1","Well Laid Plans"],"picked":"SKIP","floor":46.0},{"not_picked":["Bane+1","Flechettes+1","Reflex"],"picked":"Accuracy+1","floor":48.0}],"player_experience":57900,"relics_obtained":[{"floor":3.0,"key":"Ancient Tea Set"},{"floor":6.0,"key":"Kunai"},{"floor":9.0,"key":"PreservedInsect"},{"floor":10.0,"key":"Ninja Scroll"},{"floor":13.0,"key":"Smiling Mask"},{"floor":22.0,"key":"Red Mask"},{"floor":23.0,"key":"Orichalcum"},{"floor":26.0,"key":"Nunchaku"},{"floor":27.0,"key":"Pear"},{"floor":30.0,"key":"Pantograph"},{"floor":40.0,"key":"Molten Egg 2"},{"floor":43.0,"key":"Paper Crane"},{"floor":45.0,"key":"Oddly Smooth Stone"}],"event_choices":[{"damage_healed":0.0,"max_hp_gain":0.0,"max_hp_loss":0.0,"gold_gain":75.0,"event_name":"World of Goop","player_choice":"Gather Gold","floor":2.0,"gold_loss":0.0,"damage_taken":11.0},{"damage_healed":0.0,"max_hp_gain":0.0,"max_hp_loss":0.0,"gold_gain":175.0,"event_name":"Liars Game","player_choice":"AGREE","floor":14.0,"gold_loss":0.0,"damage_taken":0.0,"cards_obtained":["Doubt"]},{"damage_healed":0.0,"max_hp_gain":0.0,"max_hp_loss":0.0,"gold_gain":0.0,"event_name":"The Library","player_choice":"Read","floor":19.0,"gold_loss":0.0,"damage_taken":0.0,"cards_obtained":["Cloak And Dagger"]},{"damage_healed":0.0,"max_hp_gain":0.0,"max_hp_loss":0.0,"gold_gain":0.0,"event_name":"Masked Bandits","player_choice":"Fought Bandits","floor":22.0,"gold_loss":0.0,"damage_taken":0.0},{"damage_healed":0.0,"max_hp_gain":5.0,"max_hp_loss":0.0,"gold_gain":0.0,"event_name":"Forgotten Altar","player_choice":"Shed Blood","floor":28.0,"gold_loss":0.0,"damage_taken":20.0},{"damage_healed":0.0,"max_hp_gain":0.0,"max_hp_loss":0.0,"gold_gain":0.0,"event_name":"Match and Keep!","player_choice":"0 cards matched","floor":37.0,"gold_loss":0.0,"damage_taken":0.0,"cards_obtained":[]},{"cards_removed":["Defend_G"],"damage_healed":0.0,"max_hp_gain":0.0,"max_hp_loss":0.0,"gold_gain":0.0,"event_name":"Falling","player_choice":"Removed Skill","floor":47.0,"gold_loss":0.0,"damage_taken":0.0}],"is_beta":false,"boss_relics":[{"not_picked":["Runic Dome","Calling Bell"],"picked":"SlaversCollar"},{"not_picked":["Coffee Dripper","Cursed Key"],"picked":"WristBlade"}],"items_purged_floors":[25,31,41],"is_endless":false,"potions_floor_spawned":[1,6,10,13,18,21,33,36,40,45,46,48],"ascension_level":3}}