{"host":"m6aaltr68g9tvoay","time":1608408935,"event":{"mods":["AchievementEnabler","BaseMod","Colored Map","Minty Spire (QoL Compilation)","StSLib"],"gold_per_floor":[118,118,16,29,49,49,63,63,63,82,82,82,155,182,182,256,256,267,24,24,42,42,42,42,42,121,153,43,43,43],"floor_reached":29,"playtime":724,"items_purged":["Strike_G"],"score":466,"play_id":"f7d90e80-cba1-4687-a184-57e981569bd2","local_time":"20201219121535","is_ascension_mode":true,"campfire_choices":[{"data":"Bouncing Flask","floor":6,"key":"SMITH"},{"data":"Dagger Spray","floor":8,"key":"SMITH"},{"data":"All Out Attack","floor":12,"key":"SMITH"},{"floor":15,"key":"REST"},{"floor":23,"key":"REST"},{"floor":25,"key":"REST"}],"circlet_count":0,"master_deck":["AscendersBane","Strike_G","Strike_G","Strike_G","Strike_G","Defend_G","Defend_G","Defend_G","Defend_G","Survivor","Neutralize","Dagger Spray+1","PiercingWail","All Out Attack+1","Noxious Fumes","Bouncing Flask+1","Escape Plan","Adrenaline","Deadly Poison+1","Catalyst","Dagger Spray+1"],"relics":["Ring of the Snake","Molten Egg 2","StrikeDummy","SlaversCollar","Akabeko","Pantograph","Bottled Tornado"],"acts_visited":["Exordium","TheCity"],"potions_floor_usage":[18,21,29],"damage_taken":[{"damage":0,"enemies":"2 Louse","floor":1,"turns":3},{"damage":1,"enemies":"Cultist","floor":4,"turns":4},{"damage":10,"enemies":"Small Slimes","floor":5,"turns":3},{"damage":7,"enemies":"Blue Slaver","floor":7,"turns":3},{"damage":6,"enemies":"Exordium Wildlife","floor":10,"turns":3},{"damage":31,"enemies":"Gremlin Nob","floor":14,"turns":4},{"damage":14,"enemies":"The Guardian","floor":16,"turns":9},{"damage":25,"enemies":"2 Thieves","floor":18,"turns":3},{"damage":15,"enemies":"Shell Parasite","floor":21,"turns":5},{"damage":47,"enemies":"Slavers","floor":27,"turns":5},{"damage":16,"enemies":"Centurion and Healer","floor":29,"turns":4}],"seed_played":"-4325842894843111320","potions_obtained":[{"floor":16,"key":"SteroidPotion"},{"floor":18,"key":"SpeedPotion"}],"is_trial":false,"path_per_floor":["M","?","$","M","M","R","M","R","T","M","?","R","?","E","R","B",null,"M","$","?","M","$","R","$","R","T","E","$","M"],"character_chosen":"THE_SILENT","items_purchased":["PiercingWail","All Out Attack","Akabeko","PowerPotion","Explosive Potion"],"campfire_rested":3,"item_purchase_floors":[3,3,19,28,28],"current_hp_per_floor":[65,65,65,64,54,54,47,47,47,41,41,41,41,10,31,17,58,33,33,33,18,18,39,39,60,60,13,13,0,0],"gold":43,"neow_bonus":"TEN_PERCENT_HP_BONUS","is_daily":false,"chose_seed":false,"campfire_upgraded":3,"win_rate":0.0,"timestamp":1608408935,"path_taken":["M","?","?","M","?","R","M","R","T","M","?","R","?","E","R","BOSS","M","$","?","M","$","R","$","R","T","E","?","M"],"items_purchased_type":["Card","Card","Relic","Potion","Potion"],"build_version":"2020-12-13","purchased_purges":1,"victory":false,"max_hp_per_floor":[72,72,72,72,72,72,72,72,72,72,72,72,72,72,72,72,72,72,72,72,72,72,72,72,72,72,72,72,72,72],"card_choices":[{"not_picked":["Flechettes","Backflip"],"picked":"Dagger Spray","floor":1},{"not_picked":["PiercingWail","Bane"],"picked":"Noxious Fumes","floor":4},{"not_picked":["Deadly Poison","Leg Sweep"],"picked":"Bouncing Flask","floor":5},{"not_picked":["Tactician","Bouncing Flask","Sucker Punch"],"picked":"SKIP","floor":7},{"not_picked":["Backflip","Tactician","Underhanded Strike+1"],"picked":"SKIP","floor":10},{"not_picked":["All Out Attack+1","Unload+1"],"picked":"Escape Plan","floor":14},{"not_picked":["Tools of the Trade","A Thousand Cuts"],"picked":"Adrenaline","floor":16},{"not_picked":["Slice+1","Underhanded Strike+1"],"picked":"Deadly Poison+1","floor":18},{"not_picked":["Bane+1","Expertise"],"picked":"Catalyst","floor":21},{"not_picked":["Infinite Blades","Blade Dance"],"picked":"Dagger Spray+1","floor":27}],"player_experience":1261890,"relics_obtained":[{"floor":9,"key":"Molten Egg 2"},{"floor":14,"key":"StrikeDummy"},{"floor":26,"key":"Pantograph"},{"floor":27,"key":"Bottled Tornado"}],"event_choices":[{"cards_removed":["Defend_G"],"damage_healed":0,"gold_gain":0,"player_choice":"Card Removal","damage_taken":0,"max_hp_gain":0,"max_hp_loss":0,"event_name":"Wheel of Change","floor":2,"gold_loss":0},{"damage_healed":0,"gold_gain":0,"player_choice":"Ignored","damage_taken":0,"max_hp_gain":0,"max_hp_loss":0,"event_name":"Shining Light","floor":11,"gold_loss":0},{"damage_healed":0,"gold_gain":73,"player_choice":"Gained Gold","damage_taken":0,"max_hp_gain":0,"max_hp_loss":0,"event_name":"Golden Wing","floor":13,"gold_loss":0},{"damage_healed":0,"gold_gain":0,"player_choice":"Ignored","damage_taken":0,"max_hp_gain":0,"max_hp_loss":0,"event_name":"Cursed Tome","floor":20,"gold_loss":0}],"is_beta":false,"boss_relics":[{"not_picked":["Busted Crown","Velvet Choker"],"picked":"SlaversCollar"}],"items_purged_floors":[19],"is_endless":false,"potions_floor_spawned":[16,18],"killed_by":"Centurion and Healer","ascension_level":19}}