{"host":"44og2uqm53oex657","time":1608339823,"event":{"mods":["AchievementEnabler","Act Like it!","BaseMod","DeckTracker","Gensokyo","Koishi","Marisa????????","Minty Spire (QoL Compilation)","StSLib"],"gold_per_floor":[114,124,124,144,144,144,179,179,247,12,12,12,12,31,31,108,108,120,139,2,19,19,19,19,19,94,109,109,109,109,120,120,195,195,213,213,88,98,112,145,159,159,159,171,171,21,21,46,46,46,46],"floor_reached":52,"playtime":1805,"items_purged":["Strike_MRS","Strike_MRS","Strike_MRS","Strike_MRS"],"score":1866,"play_id":"b5d3932e-4522-4ee1-b42c-bbecfa525b8d","local_time":"20201218170343","is_ascension_mode":true,"campfire_choices":[{"data":"MysteriousBeam","floor":6.0,"key":"SMITH"},{"data":"SprinkleStarSeal","floor":12.0,"key":"SMITH"},{"data":"FairyDestructionRay","floor":15.0,"key":"SMITH"},{"floor":23.0,"key":"REST"},{"data":"PowerUp","floor":25.0,"key":"SMITH"},{"data":"AlicesGift","floor":28.0,"key":"SMITH"},{"data":"6A","floor":30.0,"key":"SMITH"},{"data":"Defend_MRS","floor":32.0,"key":"SMITH"},{"floor":42,"key":"REST"},{"data":"EarthLightRay","floor":45,"key":"SMITH"},{"data":"UpSweep","floor":49,"key":"SMITH"}],"circlet_count":0,"master_deck":["AscendersBane","Defend_MRS+1","Defend_MRS+1","Defend_MRS","Defend_MRS+1","MasterSpark","UpSweep+1","MysteriousBeam+1","SprinkleStarSeal+1","MilkyWay+1","FairyDestructionRay+1","MilkyWay+1","PowerUp+1","AlicesGift+1","6A+1","MilkyWay+1","EarthLightRay+1","MagicAbsorber+1"],"relics":["BewitchedHakkero","Potion Belt","War Paint","Gremlin Horn","DollysMirror","Akabeko","Darkstone Periapt","Busted Crown","Ginger","Unceasing Top","Pantograph"],"acts_visited":["Exordium","TheCity","TheBeyond"],"potions_floor_usage":[50,50,51],"damage_taken":[{"damage":1.0,"enemies":"Cultist","floor":1.0,"turns":3.0},{"damage":7.0,"enemies":"Jaw Worm","floor":2.0,"turns":3.0},{"damage":0.0,"enemies":"Small Slimes","floor":4.0,"turns":2.0},{"damage":24.0,"enemies":"3 Sentries","floor":7.0,"turns":6.0},{"damage":0.0,"enemies":"Blue Slaver","floor":14.0,"turns":1.0},{"damage":8.0,"enemies":"Hexaghost","floor":16.0,"turns":9.0},{"damage":19.0,"enemies":"Shell Parasite","floor":18.0,"turns":5.0},{"damage":12.0,"enemies":"3 Byrds","floor":19.0,"turns":3.0},{"damage":6.0,"enemies":"Shelled Parasite and Fungi","floor":21.0,"turns":3.0},{"damage":2.0,"enemies":"Snake Plant","floor":27.0,"turns":3.0},{"damage":0.0,"enemies":"3 Cultists","floor":31.0,"turns":3.0},{"damage":16.0,"enemies":"Collector","floor":33.0,"turns":6.0},{"damage":0.0,"enemies":"Orb Walker","floor":35.0,"turns":3.0},{"damage":0.0,"enemies":"3 Darklings","floor":38.0,"turns":3.0},{"damage":14.0,"enemies":"Spire Growth","floor":39.0,"turns":5.0},{"damage":5.0,"enemies":"Nemesis","floor":40.0,"turns":3.0},{"damage":29.0,"enemies":"Transient","floor":41.0,"turns":6.0},{"damage":0,"enemies":"4 Shapes","floor":44,"turns":6},{"damage":8,"enemies":"Reptomancer","floor":48,"turns":4},{"damage":45,"enemies":"Donu and Deca","floor":50,"turns":8},{"damage":14,"enemies":"Awakened One","floor":51,"turns":12}],"seed_played":"-8985670061580134027","potions_obtained":[{"floor":1.0,"key":"StarNLove"},{"floor":7.0,"key":"SteroidPotion"},{"floor":14.0,"key":"Strength Potion"},{"floor":27.0,"key":"PowerPotion"},{"floor":31.0,"key":"AttackPotion"},{"floor":39.0,"key":"Dexterity Potion"},{"floor":40.0,"key":"Energy Potion"},{"floor":41,"key":"PowerPotion"},{"floor":47,"key":"DistilledChaos"}],"is_trial":false,"path_per_floor":["M","M","?","M","?","R","E","?","T","$","?","R","$","M","R","B",null,"M","M","$","M","$","R","?","R","T","M","R","$","R","M","R","B",null,"M","?","$","M","M","E","M","R","T","M","R","$","?","E","R","B","B",null],"character_chosen":"MARISA","items_purchased":["DollysMirror","AlicesGift"],"campfire_rested":2,"item_purchase_floors":[10,20],"current_hp_per_floor":[62,55,55,55,55,55,31,54,54,54,28,28,28,28,28,20,58,39,27,27,21,21,42,42,42,42,40,40,40,40,40,40,24,59,59,59,59,59,45,40,11,32,32,32,32,32,32,30,30,16,33],"gold":46,"neow_bonus":"RANDOM_COMMON_RELIC","is_daily":false,"chose_seed":false,"campfire_upgraded":9,"win_rate":0.0,"timestamp":1608339823,"path_taken":["M","M","?","M","?","R","E","?","T","?","?","R","$","M","R","BOSS","M","M","$","M","$","R","?","R","T","?","R","$","R","M","R","BOSS","M","?","$","M","M","E","M","R","T","?","R","$","?","E","R","BOSS","BOSS"],"items_purchased_type":["Relic","Card"],"build_version":"2020-12-13","purchased_purges":4,"victory":true,"max_hp_per_floor":[70,70,70,70,70,70,70,70,70,70,70,70,70,70,70,70,70,70,70,70,70,70,70,70,70,70,70,70,70,70,70,70,70,70,70,70,70,70,70,70,70,70,70,70,70,70,70,70,70,70,70],"card_choices":[{"not_picked":["OortCloud","MachineGunSpark"],"picked":"MysteriousBeam","floor":1.0},{"not_picked":["SporeBomb","IllusionStar"],"picked":"SprinkleStarSeal","floor":2.0},{"not_picked":["ShootingEcho","OrrerysSun"],"picked":"MilkyWay","floor":4.0},{"not_picked":["GalacticHalo","FairyDestructionRay","Occultation"],"picked":"SKIP","floor":7.0},{"not_picked":["GalacticHalo","Occultation"],"picked":"FairyDestructionRay","floor":7.0},{"not_picked":["Robbery","Acceleration","ShootTheMoon"],"picked":"SKIP","floor":14.0},{"not_picked":["GravityBeat","GrandCross"],"picked":"PowerUp","floor":18.0},{"not_picked":["Acceleration","ChargeUpSpray","SuperPerseids"],"picked":"SKIP","floor":19.0},{"not_picked":["Acceleration","AsteroidBelt"],"picked":"6A","floor":21.0},{"not_picked":["DarkMatter+1","StarBarrage","DragonMeteor"],"picked":"SKIP","floor":27.0},{"not_picked":["DarkMatter+1","StarBarrage","DragonMeteor"],"picked":"SKIP","floor":27.0},{"not_picked":["MeteoricShower+1","GalacticHalo","IllusionStar"],"picked":"SKIP","floor":31.0},{"not_picked":["PowerUp+1"],"picked":"SKIP","floor":35.0},{"not_picked":["SporeBomb"],"picked":"SKIP","floor":38.0},{"not_picked":["SporeBomb"],"picked":"SKIP","floor":39.0},{"not_picked":["Orbital+1"],"picked":"SKIP","floor":40.0},{"not_picked":["GrandCross+1"],"picked":"SKIP","floor":41},{"not_picked":[],"picked":"EarthLightRay","floor":44},{"not_picked":[],"picked":"MagicAbsorber+1","floor":48}],"player_experience":671867,"relics_obtained":[{"floor":7.0,"key":"War Paint"},{"floor":9.0,"key":"Gremlin Horn"},{"floor":26.0,"key":"Darkstone Periapt"},{"floor":40.0,"key":"Ginger"},{"floor":43,"key":"Unceasing Top"},{"floor":48,"key":"Pantograph"}],"event_choices":[{"damage_healed":0.0,"max_hp_gain":0.0,"max_hp_loss":0.0,"gold_gain":0.0,"event_name":"Shining Light","player_choice":"Ignored","floor":3.0,"gold_loss":0.0,"damage_taken":0.0},{"damage_healed":0.0,"max_hp_gain":0.0,"max_hp_loss":0.0,"gold_gain":0.0,"event_name":"Liars Game","player_choice":"Ignored","floor":5.0,"gold_loss":0.0,"damage_taken":0.0},{"damage_healed":23.0,"max_hp_gain":0.0,"max_hp_loss":0.0,"gold_gain":0.0,"event_name":"Big Fish","player_choice":"Banana","floor":8.0,"gold_loss":0.0,"damage_taken":0.0},{"damage_healed":0.0,"max_hp_gain":0.0,"max_hp_loss":0.0,"gold_gain":0.0,"event_name":"Scrap Ooze","player_choice":"Success","floor":11.0,"gold_loss":0.0,"damage_taken":26.0,"relics_obtained":["Akabeko"]},{"damage_healed":0.0,"max_hp_gain":0.0,"max_hp_loss":0.0,"gold_gain":0.0,"event_name":"Duplicator","player_choice":"Copied","floor":24.0,"gold_loss":0.0,"damage_taken":0.0,"cards_obtained":["MilkyWay"]},{"damage_healed":0.0,"max_hp_gain":0.0,"max_hp_loss":0.0,"gold_gain":0.0,"event_name":"Upgrade Shrine","player_choice":"Upgraded","floor":36.0,"gold_loss":0.0,"damage_taken":0.0,"cards_upgraded":["Defend_MRS"]},{"damage_healed":0,"gold_gain":0,"player_choice":"Got Potions","damage_taken":0,"max_hp_gain":0,"max_hp_loss":0,"event_name":"Lab","floor":47,"gold_loss":0}],"is_beta":false,"boss_relics":[{"not_picked":["Cursed Key","RampagingMagicTools"],"picked":"BewitchedHakkero"},{"not_picked":["Velvet Choker","Fusion Hammer"],"picked":"Busted Crown"}],"items_purged_floors":[10,20,37,46],"is_endless":false,"potions_floor_spawned":[1,7,14,27,31,39,40,41],"ascension_level":20}}