{"host":"usrgk25etjl0nf5i","time":1608350534,"event":{"mods":["2.2 Compatiblity","BaseMod","Downfall","Hubris","Minty Spire (QoL Compilation)","StSLib","SuperFastMode"],"gold_per_floor":[99,131,141,141,152,182,234,250,100,133,133,133,118,134,181,279,279,279,310,373,475,618,807,807,857,908,908,924,924,960,971,1230,1230],"floor_reached":32,"playtime":1789,"items_purged":[],"score":440,"play_id":"74ae386b-ac14-4ef4-8a77-69e4af8a244e","local_time":"20201218200214","is_ascension_mode":true,"campfire_choices":[{"floor":1,"key":"RECALL"},{"floor":9,"key":"REST"},{"data":"sneckomod:GlitteringGambit","floor":18,"key":"SMITH"},{"floor":27,"key":"REST"}],"circlet_count":0,"master_deck":["sneckomod:TailWhip","sneckomod:SnekBite","sneckomod:Unknown","sneckomod:Unknown","sneckomod:Unknown3Cost+1","sneckomod:UnknownExhaust","sneckomod:Nope","sneckomod:WideSting","sneckomod:UnknownX","sneckomod:SerpentMind","sneckomod:UnknownClassTHE_CHAMP_GRAY","sneckomod:SnakeSap","sneckomod:SnakeSap","sneckomod:Nope","sneckomod:GlitteringGambit+1","sneckomod:IronFang","sneckomod:MasterEye","sneckomod:UnknownClassSLIMEBOUND","sneckomod:SlitherStrike","sneckomod:UnknownDexterity","sneckomod:UnknownEthereal","sneckomod:QuickBite+1","sneckomod:DiceCrush","sneckomod:SnekBeam","sneckomod:SoulRoll","sneckomod:DiceCrush+1","sneckomod:UnknownStrength+1","sneckomod:UnknownExhaust+1","sneckomod:SoulDraw+1","sneckomod:UnknownStrength","sneckomod:Unknown3Cost","sneckomod:CheapStock","sneckomod:UnknownRareSkill","sneckomod:ImprovisedAttack"],"relics":["sneckomod:SneckoSoul","Bag of Marbles","Pear","Oddly Smooth Stone","downfall:HeartBlessingGreen","downfall:HeartBlessingRed","hexamod:BolsterEngine","hubris:Icosahedron","Pandora\u0027s Box","Blood Vial","hubris:GlazedTorus","hubris:Metronome","hubris:FunFungus"],"acts_visited":["Exordium","TheCity"],"potions_floor_usage":[6,10,16,19,23,26,31,31],"damage_taken":[{"damage":45,"enemies":"Lagavulin","floor":2,"turns":7},{"damage":0,"enemies":"2 Louse","floor":3,"turns":2},{"damage":0,"enemies":"Cultist","floor":5,"turns":4},{"damage":30,"enemies":"Gremlin Nob","floor":6,"turns":7},{"damage":6,"enemies":"Jaw Worm","floor":8,"turns":3},{"damage":16,"enemies":"3 Sentries","floor":10,"turns":3},{"damage":1,"enemies":"downfall:FleeingMerchant","floor":13,"turns":4},{"damage":0,"enemies":"Large Slime","floor":14,"turns":3},{"damage":5,"enemies":"Gremlin Gang","floor":15,"turns":6},{"damage":56,"enemies":"downfall:Silent","floor":16,"turns":8},{"damage":5,"enemies":"Gremlin Leader","floor":19,"turns":6},{"damage":13,"enemies":"3 Byrds","floor":20,"turns":4},{"damage":5,"enemies":"Chosen","floor":21,"turns":3},{"damage":27,"enemies":"downfall:Watcher","floor":22,"turns":6},{"damage":48,"enemies":"Sentry and Sphere","floor":23,"turns":5},{"damage":5,"enemies":"Shelled Parasite and Fungi","floor":25,"turns":5},{"damage":49,"enemies":"Slavers","floor":26,"turns":5},{"damage":1,"enemies":"Snake Plant","floor":28,"turns":2},{"damage":14,"enemies":"Snecko","floor":30,"turns":4},{"damage":28,"enemies":"Shelled Parasite and Fungi","floor":31,"turns":4},{"damage":23,"enemies":"Centurion and Healer","floor":32,"turns":3}],"seed_played":"-5556221141382593224","potions_obtained":[{"floor":3,"key":"Ancient Potion"},{"floor":8,"key":"Swift Potion"},{"floor":14,"key":"LiquidBronze"},{"floor":16,"key":"sneckomod:OffclassReductionPotion"},{"floor":19,"key":"Ancient Potion"},{"floor":19,"key":"EssenceOfSteel"},{"floor":20,"key":"GamblersBrew"},{"floor":26,"key":"FearPotion"}],"is_trial":false,"path_per_floor":["R","E","M","?","M","E","T","M","R","E","?","?","$","M","M","B",null,"R","E","M","M","?","M","T","M","E","R","M","?","M","M","M"],"character_chosen":"THE_SNECKO","items_purchased":[],"campfire_rested":2,"item_purchase_floors":[],"current_hp_per_floor":[99,55,56,56,56,37,37,31,64,49,49,49,48,48,108,52,116,116,113,102,103,93,50,50,52,5,40,42,43,33,12,0,0],"gold":1230,"neow_bonus":"TEN_PERCENT_HP_BONUS","is_daily":false,"chose_seed":false,"campfire_upgraded":1,"win_rate":0.0,"timestamp":1608350534,"path_taken":["R","E","M","?","M","E","T","M","R","E","?","?","$","?","M","BOSS","R","E","?","M","?","M","T","M","E","R","M","?","M","M","M"],"items_purchased_type":[],"build_version":"2020-12-13","purchased_purges":0,"victory":false,"max_hp_per_floor":[99,100,101,101,101,112,112,112,112,113,113,113,113,113,113,113,116,116,116,116,116,116,117,117,118,118,118,119,120,121,121,121,121],"card_choices":[{"not_picked":["sneckomod:UnknownStrike","sneckomod:DiceCrush"],"picked":"sneckomod:Unknown3Cost","floor":2},{"not_picked":["sneckomod:SoulRoll","sneckomod:RainOfDice"],"picked":"sneckomod:UnknownExhaust","floor":3},{"not_picked":["sneckomod:IronFang","sneckomod:UnknownCommonSkill"],"picked":"sneckomod:WideSting","floor":5},{"not_picked":["sneckomod:UnknownBlock","sneckomod:UnknownClassGREEN"],"picked":"sneckomod:UnknownX","floor":6},{"not_picked":["sneckomod:WideSting","sneckomod:UnknownBlock"],"picked":"sneckomod:SerpentMind","floor":8},{"not_picked":["sneckomod:UnknownCommonAttack","sneckomod:WideSting"],"picked":"sneckomod:UnknownClassTHE_CHAMP_GRAY","floor":10},{"not_picked":["sneckomod:UnknownWeak","sneckomod:WideSting"],"picked":"sneckomod:SnakeSap","floor":13},{"not_picked":["sneckomod:CheapStock","sneckomod:UnknownClassRED"],"picked":"sneckomod:SnakeSap","floor":14},{"not_picked":["sneckomod:WideSting","sneckomod:UnknownClassTHE_CHAMP_GRAY"],"picked":"sneckomod:Nope","floor":15},{"not_picked":["sneckomod:SoulExchange","sneckomod:Cheat"],"picked":"sneckomod:GlitteringGambit","floor":16},{"not_picked":["sneckomod:QuickMove","sneckomod:DiceCrush"],"picked":"sneckomod:QuickBite","floor":19},{"not_picked":["sneckomod:QuickBite","sneckomod:UnknownWeak"],"picked":"sneckomod:DiceCrush","floor":20},{"not_picked":["sneckomod:DiceBlock","sneckomod:SerpentMind"],"picked":"sneckomod:SnekBeam","floor":21},{"not_picked":["sneckomod:WideSting+1","sneckomod:QuickBite"],"picked":"sneckomod:SoulRoll","floor":22},{"not_picked":["sneckomod:SerpentIdol","sneckomod:UnknownUncommonPower"],"picked":"sneckomod:DiceCrush+1","floor":23},{"not_picked":["sneckomod:SoulRoll","sneckomod:UnknownCommonAttack+1"],"picked":"sneckomod:UnknownStrength+1","floor":23},{"not_picked":["sneckomod:SlitherStrike","sneckomod:UnknownCommonAttack+1"],"picked":"sneckomod:UnknownExhaust+1","floor":25},{"not_picked":["sneckomod:UnknownClassGREEN","sneckomod:UnknownWeak"],"picked":"sneckomod:SoulDraw+1","floor":26},{"not_picked":["sneckomod:QuickBite","sneckomod:SerpentIdol"],"picked":"sneckomod:UnknownStrength","floor":28},{"not_picked":["sneckomod:SoulDraw+1","sneckomod:UnknownUncommonPower"],"picked":"sneckomod:UnknownRareSkill","floor":30},{"not_picked":["sneckomod:SoulRoll","sneckomod:WideSting"],"picked":"sneckomod:ImprovisedAttack","floor":31}],"player_experience":593682,"relics_obtained":[{"floor":2,"key":"Bag of Marbles"},{"floor":6,"key":"Pear"},{"floor":7,"key":"Oddly Smooth Stone"},{"floor":10,"key":"hexamod:BolsterEngine"},{"floor":19,"key":"Blood Vial"},{"floor":22,"key":"hubris:GlazedTorus"},{"floor":22,"key":"hubris:Metronome"},{"floor":26,"key":"hubris:FunFungus"}],"event_choices":[{"damage_healed":0,"gold_gain":0,"player_choice":"Upgraded","damage_taken":0,"max_hp_gain":0,"max_hp_loss":0,"event_name":"Upgrade Shrine","floor":12,"gold_loss":0,"cards_upgraded":["sneckomod:Unknown3Cost"]}],"is_beta":false,"boss_relics":[{"not_picked":["Fusion Hammer","Astrolabe"],"picked":"Pandora\u0027s Box"}],"items_purged_floors":[],"is_endless":false,"potions_floor_spawned":[3,8,14,16,19,20,26],"killed_by":"Centurion and Healer","ascension_level":4}}