{"host":"e4wnmsyty9uvvtwf","time":1608381957,"event":{"mods":["Aspiration","BaseMod","Colored Map","Colored Powertips","Marisa£®ÏF”Í°°ƒß¿Ì…≥£©","Minty Spire (QoL Compilation)","Rare Cards Sparkle","Replay The Spire","StSLib"],"gold_per_floor":[116,116,116,129,146,146,159,172,242,23,58,58,84,109,109,190,190,217,226,226,246,73,113,113,2,64,64,64,64,64,88,88,174,201,220,220,220,282,282,322,322,345,380,417,429,429,172,222,222,222],"floor_reached":51,"playtime":2118,"items_purged":["Defend_G"],"score":2381,"play_id":"d8d94307-36c3-46e3-ba41-4ba082459ee7","local_time":"20201219204557","is_ascension_mode":true,"campfire_choices":[{"data":"Neutralize","floor":6,"key":"SMITH"},{"data":"Chaos","floor":15,"key":"SMITH"},{"data":"MilkyWay","floor":24,"key":"SMITH"},{"data":"Burst","floor":27,"key":"SMITH"},{"data":"MysteriousBeam","floor":29,"key":"SMITH"},{"data":"Singularity","floor":32,"key":"SMITH"},{"data":"Venomology","floor":41,"key":"SMITH"},{"data":"Replay:Bag of Tricks","floor":46,"key":"SMITH"},{"data":"Mind Blast","floor":49,"key":"SMITH"}],"circlet_count":0,"master_deck":["AscendersBane","Strike_G","Strike_G","Strike_G","Strike_G","Defend_G","Defend_G","Defend_G","Defend_G","Survivor","Neutralize+1","Acrobatics","Go for the Eyes","Machine Learning","Survey Options","Accuracy","Turbo","Chaos+1","Adrenaline","Burst+1","Escape Plan","Delirium","Riddle With Holes","MilkyWay+1","Wraith","MysteriousBeam+1","Singularity+1","Singularity","Looming Evil","Finisher","Venomology+1","ReplayTheSpireMod:Doomed","ReplayTheSpireMod:Faulty Equipment","Overencumbered","PowerUp+1","Orbital","MysteriousBeam+1","SuperPerseids","Writhe","Replay:Bag of Tricks+1","Mind Blast+1","GravityBeat"],"relics":["Ring of the Snake","aspiration:Nostalgia","m_SpellCore","Ring of Misfortune","Ring of Peace","StrikeDummy","BargainBundle","CeramicFish","Letter Opener","Vampiric Spirits","Replay:Grab Bag","Busted Crown","Cursed Key","Honey Jar","aspiration:MarisaSkillbook","HornCleat","OrangePellets","Du-Vu Doll","ReplayTheSpireMod:CursedCoin","Nunchaku","Replay:Mystery Machine","Replay:Ancient Bell","ReplayTheSpireMod:TigerMarble","Replay:Ringing Soul","Replay:Towering Pillar of Hats","CatCart","Oddly Smooth Stone","Snake Skull","Gremlin Horn","Toolbox"],"acts_visited":["Exordium","TheCity","TheBeyond"],"potions_floor_usage":[23,38,44,48,50,50],"damage_taken":[{"damage":2,"enemies":"Jaw Worm","floor":1,"turns":5},{"damage":0,"enemies":"Small Slimes","floor":4,"turns":5},{"damage":0,"enemies":"Cultist","floor":5,"turns":6},{"damage":0,"enemies":"Red Slaver","floor":7,"turns":5},{"damage":10,"enemies":"Exordium Thugs","floor":8,"turns":8},{"damage":4,"enemies":"3 Sentries","floor":11,"turns":8},{"damage":10,"enemies":"Replay:BlueRogue","floor":13,"turns":7},{"damage":0,"enemies":"Looter","floor":14,"turns":4},{"damage":14,"enemies":"Hexaghost","floor":16,"turns":10},{"damage":0,"enemies":"Shell Parasite","floor":18,"turns":4},{"damage":0,"enemies":"2 Thieves","floor":21,"turns":4},{"damage":0,"enemies":"Gremlin Leader","floor":23,"turns":5},{"damage":0,"enemies":"3 Cultists","floor":31,"turns":3},{"damage":0,"enemies":"Pondfish","floor":33,"turns":3},{"damage":0,"enemies":"3 Shapes","floor":35,"turns":3},{"damage":48,"enemies":"Orin","floor":38,"turns":5},{"damage":0,"enemies":"R_Hoarder","floor":40,"turns":3},{"damage":0,"enemies":"Orb Walker","floor":42,"turns":1},{"damage":4,"enemies":"Reptomancer","floor":44,"turns":4},{"damage":0,"enemies":"Writhing Mass","floor":45,"turns":2},{"damage":0,"enemies":"Transient","floor":48,"turns":4},{"damage":0,"enemies":"Time Eater","floor":50,"turns":4}],"seed_played":"-825987995058506767","potions_obtained":[{"floor":7,"key":"Poison Potion"},{"floor":8,"key":"Swift Potion"},{"floor":21,"key":"ColorlessPotion"},{"floor":31,"key":"Elixir"},{"floor":33,"key":"DistilledChaos"}],"is_trial":false,"path_per_floor":["M","?","?","M","M","R","M","M","T","$","E","T","E","M","R","B",null,"M","?","?","M","$","E","R","$","T","R","$","R","?","M","R","B",null,"M","?","$","?","?","E","R","M","T","E","M","R","$","M","R","B",null],"character_chosen":"THE_SILENT","items_purchased":["BargainBundle","Survey Options","Regen Potion","Accuracy","Turbo","OrangePellets","ReplayTheSpireMod:CursedCoin","MysteriousBeam","Singularity","Nunchaku","Toolbox","Mind Blast"],"campfire_rested":0,"item_purchase_floors":[10,10,10,10,10,22,25,25,25,25,47,47],"current_hp_per_floor":[57,57,66,66,66,66,66,56,56,56,52,52,42,44,44,32,58,60,60,42,46,46,71,71,71,71,71,71,71,71,71,71,71,74,77,77,77,32,32,83,83,86,89,88,92,92,95,98,98,98],"gold":222,"neow_bonus":"NOSTALGIA","is_daily":false,"chose_seed":false,"campfire_upgraded":9,"win_rate":0.0,"timestamp":1608381957,"path_taken":["M","?","?","?","M","R","M","M","T","?","E","?","E","M","R","BOSS","M","?","?","M","$","E","R","?","T","R","$","R","?","?","R","BOSS","M","?","$","?","?","E","R","M","T","E","?","R","?","M","R","BOSS"],"items_purchased_type":["Relic","Card","Potion","Card","Card","Relic","Relic","Card","Card","Relic","Relic","Card"],"build_version":"2020-12-13","purchased_purges":1,"victory":true,"max_hp_per_floor":[66,66,66,66,66,66,66,66,66,66,66,66,66,66,66,66,66,66,66,71,71,71,71,71,71,71,71,71,71,71,71,71,71,74,77,77,77,80,80,83,83,86,89,92,92,92,95,98,98,98],"card_choices":[{"not_picked":["Poisoned Stab","Dagger Throw","Eviscerate"],"picked":"SKIP","floor":1},{"not_picked":["ReplayTheSpireMod:Shiv Toss","Escape Plan"],"picked":"Acrobatics","floor":4},{"not_picked":["Gash","ReplayTheSpireMod:Exploit Weakness"],"picked":"Go for the Eyes","floor":5},{"not_picked":["Go for the Eyes","Dagger Throw"],"picked":"Machine Learning","floor":7},{"not_picked":["Barrage","Quick Slash","Turbo"],"picked":"SKIP","floor":8},{"not_picked":["Barrage","Footwork"],"picked":"Chaos","floor":11},{"not_picked":["Dagger Spray","Go for the Eyes","Deadly Poison"],"picked":"SKIP","floor":13},{"not_picked":["Sucker Punch","Cloak And Dagger"],"picked":"Adrenaline","floor":14},{"not_picked":["All For One","Glass Knife"],"picked":"Burst","floor":16},{"not_picked":["Sucker Punch","GravityBeat"],"picked":"Escape Plan","floor":18},{"not_picked":["Sucker Punch","Bane"],"picked":"Riddle With Holes","floor":21},{"not_picked":["Prepared+1","ReplayTheSpireMod:Speed Training"],"picked":"MilkyWay","floor":23},{"not_picked":["ManaConvection+1","Slice"],"picked":"Finisher","floor":31},{"not_picked":["Corpse Explosion","Glass Knife"],"picked":"Venomology","floor":33},{"not_picked":["Looming Evil","Shame"],"picked":"ReplayTheSpireMod:Doomed","floor":34},{"not_picked":["Amnesia","Overencumbered"],"picked":"ReplayTheSpireMod:Faulty Equipment","floor":34},{"not_picked":["Looming Evil","Writhe"],"picked":"Overencumbered","floor":34},{"not_picked":["6A","LuminesStrike+1"],"picked":"PowerUp+1","floor":35},{"not_picked":["Prepared","Underhanded Strike+1"],"picked":"Orbital","floor":38},{"not_picked":["Acceleration","Slice"],"picked":"MysteriousBeam+1","floor":40},{"not_picked":["AsteroidBelt","Dagger Throw"],"picked":"SuperPerseids","floor":42},{"not_picked":["ReplayTheSpireMod:Speed Training","OrrerysSun"],"picked":"Replay:Bag of Tricks","floor":44},{"not_picked":["6A","DoubleSpark+1","Underhanded Strike"],"picked":"SKIP","floor":45},{"not_picked":["ShootingEcho","PiercingWail"],"picked":"GravityBeat","floor":48}],"player_experience":628158,"relics_obtained":[{"floor":2,"key":"Ring of Misfortune"},{"floor":2,"key":"Ring of Peace"},{"floor":9,"key":"StrikeDummy"},{"floor":11,"key":"CeramicFish"},{"floor":12,"key":"Letter Opener"},{"floor":13,"key":"Vampiric Spirits"},{"floor":23,"key":"Du-Vu Doll"},{"floor":26,"key":"Replay:Mystery Machine"},{"floor":38,"key":"CatCart"},{"floor":40,"key":"Oddly Smooth Stone"},{"floor":43,"key":"Snake Skull"},{"floor":44,"key":"Gremlin Horn"}],"event_choices":[{"damage_healed":9,"gold_gain":0,"player_choice":"Full Heal","damage_taken":0,"max_hp_gain":0,"max_hp_loss":0,"event_name":"Wheel of Change","floor":3,"gold_loss":0},{"damage_healed":0,"gold_gain":0,"player_choice":"Shed Blood","damage_taken":23,"max_hp_gain":5,"max_hp_loss":0,"event_name":"Forgotten Altar","floor":20,"gold_loss":0},{"damage_healed":0,"gold_gain":0,"player_choice":"Ignored","damage_taken":0,"max_hp_gain":0,"max_hp_loss":0,"event_name":"Vampires","floor":30,"gold_loss":0},{"cards_removed":["Strike_G"],"damage_healed":0,"gold_gain":0,"player_choice":"Removed Attack","damage_taken":0,"max_hp_gain":0,"max_hp_loss":0,"event_name":"Falling","floor":36,"gold_loss":0},{"damage_healed":0,"gold_gain":0,"player_choice":"Fight","damage_taken":0,"max_hp_gain":0,"max_hp_loss":0,"event_name":"OrinTheCat","floor":38,"gold_loss":0},{"damage_healed":0,"gold_gain":0,"player_choice":"Ignored","damage_taken":0,"max_hp_gain":0,"max_hp_loss":0,"event_name":"Tomb of Lord Red Mask","floor":39,"gold_loss":0}],"is_beta":false,"boss_relics":[{"not_picked":["aspiration:DefectSkillbook","WristBlade"],"picked":"Replay:Grab Bag"},{"not_picked":["Fusion Hammer","ChewingGum"],"picked":"Busted Crown"},{"not_picked":["Velvet Choker","Runic Dome"],"picked":"Cursed Key"},{"not_picked":["Ring of Chaos","Runic Pyramid"],"picked":"Honey Jar"},{"not_picked":["Calling Bell","Snecko Eye"],"picked":"aspiration:MarisaSkillbook"},{"not_picked":["aspiration:FutureDiary","Replay:Wanted Poster"],"picked":"Replay:Ancient Bell"},{"not_picked":["Replay:Wax Seal","aspiration:HiddenCompartment"],"picked":"ReplayTheSpireMod:TigerMarble"},{"not_picked":["aspiration:HummingbirdHeart","Divine Protection"],"picked":"Replay:Ringing Soul"},{"not_picked":["Peace Pipe","Mango"],"picked":"Replay:Towering Pillar of Hats"}],"items_purged_floors":[10],"is_endless":false,"potions_floor_spawned":[7,8,13,16,21,31,33,38,40,42,44],"ascension_level":16}}