{"host":"y89x8uui45kcjy42","time":1608364517,"event":{"mods":["2.2 Compatiblity","BaseMod","CapriCore","Colored Map","Colored Powertips","Custom Start","Friendly Minions","Highlight Path","Keyboard Shortcuts","Minty Spire (QoL Compilation)","Relic Stats","Slay the Relics Exporter","StSLib","SuperFastMode","Waifu the Spire"],"gold_per_floor":[113,113,113,113,138,138,213,246,269,283,100,141,141,164,164,254,254,272,272,292,315,4,38,38,38,115,115,115,115],"floor_reached":28,"playtime":564,"items_purged":["Strike_B","Strike_B"],"score":538,"play_id":"cbeefb4a-cf07-46de-96de-53eb04bd16af","local_time":"20201219165517","is_ascension_mode":true,"campfire_choices":[{"data":"Lockon","floor":6,"key":"SMITH"},{"data":"Defragment","floor":13,"key":"SMITH"},{"data":"Capacitor","floor":15,"key":"SMITH"},{"floor":24,"key":"REST"}],"circlet_count":0,"master_deck":["AscendersBane","Strike_B","Defend_B+1","Defend_B","Defend_B","Zap+1","Dualcast+1","Lockon+1","Coolheaded","Genetic Algorithm","Capacitor+1","Cold Snap","Defragment+1","Machine Learning","Barrage+1","Defragment","Writhe","Compile Driver","White Noise"],"relics":["FrozenCore","NeowsBlessing","Golden Idol","Ancient Tea Set","Pen Nib","Vajra","Art of War","Singing Bowl","InkBottle","The Courier"],"acts_visited":["Exordium","TheCity"],"potions_floor_usage":[12,16,23,23],"damage_taken":[{"damage":0,"enemies":"Small Slimes","floor":1,"turns":1},{"damage":0,"enemies":"2 Louse","floor":5,"turns":1},{"damage":0,"enemies":"3 Sentries","floor":8,"turns":1},{"damage":2,"enemies":"Jaw Worm","floor":10,"turns":3},{"damage":14,"enemies":"Lagavulin","floor":12,"turns":6},{"damage":5,"enemies":"Red Slaver","floor":14,"turns":3},{"damage":3,"enemies":"The Guardian","floor":16,"turns":11},{"damage":17,"enemies":"Shell Parasite","floor":18,"turns":7},{"damage":3,"enemies":"Spheric Guardian","floor":20,"turns":5},{"damage":12,"enemies":"Centurion and Healer","floor":21,"turns":6},{"damage":12,"enemies":"Book of Stabbing","floor":23,"turns":5},{"damage":28,"enemies":"Slavers","floor":28,"turns":4}],"seed_played":"-453615418109072984","potions_obtained":[{"floor":10,"key":"Strength Potion"},{"floor":12,"key":"SpeedPotion"},{"floor":14,"key":"PotionOfCapacity"},{"floor":16,"key":"SkillPotion"},{"floor":20,"key":"DuplicationPotion"}],"is_trial":false,"path_per_floor":["M","?","?","?","M","R","?","E","T","M","$","E","R","M","R","B",null,"M","?","M","M","$","E","R","?","T","?","E"],"character_chosen":"DEFECT","items_purchased":["Capacitor","Cold Snap","Defragment","Art of War"],"campfire_rested":1,"item_purchase_floors":[11,11,22,22],"current_hp_per_floor":[64,64,64,45,45,45,34,34,34,32,32,18,18,13,13,10,51,34,34,31,19,19,9,28,28,28,28,0,0],"gold":115,"neow_bonus":"THREE_ENEMY_KILL","is_daily":false,"chose_seed":false,"campfire_upgraded":3,"win_rate":0.0,"timestamp":1608364517,"path_taken":["M","?","?","?","M","R","?","E","T","M","$","E","R","?","R","BOSS","M","?","M","M","$","E","R","?","T","?","E"],"items_purchased_type":["Card","Card","Card","Relic"],"build_version":"2020-12-13","purchased_purges":2,"victory":false,"max_hp_per_floor":[71,71,64,64,64,64,64,64,64,64,64,64,64,64,64,64,64,64,64,64,64,64,66,66,66,66,66,66,66],"relic_stats":{"Singing Bowl":2,"counters":[12,53],"Golden Idol":66,"Pen Nib":[6],"Art of War":[3],"obtain_stats":[{"NeowsBlessing":0,"Singing Bowl":23,"Golden Idol":3,"Vajra":12,"Pen Nib":9,"The Courier":26,"Art of War":22,"Cracked Core":0,"Ancient Tea Set":8,"InkBottle":25,"FrozenCore":17},{"NeowsBlessing":0,"Singing Bowl":11,"Golden Idol":1,"Vajra":5,"Pen Nib":3,"The Courier":11,"Art of War":10,"Cracked Core":0,"Ancient Tea Set":3,"InkBottle":11,"FrozenCore":7},{"NeowsBlessing":0,"Singing Bowl":49,"Golden Idol":1,"Vajra":12,"Pen Nib":3,"The Courier":49,"Art of War":44,"Cracked Core":0,"Ancient Tea Set":3,"InkBottle":49,"FrozenCore":26}],"InkBottle":[1],"FrozenCore":[18]},"card_choices":[{"not_picked":["Compile Driver","Conserve Battery"],"picked":"Lockon","floor":1},{"not_picked":["Sweeping Beam","Redo"],"picked":"Coolheaded","floor":5},{"not_picked":["Steam Power","Stack","Redo"],"picked":"SKIP","floor":8},{"not_picked":["Coolheaded","Lockon"],"picked":"Genetic Algorithm","floor":10},{"not_picked":["Hyperbeam","BootSequence"],"picked":"Defragment","floor":12},{"not_picked":["Hello World","Stack","Undo"],"picked":"SKIP","floor":14},{"not_picked":["Echo Form","All For One"],"picked":"Machine Learning","floor":16},{"not_picked":["Fusion","Steam Power+1"],"picked":"Barrage+1","floor":18},{"not_picked":["Redo","Turbo","Cold Snap"],"picked":"SKIP","floor":20},{"not_picked":["Reinforced Body+1","FTL","Conserve Battery"],"picked":"SKIP","floor":21},{"not_picked":["Stack","Go for the Eyes","Sweeping Beam"],"picked":"Singing Bowl","floor":23}],"player_experience":505690,"relics_obtained":[{"floor":8,"key":"Ancient Tea Set"},{"floor":9,"key":"Pen Nib"},{"floor":12,"key":"Vajra"},{"floor":23,"key":"Singing Bowl"},{"floor":26,"key":"The Courier"}],"event_choices":[{"damage_healed":0,"gold_gain":0,"player_choice":"Grow","damage_taken":0,"max_hp_gain":0,"max_hp_loss":0,"event_name":"Living Wall","floor":2,"gold_loss":0,"cards_upgraded":["Zap"]},{"damage_healed":0,"gold_gain":0,"player_choice":"Lose Max HP","damage_taken":0,"relics_obtained":["Golden Idol"],"max_hp_gain":0,"max_hp_loss":7,"event_name":"Golden Idol","floor":3,"gold_loss":0},{"damage_healed":0,"gold_gain":0,"player_choice":"Entered Light","damage_taken":19,"max_hp_gain":0,"max_hp_loss":0,"event_name":"Shining Light","floor":4,"gold_loss":0,"cards_upgraded":["Dualcast","Defend_B"]},{"damage_healed":0,"gold_gain":75,"player_choice":"Gather Gold","damage_taken":11,"max_hp_gain":0,"max_hp_loss":0,"event_name":"World of Goop","floor":7,"gold_loss":0},{"damage_healed":0,"gold_gain":0,"player_choice":"Ignored","damage_taken":0,"max_hp_gain":0,"max_hp_loss":0,"event_name":"Cursed Tome","floor":19,"gold_loss":0},{"damage_healed":0,"gold_gain":0,"player_choice":"Opened","damage_taken":0,"relics_obtained":["InkBottle"],"max_hp_gain":0,"max_hp_loss":0,"event_name":"The Mausoleum","floor":25,"gold_loss":0,"cards_obtained":["Writhe"]},{"damage_healed":0,"gold_gain":0,"cards_transformed":["Strike_B","Defend_B"],"player_choice":"Became Test Subject","damage_taken":0,"max_hp_gain":0,"max_hp_loss":0,"event_name":"Drug Dealer","floor":27,"gold_loss":0,"cards_obtained":["Compile Driver","White Noise"]}],"is_beta":false,"boss_relics":[{"not_picked":["Philosopher\u0027s Stone","Black Star"],"picked":"FrozenCore"}],"items_purged_floors":[11,22],"is_endless":false,"potions_floor_spawned":[10,12,14,16,20],"killed_by":"Slavers","ascension_level":20}}