{"host":"0hox0qpnlg577bpn","time":1608359614,"event":{"mods":["BaseMod","Minty Spire (QoL Compilation)","Replay The Spire","StSLib"],"gold_per_floor":[100010,100028,100028,99978,100028,100028,100039,99354,99354,99374,99331,99331,98687,98716,98716,98716,98716],"floor_reached":16,"playtime":672,"items_purged":["Strike_P","Defend_P"],"score":204,"play_id":"309d52ae-6060-46e0-a6a1-94ccf0296866","local_time":"20201219143334","is_ascension_mode":true,"campfire_choices":[{"floor":6,"key":"REST"},{"floor":12,"key":"RECALL"},{"data":"Apotheosis","floor":15,"key":"SMITH"}],"circlet_count":0,"master_deck":["Flash of Steel","Flash of Steel","Flash of Steel","Flash of Steel","Defend_P","Eruption","Vigilance","FearNoEvil","WheelKick","FollowUp","Pot Of Greed","Pot Of Greed","Evaluate","MasterReality","Apotheosis+1","Sanctity"],"relics":["SacredBark","Mummified Hand","Calipers","Grinning Jar","Lee\u0027s Waffle","Shuriken","Juzu Bracelet","Membership Card","Replay:Bottled Steam","Blue Doll"],"acts_visited":["Exordium"],"potions_floor_usage":[16],"damage_taken":[{"damage":0,"enemies":"2 Louse","floor":1,"turns":1},{"damage":22,"enemies":"Jaw Worm","floor":2,"turns":2},{"damage":10,"enemies":"Small Slimes","floor":7,"turns":2},{"damage":17,"enemies":"Exordium Wildlife","floor":10,"turns":2},{"damage":0,"enemies":"Lagavulin","floor":14,"turns":3},{"damage":710,"enemies":"Hexaghost","floor":16,"turns":2}],"seed_played":"5858257510623410973","potions_obtained":[{"floor":5,"key":"SkillPotion"},{"floor":7,"key":"Regen Potion"},{"floor":10,"key":"Explosive Potion"}],"is_trial":false,"path_per_floor":["M","M","?","?","?","R","M","$","T","M","?","R","$","E","R","B"],"character_chosen":"WATCHER","items_purchased":["Calipers","Grinning Jar","Lee\u0027s Waffle","Juzu Bracelet","Membership Card","MasterReality","Replay:Bottled Steam","Apotheosis"],"campfire_rested":1,"item_purchase_floors":[8,8,8,13,13,13,13,13],"current_hp_per_floor":[72,50,50,50,50,266,256,727,727,710,710,710,710,710,710,0,0],"gold":98716,"neow_bonus":"BOSS_RELIC","is_daily":false,"chose_seed":false,"campfire_upgraded":1,"win_rate":0.0,"timestamp":1608359614,"path_taken":["M","M","?","?","?","R","M","$","T","?","?","R","$","E","R","BOSS"],"items_purchased_type":["Relic","Relic","Relic","Relic","Relic","Card","Relic","Card"],"build_version":"2020-12-13","purchased_purges":2,"victory":false,"max_hp_per_floor":[720,720,720,720,720,720,720,727,727,727,727,727,727,727,727,727,727],"card_choices":[{"not_picked":["Replay:ManipulateFuture","FlyingSleeves","EmptyFist"],"picked":"SKIP","floor":1},{"not_picked":["SashWhip","EmptyBody"],"picked":"FearNoEvil","floor":2},{"not_picked":["Replay:BluntJabs","Halt"],"picked":"WheelKick","floor":5},{"not_picked":["SandsOfTime","CrushJoints"],"picked":"FollowUp","floor":7},{"not_picked":["BowlingBash","Replay:BluntJabs"],"picked":"Evaluate","floor":10},{"not_picked":["BattleHymn","Collect"],"picked":"Sanctity","floor":14}],"player_experience":307458,"relics_obtained":[{"floor":5,"key":"Mummified Hand"},{"floor":9,"key":"Shuriken"},{"floor":14,"key":"Blue Doll"}],"event_choices":[{"damage_healed":0,"gold_gain":0,"player_choice":"Ignored","damage_taken":0,"max_hp_gain":0,"max_hp_loss":0,"event_name":"Golden Idol","floor":3,"gold_loss":0},{"cards_removed":["Strike_P"],"damage_healed":0,"gold_gain":0,"player_choice":"Card Removal","damage_taken":0,"max_hp_gain":0,"max_hp_loss":0,"event_name":"The Cleric","floor":4,"gold_loss":50},{"damage_healed":0,"gold_gain":0,"player_choice":"Left Gold","damage_taken":0,"max_hp_gain":0,"max_hp_loss":0,"event_name":"World of Goop","floor":11,"gold_loss":43}],"is_beta":false,"boss_relics":[],"items_purged_floors":[8,13],"is_endless":false,"potions_floor_spawned":[7,10],"killed_by":"Hexaghost","ascension_level":1}}