{"host":"i2i02x4i4k8qp1ba","time":1608403328,"event":{"mods":["AchievementEnabler","Act Like it!","BaseMod","Better Note","BetterRewards","Colored Map","Conspire","Downfall","Duelist Mod","Friendly Minions","Gensokyo","Hallownest","Hermit","Highlight Path","Hubris","Infinite Spire","Jorbs\u0027s Wanderer Trilogy","KinomotoSakuraMod(????)","Lobotomy","Minty Spire (QoL Compilation)","Prisma Mod","Quick Restart","Replay The Spire","Shop Mod","Spicy Shops","StSLib","SuperFastMode","The Animator","The Bug Knight","The Senshi","The Wild Card","WarShipGirlsR/????R mod","???????????mod"],"gold_per_floor":[99,99,24,24,49,49,128,154,16,16,16,32,47,62,78,174,174,99,199,212,212,222,222,298,323,356,356,356,369,288,42,70,70,70],"floor_reached":33,"playtime":1345,"items_purged":[],"score":298,"play_id":"c478366f-8418-4286-acc6-84cd020414b1","local_time":"20201219184208","is_ascension_mode":false,"campfire_choices":[{"floor":1,"key":"RECALL"},{"data":"hexamod:Float","floor":3,"key":"SMITH"},{"floor":10,"key":"REST"},{"data":"hexamod:SkipABeat","floor":18,"key":"SMITH"},{"data":"hexamod:Again","floor":21,"key":"SMITH"},{"floor":27,"key":"REST"}],"circlet_count":0,"master_deck":["hexamod:Strike","hexamod:Strike+1","hexamod:Strike+1","hexamod:Strike","hexamod:Defend+1","hexamod:Defend","hexamod:Defend+1","hexamod:Defend","hexamod:Sear+1","hexamod:Float+1","hexamod:ThermalTransfer+1","hexamod:InspiringFlames","hexamod:SoulSteal","hexamod:AdvancingGuard","hexamod:SkipABeat+1","hexamod:GhostOfSpirePresent","hexamod:BurningTouch+1","hexamod:SpectersWail","hexamod:GhostLash","hexamod:Firestarter","hexamod:SixthSeal","hexamod:Again+1","hexamod:SecondSeal","animator:Entoma+2","hexamod:EmpoweredFlame+1","hexamod:PhantomFireball+1","hexamod:GhostflameBarrier","hexamod:HauntingEcho","hexamod:FastForward+1","hexamod:Incineration","hexamod:FastForward"],"relics":["hexamod:SpiritBrand","downfall:HeartsMalice","downfall:HeartBlessingRed","Mummified Hand","Iron Hammer","Membership Card","hubris:ScarierMask","downfall:HeartBlessingBlue","conspire:BottledYoYo","infinitespire:Satchel","MutagenicStrength","Bag of Marbles","Bottled Tornado","Toy Ornithopter"],"acts_visited":["Exordium","TheCity"],"potions_floor_usage":[30,33,33],"damage_taken":[{"damage":0,"enemies":"2 Louse","floor":2,"turns":1},{"damage":0,"enemies":"HollowMod:MossKnight","floor":5,"turns":1},{"damage":0,"enemies":"Cultist","floor":6,"turns":1},{"damage":40,"enemies":"Gremlin Nob","floor":8,"turns":5},{"damage":0,"enemies":"downfall:FleeingMerchant","floor":9,"turns":4},{"damage":0,"enemies":"Small Slimes","floor":12,"turns":3},{"damage":4,"enemies":"Exordium Wildlife","floor":13,"turns":3},{"damage":0,"enemies":"3 Louse","floor":14,"turns":4},{"damage":0,"enemies":"Blue Slaver","floor":15,"turns":3},{"damage":19,"enemies":"downfall:Watcher","floor":16,"turns":8},{"damage":18,"enemies":"Spheric Guardian","floor":20,"turns":5},{"damage":0,"enemies":"Chosen and Byrds","floor":22,"turns":6},{"damage":8,"enemies":"Shelled Parasite and Fungi","floor":25,"turns":4},{"damage":11,"enemies":"theDuelist:KaibaA2","floor":26,"turns":7},{"damage":4,"enemies":"Centurion and Healer","floor":29,"turns":4},{"damage":0,"enemies":"downfall:FleeingMerchant","floor":30,"turns":4},{"damage":6,"enemies":"downfall:FleeingMerchant","floor":31,"turns":4},{"damage":17,"enemies":"conspire:HollyBat","floor":32,"turns":9},{"damage":53,"enemies":"downfall:Silent","floor":33,"turns":8}],"seed_played":"-7757158204280216977","potions_obtained":[{"floor":8,"key":"Dexterity Potion"},{"floor":13,"key":"SteroidPotion"},{"floor":14,"key":"Block Potion"},{"floor":15,"key":"Adrenaline Potion"}],"is_trial":false,"path_per_floor":["R","M","R","?","E","M","T","E","$","R","?","M","M","M","M","B",null,"R","?","M","R","M","?","T","M","E","R","?","M","$","$","M","B"],"character_chosen":"THE_SPIRIT","items_purchased":["hexamod:GhostOfSpirePresent","Membership Card","Bag of Marbles","hexamod:Incineration","Bottled Tornado","Toy Ornithopter"],"campfire_rested":2,"item_purchase_floors":[9,9,30,31,31,31],"current_hp_per_floor":[70,70,70,70,70,70,70,30,30,51,51,51,47,47,47,28,70,80,80,62,62,62,62,62,54,43,67,67,63,63,57,40,0,0],"gold":70,"neow_bonus":"THREE_ENEMY_KILL","is_daily":false,"chose_seed":false,"campfire_upgraded":3,"win_rate":0.0,"timestamp":1608403328,"path_taken":["R","M","R","?","E","M","T","E","?","R","?","M","?","M","M","BOSS","R","?","M","R","M","?","T","M","E","R","?","M","$","$","M","BOSS"],"items_purchased_type":["Card","Relic","Relic","Card","Relic","Relic"],"build_version":"2020-12-13","purchased_purges":0,"victory":false,"max_hp_per_floor":[70,70,70,70,70,70,70,70,70,70,70,70,70,70,70,70,70,80,80,80,80,80,80,80,80,80,80,80,80,80,80,80,80,80],"card_choices":[{"not_picked":["hexamod:BacktrackSmack","hexamod:GhostShield"],"picked":"hexamod:ThermalTransfer","floor":2},{"not_picked":["hexamod:NightmareStrike","hexamod:GhostLash"],"picked":"hexamod:InspiringFlames","floor":5},{"not_picked":["hexamod:Haunt","hexamod:NightmareGuise"],"picked":"hexamod:SoulSteal","floor":6},{"not_picked":["hexamod:Incineration","hexamod:RainOfEmbers"],"picked":"hexamod:AdvancingGuard","floor":8},{"not_picked":["hexamod:GhostLash","hexamod:Hexaguard"],"picked":"hexamod:SkipABeat","floor":9},{"not_picked":["hexamod:NightmareStrike","hexamod:SoulSteal"],"picked":"hexamod:BurningTouch","floor":12},{"not_picked":["hexamod:NightmareStrike","hexamod:GhostShield"],"picked":"hexamod:SpectersWail","floor":13},{"not_picked":["hexamod:NecessarySacrifice","hexamod:Haunt"],"picked":"hexamod:GhostLash","floor":14},{"not_picked":["hexamod:SpectersWail","hexamod:BacktrackSmack"],"picked":"hexamod:Firestarter","floor":15},{"not_picked":["hexamod:GiftsFromTheDead","hexamod:TimeWarp"],"picked":"hexamod:SixthSeal","floor":16},{"not_picked":["hexamod:NightmareStrike+1","hexamod:SwordOfDarkness"],"picked":"hexamod:Again","floor":20},{"not_picked":["hexamod:StepThrough+1","hexamod:GhostOfSpireFuture+1"],"picked":"hexamod:SecondSeal","floor":22},{"not_picked":["hexamod:EtherealExpedition+1","hexamod:GhostOfSpirePresent"],"picked":"hexamod:EmpoweredFlame+1","floor":25},{"not_picked":["hexamod:GhostLash+1","hexamod:BurningTouch"],"picked":"hexamod:PhantomFireball+1","floor":26},{"not_picked":["hexamod:InspiringFlames","hexamod:NightmareGuise+1"],"picked":"hexamod:GhostflameBarrier","floor":29},{"not_picked":["hexamod:TurnItUp","hexamod:SpectralAdrenaline"],"picked":"hexamod:HauntingEcho","floor":30},{"not_picked":["hexamod:SpectralAdrenaline+1","hexamod:BurningTouch"],"picked":"hexamod:FastForward+1","floor":31},{"not_picked":["hexamod:HauntingEcho","hexamod:Hexaguard"],"picked":"hexamod:FastForward","floor":32}],"player_experience":407241,"relics_obtained":[{"floor":5,"key":"Mummified Hand"},{"floor":8,"key":"Iron Hammer"},{"floor":24,"key":"conspire:BottledYoYo"},{"floor":26,"key":"infinitespire:Satchel"}],"event_choices":[{"damage_healed":0,"gold_gain":0,"player_choice":"Ignored","damage_taken":0,"max_hp_gain":0,"max_hp_loss":0,"event_name":"Purifier","floor":4,"gold_loss":0},{"damage_healed":0,"gold_gain":0,"player_choice":"Disagree","damage_taken":0,"max_hp_gain":0,"max_hp_loss":0,"event_name":"conspire:LoneGhost","floor":11,"gold_loss":0},{"cards_removed":["hexamod:SixthSeal"],"damage_healed":0,"gold_gain":0,"player_choice":"Take \u0026 Give","damage_taken":0,"max_hp_gain":0,"max_hp_loss":0,"event_name":"betterNote:BetterNote","floor":23,"gold_loss":0,"cards_obtained":["animator:Entoma"]},{"damage_healed":0,"gold_gain":0,"player_choice":"Inject Mutagens","damage_taken":0,"relics_obtained":["MutagenicStrength"],"max_hp_gain":0,"max_hp_loss":0,"event_name":"Drug Dealer","floor":28,"gold_loss":0}],"is_beta":false,"boss_relics":[{"not_picked":["Honey Jar","Black Star"],"picked":"hubris:ScarierMask"}],"items_purged_floors":[],"is_endless":false,"potions_floor_spawned":[8,13,14,15,26],"killed_by":"downfall:Silent","ascension_level":0}}