{"host":"0t7ytk9pge2ncgeb","time":1608406513,"event":{"mods":["2.2 Compatiblity","Act Like it!","Aspiration","BaseMod","BetterRewards","Conspire","Downfall","Googly Eyes","Hubris","Minty Spire (QoL Compilation)","Relic Stats","Shop Mod","Spicy Shops","StSLib","slay the spire mod where everything is the same but ironclad has a cowboy hat"],"gold_per_floor":[99,109,209,239,257,273,273,273,301,301,320,339,350,250,261,366,416,416,429,429,429,441,459,459,459,459],"floor_reached":25,"playtime":1854,"items_purged":[],"score":215,"play_id":"a5f61949-2cb4-41fa-963c-61515d2bc34b","local_time":"20201219143513","is_ascension_mode":false,"campfire_choices":[{"data":"hexamod:Float","floor":1,"key":"SMITH"},{"floor":8,"key":"REST"},{"data":"hexamod:FastForward","floor":10,"key":"SMITH"},{"data":"Ghostly","floor":18,"key":"SMITH"},{"data":"hexamod:HeatShield","floor":21,"key":"SMITH"}],"circlet_count":0,"master_deck":["hexamod:Strike","hexamod:Strike","hexamod:Strike","hexamod:Strike","hexamod:Defend","hexamod:Defend","hexamod:Defend","hexamod:Defend","hexamod:Sear","hexamod:Float+1","expansioncontent:HyperBeam","hexamod:AdvancingGuard","hexamod:BurningTouch","hexamod:FastForward+1","hexamod:FlamesFromBeyond","hexamod:PhantomFireball","hexamod:InspiringFlames","hexamod:CatchUp+1","hexamod:HeatShield+1","Ghostly+1","hexamod:InspiringFlames","hexamod:Toasty","hexamod:ExtraCrispy","hexamod:Toasty","hexamod:FastForward+1","hexamod:ThermalTransfer"],"relics":["hexamod:SpiritBrand","Anchor","hubris:SlimyHat","Tiny House","Toxic Egg 2"],"acts_visited":["Exordium","TheCity"],"potions_floor_usage":[16,16,22,22,25,25],"damage_taken":[{"damage":0,"enemies":"Cultist","floor":2,"turns":3},{"damage":39,"enemies":"3 Sentries","floor":4,"turns":9},{"damage":0,"enemies":"conspire:RoseBush","floor":5,"turns":3},{"damage":0,"enemies":"Jaw Worm","floor":6,"turns":3},{"damage":13,"enemies":"Lagavulin","floor":9,"turns":7},{"damage":4,"enemies":"Exordium Thugs","floor":11,"turns":5},{"damage":0,"enemies":"Blue Slaver","floor":12,"turns":3},{"damage":3,"enemies":"Exordium Wildlife","floor":13,"turns":5},{"damage":0,"enemies":"3 Louse","floor":15,"turns":4},{"damage":45,"enemies":"downfall:Silent","floor":16,"turns":11},{"damage":0,"enemies":"Chosen","floor":19,"turns":4},{"damage":43,"enemies":"conspire:FuzzyDice","floor":22,"turns":6},{"damage":28,"enemies":"Chosen and Byrds","floor":23,"turns":7},{"damage":4,"enemies":"Sentry and Sphere","floor":25,"turns":3}],"seed_played":"6693709909451594016","potions_obtained":[{"floor":4,"key":"FairyPotion"},{"floor":5,"key":"EntropicBrew"},{"floor":9,"key":"PowerPotion"},{"floor":17,"key":"Strength Potion"},{"floor":22,"key":"hexamod:InfernoChargePotion"},{"floor":23,"key":"Explosive Potion"}],"is_trial":false,"path_per_floor":["R","M","?","E","M","M","T","R","E","R","M","M","M","?","M","B",null,"R","M","?","R","M","M","T","M"],"character_chosen":"THE_SPIRIT","items_purchased":[],"campfire_rested":1,"item_purchase_floors":[],"current_hp_per_floor":[70,70,70,31,31,31,31,52,39,39,35,35,32,32,32,13,75,75,75,75,75,32,4,4,0,0],"gold":459,"neow_bonus":"RANDOM_COLORLESS","is_daily":false,"chose_seed":false,"campfire_upgraded":4,"win_rate":0.0,"timestamp":1608406513,"path_taken":["R","M","?","E","M","?","T","R","E","R","M","M","M","?","M","BOSS","R","M","?","R","M","M","T","M"],"items_purchased_type":[],"build_version":"2020-12-13","purchased_purges":0,"victory":false,"max_hp_per_floor":[70,70,70,70,70,70,70,70,70,70,70,70,70,70,70,70,75,75,75,75,75,75,75,75,75,75],"relic_stats":{"counters":[14,73],"obtain_stats":[{"Anchor":4,"Tiny House":17,"hubris:SlimyHat":9,"Toxic Egg 2":24,"hexamod:SpiritBrand":0},{"Anchor":2,"Tiny House":10,"hubris:SlimyHat":5,"Toxic Egg 2":13,"hexamod:SpiritBrand":0},{"Anchor":12,"Tiny House":53,"hubris:SlimyHat":25,"Toxic Egg 2":70,"hexamod:SpiritBrand":0}]},"card_choices":[{"not_picked":["Panacea","expansioncontent:ManipulateTime"],"picked":"expansioncontent:HyperBeam","floor":0},{"not_picked":["hexamod:SpectersWail","hexamod:ShieldOfDarkness"],"picked":"hexamod:AdvancingGuard","floor":2},{"not_picked":["hexamod:GhostShield","hexamod:EmpoweringStance"],"picked":"hexamod:BurningTouch","floor":4},{"not_picked":["hexamod:SpectralSpark","hexamod:SwordOfDarkness"],"picked":"hexamod:FastForward","floor":5},{"not_picked":["hexamod:PhantomCloak","hexamod:GhostShield"],"picked":"hexamod:FlamesFromBeyond","floor":6},{"not_picked":["hexamod:SecondSeal","hexamod:NightmareStrike"],"picked":"hexamod:PhantomFireball","floor":9},{"not_picked":["hexamod:GhostLash","hexamod:ThirdSeal"],"picked":"hexamod:InspiringFlames","floor":11},{"not_picked":["hexamod:RainOfEmbers","hexamod:StepThrough"],"picked":"hexamod:CatchUp","floor":12},{"not_picked":["hexamod:DynamicBlow","hexamod:SpectralAdrenaline"],"picked":"hexamod:HeatShield","floor":13},{"not_picked":["hexamod:SpectersWail","hexamod:SwordOfDarkness"],"picked":"hexamod:InspiringFlames","floor":15},{"not_picked":["hexamod:GiftsFromTheDead","hexamod:UnleashSpirits"],"picked":"hexamod:Toasty","floor":16},{"not_picked":["hexamod:NightmareStrike","hexamod:BacktrackSmack"],"picked":"hexamod:ExtraCrispy","floor":17},{"not_picked":["hexamod:InspiringFlames","hexamod:ShieldOfDarkness+1","hexamod:RetreatToShadows"],"picked":"SKIP","floor":19},{"not_picked":["hexamod:GhostLash","hexamod:SwordOfDarkness"],"picked":"hexamod:FastForward+1","floor":22},{"not_picked":["hexamod:Firestarter","hexamod:SpectersWail"],"picked":"hexamod:ThermalTransfer","floor":23}],"player_experience":279827,"relics_obtained":[{"floor":4,"key":"Anchor"},{"floor":9,"key":"hubris:SlimyHat"},{"floor":24,"key":"Toxic Egg 2"}],"event_choices":[{"damage_healed":0,"gold_gain":0,"player_choice":"Argue","damage_taken":0,"max_hp_gain":0,"max_hp_loss":0,"event_name":"conspire:LoneGhost","floor":14,"gold_loss":0},{"damage_healed":0,"gold_gain":0,"player_choice":"Copied","damage_taken":0,"max_hp_gain":0,"max_hp_loss":0,"event_name":"Duplicator","floor":20,"gold_loss":0,"cards_obtained":["hexamod:Toasty"]}],"is_beta":false,"boss_relics":[{"not_picked":["aspiration:WatcherSkillbook","hubris:TerracottaHorce"],"picked":"Tiny House"}],"items_purged_floors":[],"is_endless":false,"potions_floor_spawned":[4,5,9,11,12,15,22,23],"killed_by":"Sentry and Sphere","ascension_level":0}}