{"host":"n1v11un6j7y72mz7","time":1608402402,"event":{"mods":["ATMod(°¢èªMod)","BaseMod","Downfall","KomeijiMod","Minty Spire (QoL Compilation)","READ ME - Guardian Mod","StSLib","Waifu the Spire"],"gold_per_floor":[99,99,99,99,99,126,208,308,328,253,283,295,329,24,24,124,124,141,141,152,252,252],"floor_reached":21,"playtime":1471,"items_purged":[],"score":237,"play_id":"2de08db9-5d3a-492f-8b4a-f5ed0dcc9f86","local_time":"20201220022642","is_ascension_mode":true,"campfire_choices":[{"floor":5,"key":"RECALL"},{"data":"sneckomod:MasterEye","floor":10,"key":"SMITH"},{"floor":15,"key":"REST"}],"circlet_count":0,"master_deck":["sneckomod:Strike","sneckomod:Strike","sneckomod:Strike","sneckomod:Defend+1","sneckomod:Defend","sneckomod:Defend","sneckomod:TailWhip","sneckomod:SnekBite","sneckomod:Unknown","sneckomod:Unknown","sneckomod:UnknownStrength","sneckomod:UnknownClassPURPLE","sneckomod:ImprovisedGuard","sneckomod:UnknownRarePower","sneckomod:MasterEye+1","sneckomod:UnknownClassPURPLE","sneckomod:SoulDraw","sneckomod:UnknownClassPURPLE","sneckomod:UnknownClassBLUE","sneckomod:UnknownRareAttack","sneckomod:Transmogrify","sneckomod:Mudshield","sneckomod:Unknown0Cost"],"relics":["sneckomod:SneckoSoul","AT_ATBox","downfall:HeartsMalice","downfall:HeartBlessingRed","Centennial Puzzle","AT_TheCollector","Busted Crown","Anchor","Question Card"],"acts_visited":["Exordium","TheCity"],"potions_floor_usage":[13,16,16,16,18,21],"damage_taken":[{"damage":0,"enemies":"Cultist","floor":1,"turns":1},{"damage":0,"enemies":"2 Louse","floor":2,"turns":1},{"damage":0,"enemies":"Small Slimes","floor":3,"turns":1},{"damage":21,"enemies":"3 Sentries","floor":6,"turns":10},{"damage":1,"enemies":"3 Louse","floor":9,"turns":3},{"damage":14,"enemies":"Gremlin Nob","floor":11,"turns":5},{"damage":18,"enemies":"Large Slime","floor":12,"turns":3},{"damage":41,"enemies":"Lagavulin","floor":13,"turns":6},{"damage":5,"enemies":"downfall:FleeingMerchant","floor":14,"turns":4},{"damage":30,"enemies":"downfall:Silent","floor":16,"turns":4},{"damage":52,"enemies":"3 Byrds","floor":18,"turns":7},{"damage":44,"enemies":"Shell Parasite","floor":20,"turns":8},{"damage":12,"enemies":"Sentry and Sphere","floor":21,"turns":4}],"seed_played":"-8268370692501363127","potions_obtained":[{"floor":6,"key":"SpeedPotion"},{"floor":9,"key":"Fire Potion"},{"floor":11,"key":"JyouchiReiPotion"},{"floor":12,"key":"FearPotion"},{"floor":13,"key":"DuplicationPotion"},{"floor":16,"key":"SkillPotion"},{"floor":18,"key":"CalmPotion"}],"is_trial":false,"path_per_floor":["M","M","M","?","R","E","T","?","M","R","E","M","E","$","R","B",null,"M","?","M","M"],"character_chosen":"THE_SNECKO","items_purchased":["sneckomod:UnknownRareAttack","sneckomod:Transmogrify"],"campfire_rested":1,"item_purchase_floors":[14,14],"current_hp_per_floor":[91,92,92,97,97,91,91,91,90,90,77,59,19,16,50,20,116,64,64,21,9,9],"gold":252,"neow_bonus":"THREE_ENEMY_KILL","is_daily":false,"chose_seed":false,"campfire_upgraded":1,"win_rate":0.0,"timestamp":1608402402,"path_taken":["M","M","?","?","R","E","T","?","M","R","E","M","E","$","R","BOSS","M","?","M","M"],"items_purchased_type":["Card","Card"],"build_version":"2020-12-13","purchased_purges":0,"victory":false,"max_hp_per_floor":[91,92,92,97,97,112,112,112,112,112,113,113,114,116,116,116,116,116,116,117,117,117],"card_choices":[{"not_picked":["sneckomod:SlitherStrike","sneckomod:ImprovisedGuard"],"picked":"sneckomod:UnknownStrength","floor":1},{"not_picked":["sneckomod:UnknownWeak","sneckomod:UnknownBlock"],"picked":"sneckomod:UnknownClassPURPLE","floor":2},{"not_picked":["sneckomod:IronFang","sneckomod:Unknown1Cost"],"picked":"sneckomod:ImprovisedGuard","floor":3},{"not_picked":["sneckomod:UnknownUncommonSkill","sneckomod:SerpentIdol"],"picked":"sneckomod:UnknownRarePower","floor":6},{"not_picked":["sneckomod:IronFang","sneckomod:UnknownCommonAttack"],"picked":"sneckomod:MasterEye","floor":9},{"not_picked":["sneckomod:UnknownCommonAttack","sneckomod:IronFang"],"picked":"sneckomod:UnknownClassPURPLE","floor":11},{"not_picked":["sneckomod:QuickMove","sneckomod:SoulRoll"],"picked":"sneckomod:SoulDraw","floor":12},{"not_picked":["sneckomod:UnknownStrike","sneckomod:UnknownCommonAttack"],"picked":"sneckomod:UnknownClassPURPLE","floor":13},{"not_picked":["sneckomod:ImprovisedGuard","sneckomod:Unknown1Cost"],"picked":"sneckomod:UnknownClassBLUE","floor":14},{"not_picked":["sneckomod:Unknown3Cost","sneckomod:UnknownRarePower"],"picked":"sneckomod:Mudshield","floor":16},{"not_picked":["sneckomod:ImprovisedGuard"],"picked":"SKIP","floor":18},{"not_picked":[],"picked":"sneckomod:Unknown0Cost","floor":20}],"player_experience":151840,"relics_obtained":[{"floor":6,"key":"Mango"},{"floor":7,"key":"White Beast Statue"},{"floor":11,"key":"Smiling Mask"},{"floor":13,"key":"Centennial Puzzle"},{"floor":16,"key":"AT_TheCollector"},{"floor":18,"key":"Anchor"},{"floor":20,"key":"Question Card"}],"event_choices":[{"damage_healed":0,"gold_gain":0,"player_choice":"Donut","damage_taken":0,"max_hp_gain":5,"max_hp_loss":0,"event_name":"Big Fish","floor":4,"gold_loss":0}],"is_beta":false,"boss_relics":[{"not_picked":["AT_MortalBlade","Calling Bell"],"picked":"Busted Crown"}],"items_purged_floors":[],"is_endless":false,"potions_floor_spawned":[6,9,11,12,13,14,16,18],"killed_by":"Sentry and Sphere","ascension_level":2}}