{"host":"udzsrhbqdxqtlypj","time":1608401753,"event":{"mods":["BaseMod","Minty Spire (QoL Compilation)","Relic Stats"],"gold_per_floor":[115,135,148,158,172,212,212,254,254,254,254,254,289,330,330,435,435,449,458,249,290,389,389,415,415,415,449,449,449,449],"floor_reached":29,"playtime":1477,"items_purged":["Shame"],"score":386,"play_id":"4698305e-a3be-40e4-9183-63e085f688b6","local_time":"20201219121553","is_ascension_mode":true,"campfire_choices":[{"floor":7.0,"key":"REST"},{"data":"Deadly Poison","floor":10.0,"key":"SMITH"},{"data":"Noxious Fumes","floor":15.0,"key":"SMITH"},{"floor":23,"key":"REST"},{"data":"Doppelganger","floor":25,"key":"SMITH"}],"circlet_count":0,"master_deck":["AscendersBane","Strike_G","Strike_G","Strike_G","Strike_G","Defend_G","Defend_G","Defend_G","Defend_G","Defend_G","Survivor","Neutralize","Master of Strategy","Dagger Spray","Slice","Dagger Throw","Skewer","Deadly Poison+1","Die Die Die","Sucker Punch","Acrobatics","Noxious Fumes+1","Doppelganger+1","After Image","Leg Sweep"],"relics":["Ring of the Snake","CeramicFish","Torii","Pantograph","Odd Mushroom","Tiny Chest","HoveringKite","Bird Faced Urn","Red Mask","Bronze Scales","Paper Crane","The Courier"],"acts_visited":["Exordium","TheCity"],"potions_floor_usage":[21,21],"damage_taken":[{"damage":0.0,"enemies":"Cultist","floor":1.0,"turns":3.0},{"damage":8.0,"enemies":"Small Slimes","floor":2.0,"turns":4.0},{"damage":3.0,"enemies":"Jaw Worm","floor":3.0,"turns":4.0},{"damage":0.0,"enemies":"3 Louse","floor":4.0,"turns":3.0},{"damage":0.0,"enemies":"Exordium Wildlife","floor":5.0,"turns":3.0},{"damage":36.0,"enemies":"Lagavulin","floor":6.0,"turns":7.0},{"damage":13.0,"enemies":"Gremlin Nob","floor":8.0,"turns":3.0},{"damage":0.0,"enemies":"The Mushroom Lair","floor":13.0,"turns":3.0},{"damage":3.0,"enemies":"3 Sentries","floor":14.0,"turns":5.0},{"damage":17.0,"enemies":"The Guardian","floor":16.0,"turns":10.0},{"damage":24,"enemies":"2 Thieves","floor":18,"turns":5},{"damage":37,"enemies":"Masked Bandits","floor":21,"turns":4},{"damage":10,"enemies":"Book of Stabbing","floor":27,"turns":6},{"damage":24,"enemies":"Slavers","floor":29,"turns":4}],"seed_played":"2173398707494222376","potions_obtained":[{"floor":4.0,"key":"Explosive Potion"},{"floor":6.0,"key":"LiquidMemories"},{"floor":8.0,"key":"Block Potion"},{"floor":13.0,"key":"Ancient Potion"},{"floor":16.0,"key":"Swift Potion"},{"floor":18,"key":"Fruit Juice"}],"is_trial":false,"path_per_floor":["M","M","M","M","M","E","R","E","T","R","?","?","?","E","R","B",null,"M","?","$","?","?","R","T","R","T","E","?","E"],"character_chosen":"THE_SILENT","items_purchased":["After Image"],"campfire_rested":2,"item_purchase_floors":[20],"current_hp_per_floor":[63,55,52,52,52,16,34,21,21,21,42,35,35,32,32,40,57,33,33,33,5,5,25,25,25,25,19,19,0,0],"gold":449,"neow_bonus":"RANDOM_COLORLESS_2","is_daily":false,"chose_seed":false,"campfire_upgraded":3,"win_rate":0.0,"timestamp":1608401753,"path_taken":["M","?","M","M","M","E","R","E","T","R","?","?","?","E","R","BOSS","M","?","$","?","?","R","?","R","T","E","?","E"],"items_purchased_type":["Card"],"build_version":"2020-12-13","purchased_purges":1,"victory":false,"max_hp_per_floor":[63,63,63,63,63,63,63,63,63,63,63,63,63,63,63,63,63,63,63,63,68,68,68,68,68,68,68,68,68,68],"relic_stats":{"Torii":44,"counters":[14,64],"CeramicFish":72,"Pantograph":25,"Bird Faced Urn":[12],"Bronze Scales":[68],"HoveringKite":[8],"Tiny Chest":1,"obtain_stats":[{"Torii":8,"CeramicFish":6,"Pantograph":9,"Bird Faced Urn":19,"Bronze Scales":24,"HoveringKite":17,"Tiny Chest":14,"The Courier":27,"Red Mask":21,"Odd Mushroom":13,"Paper Crane":26,"Ring of the Snake":0},{"Torii":7,"CeramicFish":6,"Pantograph":7,"Bird Faced Urn":11,"Bronze Scales":12,"HoveringKite":10,"Tiny Chest":9,"The Courier":13,"Red Mask":12,"Odd Mushroom":8,"Paper Crane":12,"Ring of the Snake":0},{"Torii":27,"CeramicFish":24,"Pantograph":27,"Bird Faced Urn":50,"Bronze Scales":54,"HoveringKite":45,"Tiny Chest":35,"The Courier":60,"Red Mask":54,"Odd Mushroom":30,"Paper Crane":54,"Ring of the Snake":0}],"Ring of the Snake":[28]},"card_choices":[{"not_picked":["Metamorphosis","Magnetism"],"picked":"Master of Strategy","floor":0.0},{"not_picked":["Distraction","Cloak And Dagger"],"picked":"Dagger Spray","floor":1.0},{"not_picked":["Bane","Concentrate"],"picked":"Slice","floor":2.0},{"not_picked":["Reflex","Terror"],"picked":"Dagger Throw","floor":3.0},{"not_picked":["Slice","Deflect"],"picked":"Skewer","floor":4.0},{"not_picked":["Dagger Spray","Choke"],"picked":"Deadly Poison","floor":5.0},{"not_picked":["Backstab","Well Laid Plans"],"picked":"Die Die Die","floor":6.0},{"not_picked":["Dagger Throw","Doppelganger"],"picked":"Sucker Punch","floor":8.0},{"not_picked":["Predator","Sucker Punch"],"picked":"Acrobatics","floor":13.0},{"not_picked":["Deflect","Blade Dance"],"picked":"Noxious Fumes","floor":14.0},{"not_picked":["Storm of Steel","A Thousand Cuts"],"picked":"Doppelganger","floor":16.0},{"not_picked":["Dagger Spray+1","Sucker Punch","Poisoned Stab"],"picked":"SKIP","floor":18},{"not_picked":["Flying Knee+1","Dagger Spray"],"picked":"Leg Sweep","floor":21},{"not_picked":["Deadly Poison","Cloak And Dagger","Slice"],"picked":"SKIP","floor":27}],"player_experience":2666728,"relics_obtained":[{"floor":6.0,"key":"CeramicFish"},{"floor":8.0,"key":"Torii"},{"floor":9.0,"key":"Pantograph"},{"floor":13.0,"key":"Odd Mushroom"},{"floor":14.0,"key":"Tiny Chest"},{"floor":21,"key":"Red Mask"},{"floor":24,"key":"Bronze Scales"},{"floor":26,"key":"Paper Crane"},{"floor":27,"key":"The Courier"}],"event_choices":[{"damage_healed":21.0,"max_hp_gain":0.0,"max_hp_loss":0.0,"gold_gain":0.0,"event_name":"Big Fish","player_choice":"Banana","floor":11.0,"gold_loss":0.0,"damage_taken":0.0},{"cards_removed":["Strike_G"],"damage_healed":0.0,"max_hp_gain":0.0,"max_hp_loss":0.0,"gold_gain":0.0,"event_name":"Golden Wing","player_choice":"Card Removal","floor":12.0,"gold_loss":0.0,"damage_taken":7.0},{"damage_healed":0.0,"max_hp_gain":0.0,"max_hp_loss":0.0,"gold_gain":0.0,"event_name":"Mushrooms","player_choice":"Fought Mushrooms","floor":13.0,"gold_loss":0.0,"damage_taken":0.0},{"damage_healed":0,"gold_gain":0,"player_choice":"Stole Relic","damage_taken":0,"relics_obtained":["Bird Faced Urn"],"max_hp_gain":0,"max_hp_loss":0,"event_name":"Addict","floor":19,"gold_loss":0,"cards_obtained":["Shame"]},{"damage_healed":0,"gold_gain":0,"player_choice":"Fought Bandits","damage_taken":0,"max_hp_gain":0,"max_hp_loss":0,"event_name":"Masked Bandits","floor":21,"gold_loss":0},{"damage_healed":0,"gold_gain":99,"player_choice":"Stole From Cult","damage_taken":0,"max_hp_gain":0,"max_hp_loss":0,"event_name":"Nest","floor":22,"gold_loss":0},{"damage_healed":0,"gold_gain":0,"player_choice":"Ignored","damage_taken":0,"max_hp_gain":0,"max_hp_loss":0,"event_name":"Cursed Tome","floor":28,"gold_loss":0}],"is_beta":false,"boss_relics":[{"not_picked":["SacredBark","Cursed Key"],"picked":"HoveringKite"}],"items_purged_floors":[20],"is_endless":false,"potions_floor_spawned":[4,6,8,13,16,18],"killed_by":"Slavers","ascension_level":10}}