{"host":"gc0hqzwg2gd3zszy","time":1608377415,"event":{"mods":["BaseMod","DeckTracker","Minty Spire (QoL Compilation)","Relic Stats","SuperFastMode"],"gold_per_floor":[114,39,114,39,39,39,52,52,52,77,26,37,37,56,56,132,132,112,112,112,112,83,83,109,109,109,109,126,140,154,172,172,246,246,262,272,283,28,28,60,60,93,119,19,19,35,35,85,85,85,85,85],"floor_reached":51,"playtime":2585,"items_purged":["Strike_G","Strike_G"],"score":1522,"play_id":"33c3f79c-4832-4da2-afca-c222ed5e2f74","local_time":"20201219203015","is_ascension_mode":true,"campfire_choices":[{"data":"Skewer","floor":6.0,"key":"SMITH"},{"data":"Calculated Gamble","floor":8.0,"key":"SMITH"},{"data":"Outmaneuver","floor":13.0,"key":"SMITH"},{"data":"Neutralize","floor":15.0,"key":"SMITH"},{"floor":23.0,"key":"REST"},{"floor":25.0,"key":"REST"},{"floor":27.0,"key":"REST"},{"floor":32.0,"key":"REST"},{"data":"Burst","floor":41.0,"key":"SMITH"},{"data":"Eviscerate","floor":45.0,"key":"SMITH"},{"floor":47.0,"key":"RECALL"},{"data":"Heel Hook","floor":49.0,"key":"SMITH"}],"circlet_count":0,"master_deck":["AscendersBane","Strike_G","Defend_G","Defend_G","Defend_G","Defend_G","Survivor","Neutralize+1","Skewer+1","Calculated Gamble+1","Outmaneuver+1","Calculated Gamble","Burst+1","Heel Hook+1","Deadly Poison+1","Adrenaline+1","Acrobatics+1","PiercingWail+1","Blur+1","Footwork+1","Acrobatics+1","Adrenaline+1","Tactician+1","Tactician+1","Eviscerate+1"],"relics":["Ring of the Snake","Pen Nib","Bronze Scales","HoveringKite","Toxic Egg 2","Dream Catcher","Letter Opener","Sozu","OrangePellets","Meat on the Bone","Lantern","Nunchaku","StoneCalendar"],"acts_visited":["Exordium","TheCity","TheBeyond"],"potions_floor_usage":[],"damage_taken":[{"damage":0.0,"enemies":"2 Louse","floor":1.0,"turns":4.0},{"damage":0.0,"enemies":"Small Slimes","floor":7.0,"turns":3.0},{"damage":0.0,"enemies":"Jaw Worm","floor":12.0,"turns":5.0},{"damage":0.0,"enemies":"Large Slime","floor":14.0,"turns":3.0},{"damage":33.0,"enemies":"The Guardian","floor":16.0,"turns":11.0},{"damage":15.0,"enemies":"2 Thieves","floor":18.0,"turns":4.0},{"damage":50.0,"enemies":"Gremlin Leader","floor":24.0,"turns":6.0},{"damage":0.0,"enemies":"Spheric Guardian","floor":28.0,"turns":3.0},{"damage":4.0,"enemies":"Chosen and Byrds","floor":29.0,"turns":4.0},{"damage":0.0,"enemies":"Shelled Parasite and Fungi","floor":30.0,"turns":3.0},{"damage":0.0,"enemies":"Snake Plant","floor":31.0,"turns":3.0},{"damage":0.0,"enemies":"Champ","floor":33.0,"turns":10.0},{"damage":0.0,"enemies":"Orb Walker","floor":35.0,"turns":1.0},{"damage":1.0,"enemies":"3 Darklings","floor":36.0,"turns":6.0},{"damage":0.0,"enemies":"4 Shapes","floor":37.0,"turns":5.0},{"damage":7.0,"enemies":"Giant Head","floor":40.0,"turns":6.0},{"damage":0.0,"enemies":"Reptomancer","floor":42.0,"turns":3.0},{"damage":0.0,"enemies":"Jaw Worm Horde","floor":46.0,"turns":1.0},{"damage":0.0,"enemies":"2 Orb Walkers","floor":48.0,"turns":4.0},{"damage":2.0,"enemies":"Donu and Deca","floor":50.0,"turns":7.0},{"damage":57,"enemies":"Time Eater","floor":51,"turns":9}],"seed_played":"7194230494362780007","potions_obtained":[{"floor":7.0,"key":"PowerPotion"},{"floor":12.0,"key":"SpeedPotion"},{"floor":16.0,"key":"PowerPotion"},{"floor":28.0,"key":"Dexterity Potion"},{"floor":30.0,"key":"Dexterity Potion"},{"floor":31.0,"key":"EssenceOfSteel"}],"is_trial":false,"path_per_floor":["M","?","?","$","?","R","M","R","T","T","$","M","R","M","R","B",null,"M","?","?","T","$","R","E","R","T","R","M","M","M","M","R","B",null,"M","M","M","$","?","E","R","E","T","$","R","M","R","?","R","B","B"],"character_chosen":"THE_SILENT","items_purchased":["Outmaneuver","Deadly Poison+1","Tactician+1","OrangePellets"],"campfire_rested":4,"item_purchase_floors":[11,22,38,38],"current_hp_per_floor":[59,59,48,48,37,37,37,37,37,37,37,37,37,37,37,4,51,36,36,36,36,36,55,5,24,24,43,43,39,39,39,58,58,64,64,63,63,63,63,56,56,56,56,56,56,56,56,56,56,54,0,0],"gold":85,"neow_bonus":"REMOVE_CARD","is_daily":false,"chose_seed":false,"campfire_upgraded":7,"win_rate":0.0,"timestamp":1608377415,"path_taken":["M","?","?","$","?","R","M","R","T","?","$","M","R","M","R","BOSS","M","?","?","?","$","R","E","R","T","R","M","M","M","M","R","BOSS","M","M","M","$","?","E","R","E","T","?","R","M","R","?","R","BOSS","BOSS"],"items_purchased_type":["Card","Card","Card","Relic"],"build_version":"2020-12-13","purchased_purges":2,"victory":false,"max_hp_per_floor":[66,66,66,66,66,66,66,66,66,66,66,66,66,66,66,66,66,66,66,66,66,66,66,66,66,66,66,66,66,66,66,66,66,66,66,66,66,66,66,66,66,66,66,66,66,66,66,66,66,66,66,66],"relic_stats":{"counters":[21,101],"HoveringKite":[56],"StoneCalendar":[34],"Pen Nib":[15],"Letter Opener":[634],"Sozu":4,"OrangePellets":[0],"Dream Catcher":3,"Nunchaku":[3],"Bronze Scales":[252],"obtain_stats":[{"Lantern":42,"HoveringKite":17,"StoneCalendar":48,"Pen Nib":5,"Letter Opener":26,"Sozu":34,"OrangePellets":38,"Dream Catcher":24,"Nunchaku":43,"Bronze Scales":9,"Toxic Egg 2":21,"Ring of the Snake":0,"Meat on the Bone":40},{"Lantern":17,"HoveringKite":5,"StoneCalendar":19,"Pen Nib":1,"Letter Opener":7,"Sozu":12,"OrangePellets":15,"Dream Catcher":7,"Nunchaku":17,"Bronze Scales":2,"Toxic Egg 2":6,"Ring of the Snake":0,"Meat on the Bone":16},{"Lantern":80,"HoveringKite":26,"StoneCalendar":85,"Pen Nib":4,"Letter Opener":36,"Sozu":59,"OrangePellets":71,"Dream Catcher":36,"Nunchaku":80,"Bronze Scales":7,"Toxic Egg 2":30,"Ring of the Snake":0,"Meat on the Bone":77}],"Ring of the Snake":[42],"Meat on the Bone":0},"card_choices":[{"not_picked":["Flying Knee","Catalyst"],"picked":"Skewer","floor":1.0},{"not_picked":["Crippling Poison","Riddle With Holes"],"picked":"Calculated Gamble","floor":7.0},{"not_picked":["Sucker Punch","Slice","Bouncing Flask"],"picked":"SKIP","floor":12.0},{"not_picked":["Blade Dance","Prepared"],"picked":"Calculated Gamble","floor":14.0},{"not_picked":["Glass Knife","A Thousand Cuts"],"picked":"Burst","floor":16.0},{"not_picked":["Underhanded Strike","Cloak And Dagger"],"picked":"Heel Hook","floor":18.0},{"not_picked":["Quick Slash","Riddle With Holes"],"picked":"Adrenaline+1","floor":24.0},{"not_picked":["Leg Sweep+1","Backflip+1"],"picked":"Acrobatics+1","floor":25.0},{"not_picked":["Quick Slash","Caltrops"],"picked":"PiercingWail+1","floor":27.0},{"not_picked":["Bane+1","Prepared+1"],"picked":"Blur+1","floor":28.0},{"not_picked":["Acrobatics+1","Slice"],"picked":"Footwork+1","floor":29.0},{"not_picked":["Distraction+1","Dagger Spray","Dagger Throw"],"picked":"SKIP","floor":30.0},{"not_picked":["Doppelganger+1","All Out Attack"],"picked":"Acrobatics+1","floor":31.0},{"not_picked":["Glass Knife","Burst+1"],"picked":"Adrenaline+1","floor":33.0},{"not_picked":["Cloak And Dagger+1","Predator+1","Dagger Throw"],"picked":"SKIP","floor":35.0},{"not_picked":["Caltrops","Dagger Throw+1","Poisoned Stab+1"],"picked":"SKIP","floor":36.0},{"not_picked":["Poisoned Stab","Deadly Poison+1","Outmaneuver+1"],"picked":"SKIP","floor":37.0},{"not_picked":["Burst+1","Setup+1","Blade Dance+1"],"picked":"SKIP","floor":40.0},{"not_picked":["Sucker Punch","Dodge and Roll+1"],"picked":"Eviscerate","floor":42.0},{"not_picked":["Noxious Fumes+1","Deadly Poison+1","Dash"],"picked":"SKIP","floor":46.0}],"player_experience":1313475,"relics_obtained":[{"floor":9.0,"key":"Bronze Scales"},{"floor":21.0,"key":"Toxic Egg 2"},{"floor":24.0,"key":"Dream Catcher"},{"floor":26.0,"key":"Letter Opener"},{"floor":40.0,"key":"Meat on the Bone"},{"floor":42.0,"key":"Lantern"},{"floor":43.0,"key":"Nunchaku"},{"floor":48.0,"key":"StoneCalendar"}],"event_choices":[{"cards_removed":["Defend_G"],"damage_healed":0.0,"max_hp_gain":0.0,"max_hp_loss":0.0,"gold_gain":0.0,"event_name":"The Cleric","player_choice":"Card Removal","floor":2.0,"gold_loss":75.0,"damage_taken":0.0},{"damage_healed":0.0,"max_hp_gain":0.0,"max_hp_loss":0.0,"gold_gain":75.0,"event_name":"World of Goop","player_choice":"Gather Gold","floor":3.0,"gold_loss":0.0,"damage_taken":11.0},{"damage_healed":0.0,"max_hp_gain":0.0,"max_hp_loss":0.0,"gold_gain":0.0,"event_name":"Scrap Ooze","player_choice":"Success","floor":5.0,"gold_loss":0.0,"damage_taken":11.0,"relics_obtained":["Pen Nib"]},{"damage_healed":0.0,"max_hp_gain":0.0,"max_hp_loss":0.0,"gold_gain":0.0,"event_name":"The Mausoleum","player_choice":"Ignored","floor":19.0,"gold_loss":0.0,"damage_taken":0.0},{"cards_removed":["Strike_G"],"damage_healed":0.0,"max_hp_gain":0.0,"max_hp_loss":0.0,"gold_gain":0.0,"event_name":"Back to Basics","player_choice":"Elegance","floor":20.0,"gold_loss":0.0,"damage_taken":0.0},{"damage_healed":0.0,"max_hp_gain":0.0,"max_hp_loss":0.0,"gold_gain":0.0,"event_name":"Duplicator","player_choice":"Copied","floor":39.0,"gold_loss":0.0,"damage_taken":0.0,"cards_obtained":["Tactician"]},{"damage_healed":0.0,"max_hp_gain":0.0,"max_hp_loss":0.0,"gold_gain":0.0,"event_name":"Mysterious Sphere","player_choice":"Fight","floor":48.0,"gold_loss":0.0,"damage_taken":0.0}],"is_beta":false,"boss_relics":[{"not_picked":["Philosopher\u0027s Stone","Pandora\u0027s Box"],"picked":"HoveringKite"},{"not_picked":["Empty Cage","Snecko Eye"],"picked":"Sozu"}],"items_purged_floors":[4,44],"is_endless":false,"potions_floor_spawned":[7,12,16,28,30,31,36,40,42,48],"killed_by":"Time Eater","ascension_level":20}}