{"host":"i9wanet4r0ff4t9y","time":1608393233,"event":{"mods":["2.2 Compatiblity","Act Like it!","BaseMod","Bestiary","Better Altar","Better Match","Better Note","Better Sensory Stone","Better Skull","Better Third Choice","Better Vampires","BetterRewards","CapriCore","Curses Come First","Downfall","Minty Spire (QoL Compilation)","Quick Restart","READ ME - Guardian Mod","READ ME - Snecko Mod","Relic Stats","Replay The Spire","Say the Spire","Spicy Shops","StSLib","The Disciple","Waifu the Spire"],"gold_per_floor":[99,115,40,53,73,73,73,106,206,131,151,10,30,48,63,162,162,162,175,175,198,222,241,241,264,264,298,316,17,17,43,76,178,178,103,123,123,173,273,333,333,53,72,72,92,108,118,43,54,54,54,84,3,3,3],"floor_reached":56,"playtime":4232,"items_purged":["Regret"],"score":1402,"play_id":"a96392c4-58bc-4f89-becd-bd50f7b95413","local_time":"20201219165353","daily_mods":["Allstar","Colorless Cards","Terminal"],"is_ascension_mode":false,"campfire_choices":[{"floor":1.0,"key":"RECALL"},{"data":"Magnetism","floor":3.0,"key":"SMITH"},{"data":"expansioncontent:DefensiveMode","floor":6.0,"key":"SMITH"},{"floor":10.0,"key":"REST"},{"floor":26.0,"key":"REST"},{"data":"expansioncontent:CaCaw","floor":35.0,"key":"SMITH"},{"data":"expansioncontent:DefensiveStance","floor":37.0,"key":"SMITH"},{"data":"hexamod:TimeOfNeed","floor":44,"key":"SMITH"},{"data":"Replay:SS_hec_4","floor":54,"key":"SMITH"}],"circlet_count":0,"master_deck":["hexamod:Strike","hexamod:Strike","hexamod:Strike","hexamod:Strike","hexamod:Defend","hexamod:Defend","hexamod:Defend","hexamod:Defend","hexamod:Sear","hexamod:Float","expansioncontent:LastStand","Magnetism+1","expansioncontent:Collect","Poisoned Strike","Poisoned Strike","expansioncontent:YouAreMine","expansioncontent:DefensiveMode+1","hexamod:RadiantFlame","hexamod:NightmareStrike","expansioncontent:CaCaw+1","hexamod:ThermalTransfer","expansioncontent:HyperBeam","Replay:Sssssssssshield","hexamod:BurningTouch","hexamod:AdvancingGuard","hexamod:AdvancingGuard","hexamod:TimeOfNeed+1","hexamod:ShieldOfDarkness","expansioncontent:ChargeUp+1","hexamod:FourthSeal","hexamod:BurningTouch","hexamod:Haunt+1","hexamod:SecondSeal","hexamod:RainOfEmbers+1","expansioncontent:DefensiveStance+1","Replay:SS_hec_1","expansioncontent:PolyBeam+1","hexamod:Hexaguard","hexamod:TimeOfNeed+1","CurseOfTheBell","hexamod:Firestarter+1","hexamod:InspiringFlames+1","hexamod:BurningTouch","expansioncontent:Sear+1","hexamod:Firestarter+1","hexamod:RainOfEmbers+1","Trip+1","Pot Of Greed","Pot Of Greed","Pot Of Greed+1","Pot Of Greed","Pot Of Greed","Replay:SS_hec_4+1","hexamod:GhostLash+1","hexamod:SixthSeal","hexamod:Hexaguard+1","hexamod:ThermalTransfer","hexamod:BacktrackSmack+1","expansioncontent:DonusPower","hexamod:HeatMetal+1","hexamod:HeatCrush","hexamod:NightmareGuise","expansioncontent:LastStand+1","hexamod:Hexaguard+1","Pot Of Greed","Decay"],"relics":["hexamod:SpiritBrand","downfall:HeartBlessingRed","downfall:HeartBlessingBlue","Busted Crown","downfall:RedIOU","Divine Protection","Anchor","hexamod:SoulConsumer","PreservedInsect","downfall:KnowingSkull","hexamod:TheBrokenSeal","Replay:Grab Bag","ReplayTheSpireMod:Onyx Gauntlets","Philosopher\u0027s Stone","Ring of Chaos","Calling Bell","Juzu Bracelet","Mirror","Prayer Wheel","downfall:HeartBlessingGreen","Dead Branch","White Beast Statue","Nunchaku","Darkstone Periapt","Incense Burner","Grinning Jar","Oddly Smooth Stone","Guardian:BottledAnomaly","Bottled Tornado","ReplayTheSpireMod:CursedCoin","StoneCalendar","Guardian:PocketSentry"],"acts_visited":["Exordium","TheCity","TheBeyond","TheEnding"],"potions_floor_usage":[38,39,42,42,43,45,45,45,46,46,47,49,49,50,50,50,50,50,52,52,52,55,55,55,55],"damage_taken":[{"damage":1.0,"enemies":"Cultist","floor":2.0,"turns":3.0},{"damage":0.0,"enemies":"Jaw Worm","floor":4.0,"turns":4.0},{"damage":0.0,"enemies":"2 Louse","floor":5.0,"turns":3.0},{"damage":27.0,"enemies":"Gremlin Nob","floor":8.0,"turns":4.0},{"damage":5.0,"enemies":"2 Fungi Beasts","floor":11.0,"turns":4.0},{"damage":0.0,"enemies":"downfall:FleeingMerchant","floor":12.0,"turns":4.0},{"damage":0.0,"enemies":"Red Slaver","floor":13.0,"turns":4.0},{"damage":2.0,"enemies":"Blue Slaver","floor":14.0,"turns":4.0},{"damage":6.0,"enemies":"Large Slime","floor":15.0,"turns":4.0},{"damage":8.0,"enemies":"downfall:Silent","floor":16.0,"turns":6.0},{"damage":0.0,"enemies":"Spheric Guardian","floor":19.0,"turns":4.0},{"damage":0.0,"enemies":"Chosen","floor":21.0,"turns":6.0},{"damage":21.0,"enemies":"Shelled Parasite and Fungi","floor":22.0,"turns":5.0},{"damage":0.0,"enemies":"Snecko","floor":23.0,"turns":7.0},{"damage":29.0,"enemies":"Book of Stabbing","floor":27.0,"turns":9.0},{"damage":0.0,"enemies":"Chosen and Byrds","floor":28.0,"turns":7.0},{"damage":0.0,"enemies":"downfall:FleeingMerchant","floor":29.0,"turns":4.0},{"damage":5.0,"enemies":"3 Cultists","floor":31.0,"turns":6.0},{"damage":0.0,"enemies":"Centurion and Healer","floor":32.0,"turns":10.0},{"damage":0.0,"enemies":"downfall:Watcher","floor":33.0,"turns":10.0},{"damage":0.0,"enemies":"3 Shapes","floor":36.0,"turns":4.0},{"damage":0,"enemies":"2 Orb Walkers","floor":38,"turns":6},{"damage":0,"enemies":"downfall:LadyInBlue","floor":39,"turns":3},{"damage":0,"enemies":"Orb Walker","floor":40,"turns":2},{"damage":0,"enemies":"downfall:FleeingMerchant","floor":42,"turns":3},{"damage":0,"enemies":"Jaw Worm Horde","floor":43,"turns":2},{"damage":0,"enemies":"3 Darklings","floor":45,"turns":4},{"damage":0,"enemies":"Transient","floor":46,"turns":5},{"damage":0,"enemies":"Maw","floor":47,"turns":6},{"damage":0,"enemies":"3 Darklings","floor":49,"turns":4},{"damage":2,"enemies":"downfall:Ironclad","floor":50,"turns":5},{"damage":0,"enemies":"downfall:CharBossMerchant","floor":52,"turns":5},{"damage":0,"enemies":"downfall:NeowBoss","floor":55,"turns":18}],"seed_played":"-371781269364769476","potions_obtained":[{"floor":2.0,"key":"champ:CounterPotion"},{"floor":5.0,"key":"SmokeBomb"},{"floor":13.0,"key":"DistilledChaos"},{"floor":14.0,"key":"Slimebound:ThreeZeroPotion"},{"floor":15.0,"key":"PowerPotion"},{"floor":16.0,"key":"LiquidBronze"},{"floor":22.0,"key":"EssenceOfSteel"},{"floor":23.0,"key":"PowerPotion"},{"floor":23.0,"key":"Toxic Potion"},{"floor":27.0,"key":"Flashbang"},{"floor":28.0,"key":"SpeedPotion"},{"floor":28.0,"key":"Adrenaline Potion"},{"floor":31.0,"key":"Explosive Potion"},{"floor":32.0,"key":"Ancient Potion"},{"floor":32.0,"key":"GamblersBrew"},{"floor":36.0,"key":"Energy Potion"},{"floor":36.0,"key":"DistilledChaos"},{"floor":39,"key":"Fruit Juice"},{"floor":39,"key":"EntropicBrew"},{"floor":39,"key":"hexamod:DoubleChargePotion"},{"floor":40,"key":"Flashbang"},{"floor":42,"key":"PowerPotion"},{"floor":43,"key":"Strength Potion"},{"floor":45,"key":"Languid Potion"},{"floor":46,"key":"Explosive Potion"},{"floor":47,"key":"LifebloodPotion"},{"floor":49,"key":"SpeedPotion"},{"floor":52,"key":"Guardian:BlockOnCardUsePotion"}],"is_trial":true,"path_per_floor":["R","M","R","M","M","R","T","E","?","R","M","$","M","M","M","B",null,"R","M","?","M","M","M","T","T","R","E","M","$","?","M","M","B",null,"R","M","R","?","?","M","T","$","M","R","M","M","M","$","M","B",null,"E","$","R","B",null],"character_chosen":"THE_SPIRIT","items_purchased":["expansioncontent:HyperBeam","PreservedInsect","Replay:SS_hec_1","Darkstone Periapt","Incense Burner","Grinning Jar","Oddly Smooth Stone","Guardian:BottledAnomaly","Replay:SS_hec_4","ReplayTheSpireMod:CursedCoin","StoneCalendar","Guardian:PocketSentry"],"campfire_rested":2,"item_purchase_floors":[12,29,29,42,42,42,42,42,42,53,53,53],"current_hp_per_floor":[68,67,66,65,64,63,62,35,35,66,61,61,61,59,53,45,62,61,60,59,58,37,44,44,44,53,24,31,31,24,19,57,56,55,54,53,52,51,55,54,53,58,57,56,55,54,53,52,51,49,49,48,53,52,50],"gold":3,"neow_bonus":"","is_daily":false,"chose_seed":false,"campfire_upgraded":6,"win_rate":0.0,"timestamp":1608393233,"path_taken":["R","M","R","?","M","R","T","E","?","R","M","$","M","M","M","BOSS","R","?","?","M","?","M","T","?","R","E","M","$","?","M","M","BOSS","R","M","R","?","?","M","T","?","M","R","M","M","M","$","M","BOSS","E","$","R","BOSS"],"items_purchased_type":["Card","Relic","Card","Relic","Relic","Relic","Relic","Relic","Card","Relic","Relic","Relic"],"build_version":"2020-12-13","purchased_purges":1,"victory":true,"max_hp_per_floor":[68,67,66,65,64,63,62,61,60,69,68,67,66,65,64,63,62,61,60,59,58,57,56,55,54,53,52,51,50,49,48,57,56,55,54,53,52,51,55,54,53,58,57,56,55,54,53,52,51,50,49,48,53,52,50],"relic_stats":{"Darkstone Periapt":12,"Nunchaku":[9],"Busted Crown":86,"counters":[33,174],"Dead Branch":[157],"Prayer Wheel":7,"StoneCalendar":[52],"PreservedInsect":144,"Juzu Bracelet":1,"obtain_stats":[{"Darkstone Periapt":42,"Divine Protection":24,"downfall:HeartBlessingGreen":35,"StoneCalendar":53,"Juzu Bracelet":34,"Incense Burner":42,"Bottled Tornado":52,"Pet Ghost":8,"Nunchaku":41,"downfall:HeartBlessingBlue":10,"downfall:KnowingSkull":30,"Philosopher\u0027s Stone":34,"Prayer Wheel":34,"downfall:RedIOU":18,"Guardian:BottledAnomaly":42,"hexamod:SpiritBrand":0,"downfall:HeartBlessingRed":3,"ReplayTheSpireMod:CursedCoin":53,"Replay:Grab Bag":34,"Dead Branch":38,"hexamod:TheBrokenSeal":32,"Oddly Smooth Stone":42,"PreservedInsect":29,"Ring of Chaos":34,"Guardian:PocketSentry":53,"White Beast Statue":39,"Calling Bell":34,"Anchor":25,"Busted Crown":17,"hexamod:SoulConsumer":27,"ReplayTheSpireMod:Onyx Gauntlets":34,"Grinning Jar":42,"Mirror":34},{"Darkstone Periapt":25,"Divine Protection":14,"downfall:HeartBlessingGreen":20,"StoneCalendar":32,"Juzu Bracelet":20,"Incense Burner":25,"Bottled Tornado":32,"Pet Ghost":4,"Nunchaku":24,"downfall:HeartBlessingBlue":4,"downfall:KnowingSkull":17,"Philosopher\u0027s Stone":20,"Prayer Wheel":20,"downfall:RedIOU":10,"Guardian:BottledAnomaly":25,"hexamod:SpiritBrand":0,"downfall:HeartBlessingRed":1,"ReplayTheSpireMod:CursedCoin":32,"Replay:Grab Bag":20,"Dead Branch":22,"hexamod:TheBrokenSeal":19,"Oddly Smooth Stone":25,"PreservedInsect":17,"Ring of Chaos":20,"Guardian:PocketSentry":32,"White Beast Statue":23,"Calling Bell":20,"Anchor":14,"Busted Crown":10,"hexamod:SoulConsumer":15,"ReplayTheSpireMod:Onyx Gauntlets":20,"Grinning Jar":25,"Mirror":20},{"Darkstone Periapt":125,"Divine Protection":62,"downfall:HeartBlessingGreen":108,"StoneCalendar":156,"Juzu Bracelet":108,"Incense Burner":125,"Bottled Tornado":156,"Pet Ghost":14,"Nunchaku":122,"downfall:HeartBlessingBlue":14,"downfall:KnowingSkull":82,"Philosopher\u0027s Stone":108,"Prayer Wheel":108,"downfall:RedIOU":40,"Guardian:BottledAnomaly":125,"hexamod:SpiritBrand":0,"downfall:HeartBlessingRed":3,"ReplayTheSpireMod:CursedCoin":156,"Replay:Grab Bag":108,"Dead Branch":117,"hexamod:TheBrokenSeal":95,"Oddly Smooth Stone":125,"PreservedInsect":82,"Ring of Chaos":108,"Guardian:PocketSentry":156,"White Beast Statue":120,"Calling Bell":108,"Anchor":62,"Busted Crown":40,"hexamod:SoulConsumer":71,"ReplayTheSpireMod:Onyx Gauntlets":108,"Grinning Jar":125,"Mirror":108}]},"card_choices":[{"not_picked":["hexamod:GhostLash","Enlightenment"],"picked":"expansioncontent:YouAreMine","floor":2.0},{"not_picked":["hexamod:SpectersWail","hexamod:NightmareGuise"],"picked":"expansioncontent:DefensiveMode","floor":4.0},{"not_picked":["hexamod:InspiringFlames","hexamod:GhostShield"],"picked":"hexamod:RadiantFlame","floor":5.0},{"not_picked":["Violence","hexamod:Hexaguard"],"picked":"hexamod:NightmareStrike","floor":8.0},{"not_picked":["hexamod:SuperheatedStrike","hexamod:Hexaguard"],"picked":"expansioncontent:CaCaw","floor":11.0},{"not_picked":["hexamod:Again","hexamod:GhostLash"],"picked":"hexamod:ThermalTransfer","floor":12.0},{"not_picked":["hexamod:ShieldOfDarkness","hexamod:EmpoweredFlame"],"picked":"Replay:Sssssssssshield","floor":13.0},{"not_picked":["Finesse","hexamod:HauntingEcho"],"picked":"hexamod:BurningTouch","floor":14.0},{"not_picked":["hexamod:HauntingEcho","hexamod:FastForward"],"picked":"hexamod:AdvancingGuard","floor":15.0},{"not_picked":["hexamod:ApocalypseNow","Metamorphosis"],"picked":"hexamod:FifthSeal","floor":16.0},{"not_picked":[],"picked":"hexamod:SecondSeal","floor":19.0},{"not_picked":[],"picked":"hexamod:AdvancingGuard","floor":19.0},{"not_picked":[],"picked":"hexamod:FourthSeal","floor":21.0},{"not_picked":[],"picked":"hexamod:ShieldOfDarkness","floor":21.0},{"not_picked":[],"picked":"hexamod:FirstSeal","floor":22.0},{"not_picked":[],"picked":"expansioncontent:ChargeUp+1","floor":22.0},{"not_picked":[],"picked":"hexamod:FourthSeal","floor":23.0},{"not_picked":[],"picked":"hexamod:BurningTouch","floor":23.0},{"not_picked":[],"picked":"hexamod:Haunt+1","floor":27.0},{"not_picked":[],"picked":"hexamod:SecondSeal","floor":27.0},{"not_picked":[],"picked":"hexamod:ThirdSeal","floor":28.0},{"not_picked":[],"picked":"hexamod:RainOfEmbers+1","floor":28.0},{"not_picked":[],"picked":"expansioncontent:DefensiveStance","floor":29.0},{"not_picked":[],"picked":"hexamod:SixthSeal","floor":31.0},{"not_picked":[],"picked":"expansioncontent:PolyBeam+1","floor":31.0},{"not_picked":[],"picked":"hexamod:Hexaguard","floor":32.0},{"not_picked":[],"picked":"hexamod:TimeOfNeed","floor":33.0},{"not_picked":[],"picked":"hexamod:Firestarter+1","floor":36.0},{"not_picked":[],"picked":"hexamod:InspiringFlames+1","floor":36.0},{"not_picked":[],"picked":"hexamod:BurningTouch","floor":38},{"not_picked":[],"picked":"expansioncontent:Sear+1","floor":39},{"not_picked":[],"picked":"hexamod:Firestarter+1","floor":40},{"not_picked":[],"picked":"hexamod:RainOfEmbers+1","floor":40},{"not_picked":[],"picked":"Trip+1","floor":42},{"not_picked":[],"picked":"hexamod:GhostLash+1","floor":43},{"not_picked":[],"picked":"hexamod:SixthSeal","floor":43},{"not_picked":[],"picked":"hexamod:Hexaguard+1","floor":45},{"not_picked":[],"picked":"hexamod:ThermalTransfer","floor":45},{"not_picked":[],"picked":"hexamod:BacktrackSmack+1","floor":46},{"not_picked":[],"picked":"expansioncontent:DonusPower","floor":46},{"not_picked":[],"picked":"hexamod:HeatMetal+1","floor":47},{"not_picked":[],"picked":"hexamod:HeatCrush","floor":47},{"not_picked":[],"picked":"hexamod:NightmareGuise","floor":49},{"not_picked":[],"picked":"expansioncontent:LastStand+1","floor":49},{"not_picked":[],"picked":"hexamod:Hexaguard+1","floor":52}],"player_experience":382220,"relics_obtained":[{"floor":8.0,"key":"Pet Ghost"},{"floor":24.0,"key":"Divine Protection"},{"floor":25.0,"key":"Anchor"},{"floor":27.0,"key":"hexamod:SoulConsumer"},{"floor":34.0,"key":"Juzu Bracelet"},{"floor":34.0,"key":"Mirror"},{"floor":34.0,"key":"Prayer Wheel"},{"floor":38,"key":"Dead Branch"},{"floor":39,"key":"White Beast Statue"},{"floor":41,"key":"Nunchaku"},{"floor":52,"key":"Bottled Tornado"}],"event_choices":[{"cards_removed":["Magnetism"],"damage_healed":0.0,"max_hp_gain":0.0,"max_hp_loss":0.0,"gold_gain":0.0,"event_name":"betterNote:BetterNote","player_choice":"Take \u0026 Give","floor":20.0,"gold_loss":0.0,"damage_taken":0.0,"cards_obtained":["hexamod:TimeOfNeed"]},{"damage_healed":0,"gold_gain":0,"player_choice":"Fight","damage_taken":0,"max_hp_gain":0,"max_hp_loss":0,"event_name":"Mysterious Sphere","floor":38,"gold_loss":0}],"is_beta":false,"boss_relics":[{"not_picked":["Coffee Dripper","Velvet Choker"],"picked":"Busted Crown"},{"not_picked":["Replay:Wanted Poster","Kintsugi"],"picked":"Replay:Grab Bag"},{"not_picked":["Painkiller Herb","Cursed Key"],"picked":"ReplayTheSpireMod:Onyx Gauntlets"},{"not_picked":["ReplayTheSpireMod:DimensionalGlitch","ChewingGum"],"picked":"Philosopher\u0027s Stone"},{"not_picked":["Pandora\u0027s Box","Runic Pyramid"],"picked":"Ring of Chaos"},{"not_picked":["Snecko Eye","Replay:Drink Me"],"picked":"Calling Bell"}],"items_purged_floors":[48],"is_endless":false,"potions_floor_spawned":[2,5,13,14,15,16,23,28,31,32,36,40,42,43,45,46,47,49,52],"ascension_level":0}}