{"host":"d0verjtbj2sjunpo","time":1608343392,"event":{"mods":["AchievementEnabler","Aspiration","BaseMod","Better Altar","Better Third Choice","BetterRewards","Downfall","Marisa????????","Minty Spire (QoL Compilation)","Replay The Spire","StSLib","The Cursed","The Servant 0.9.4"],"gold_per_floor":[115,133,28,28,28,63,63,96,119,119,153,153,328,328,328,452,452,477,490,271,271,294,294,294,294,294,338,338,371,391,411,411,411,411],"floor_reached":33,"playtime":2125,"items_purged":[],"score":340,"play_id":"f64e9f8f-deaa-46d1-892c-8a7526d4149c","local_time":"20201218200312","is_ascension_mode":true,"campfire_choices":[{"floor":7,"key":"RECALL"},{"floor":12,"key":"REST"},{"data":"Amplify","floor":15,"key":"SMITH"},{"floor":23,"key":"REST"},{"data":"Hello World","floor":25,"key":"SMITH"},{"floor":28,"key":"REST"},{"floor":32,"key":"REST"}],"circlet_count":0,"master_deck":["Strike_B+1","Strike_B","Defend_B","Defend_B","Defend_B","Zap","Dualcast+1","Ball Lightning","Coolheaded","Replay:Hysterical Blindness","Grand Finale","Poisoned Stab","Doppelganger","Injury","Rainbow","Amplify+1","Go for the Eyes","Doubt","Echo Form","aspiration:Polymerization+1","Undo","Crystallizer","Amplify+1","BasicCrystalCard+1","Hello World+1","Conserve Battery","Tempest+1","Capacitor","Ball Lightning+1"],"relics":["Cracked Core","NeowsBlessing","ReplayTheSpireMod:CursedCoin","Divine Protection","Golden Idol","Gremlin Food","StrikeDummy","Anchor","Blood Vial","Nuclear Battery","Tiny Chest","Pantograph","Pet Ghost","The Courier"],"acts_visited":["Exordium","TheCity"],"potions_floor_usage":[16,29,33,33,33],"damage_taken":[{"damage":0,"enemies":"Cultist","floor":1,"turns":1},{"damage":0,"enemies":"Small Slimes","floor":2,"turns":1},{"damage":0,"enemies":"3 Sentries","floor":6,"turns":1},{"damage":19,"enemies":"Lagavulin","floor":8,"turns":7},{"damage":5,"enemies":"3 Sentries","floor":11,"turns":3},{"damage":41,"enemies":"The Guardian","floor":16,"turns":9},{"damage":6,"enemies":"Spheric Guardian","floor":18,"turns":5},{"damage":10,"enemies":"2 Thieves","floor":19,"turns":3},{"damage":5,"enemies":"Centurion and Healer","floor":22,"turns":5},{"damage":23,"enemies":"Book of Stabbing","floor":27,"turns":6},{"damage":35,"enemies":"Slavers","floor":29,"turns":5},{"damage":0,"enemies":"Snecko","floor":30,"turns":5},{"damage":0,"enemies":"Snake Plant","floor":31,"turns":4},{"damage":75,"enemies":"Collector","floor":33,"turns":6}],"seed_played":"-7431875666752554387","potions_obtained":[{"floor":1,"key":"Energy Potion"},{"floor":6,"key":"PowerPotion"},{"floor":16,"key":"PowerPotion"},{"floor":22,"key":"EssenceOfSteel"},{"floor":30,"key":"Strength Potion"}],"is_trial":false,"path_per_floor":["M","M","$","?","?","E","R","E","T","$","E","R","?","T","R","B",null,"M","M","$","?","M","R","?","R","T","E","R","E","M","M","R","B"],"character_chosen":"DEFECT","items_purchased":["ReplayTheSpireMod:CursedCoin","Divine Protection","Tiny Chest","Crystallizer"],"campfire_rested":4,"item_purchase_floors":[3,3,20,20],"current_hp_per_floor":[75,75,75,75,75,75,75,56,56,56,51,73,73,73,73,34,75,69,61,61,61,58,75,75,75,75,52,74,40,42,44,66,0,0],"gold":411,"neow_bonus":"THREE_ENEMY_KILL","is_daily":false,"chose_seed":false,"campfire_upgraded":2,"win_rate":0.0,"timestamp":1608343392,"path_taken":["M","?","?","?","?","E","R","E","T","$","E","R","?","?","R","BOSS","M","M","$","?","?","R","?","R","T","E","R","E","M","M","R","BOSS"],"items_purchased_type":["Relic","Relic","Relic","Card"],"build_version":"2020-12-13","purchased_purges":0,"victory":false,"max_hp_per_floor":[75,75,75,75,75,75,75,75,75,75,75,75,75,75,75,75,75,75,75,75,75,75,75,75,75,75,75,75,75,75,75,75,75,75],"card_choices":[{"not_picked":["Steam Power","Barrage"],"picked":"Ball Lightning","floor":1},{"not_picked":["Rebound","Gash"],"picked":"Coolheaded","floor":2},{"not_picked":["Steam","Streamline"],"picked":"Rainbow","floor":6},{"not_picked":["ReplayTheSpireMod:Omega Cannon","Sweeping Beam"],"picked":"Amplify","floor":8},{"not_picked":["Steam Power","Hologram"],"picked":"Go for the Eyes","floor":11},{"not_picked":["Core Surge","Biased Cognition"],"picked":"Echo Form","floor":16},{"not_picked":["Double Energy","Coolheaded"],"picked":"aspiration:Polymerization","floor":18},{"not_picked":["Sweeping Beam","Aggregate"],"picked":"Undo","floor":19},{"not_picked":["Steam","Rebound"],"picked":"BasicCrystalCard","floor":22},{"not_picked":["Aggregate","BootSequence"],"picked":"Conserve Battery","floor":27},{"not_picked":["BasicCrystalCard","Rebound"],"picked":"Tempest+1","floor":29},{"not_picked":["Coolheaded+1","Hologram"],"picked":"Capacitor","floor":30},{"not_picked":["Leap","Chill"],"picked":"Ball Lightning+1","floor":31}],"player_experience":178123,"relics_obtained":[{"floor":6,"key":"Gremlin Food"},{"floor":8,"key":"StrikeDummy"},{"floor":11,"key":"Anchor"},{"floor":14,"key":"Blood Vial"},{"floor":26,"key":"Pantograph"},{"floor":27,"key":"Pet Ghost"},{"floor":29,"key":"The Courier"}],"event_choices":[{"damage_healed":0,"gold_gain":0,"player_choice":"Take Wound","damage_taken":0,"relics_obtained":["Golden Idol"],"max_hp_gain":0,"max_hp_loss":0,"event_name":"Golden Idol","floor":5,"gold_loss":0,"cards_obtained":["Injury"]},{"damage_healed":0,"gold_gain":175,"player_choice":"AGREE","damage_taken":153,"max_hp_gain":0,"max_hp_loss":0,"event_name":"betterThird:BetterSerpent","floor":13,"gold_loss":0},{"damage_healed":0,"gold_gain":0,"player_choice":"Copied","damage_taken":0,"max_hp_gain":0,"max_hp_loss":0,"event_name":"Duplicator","floor":21,"gold_loss":0,"cards_obtained":["Amplify"]},{"damage_healed":0,"gold_gain":0,"player_choice":"Read","damage_taken":0,"max_hp_gain":0,"max_hp_loss":0,"event_name":"The Library","floor":24,"gold_loss":0,"cards_obtained":["Hello World"]}],"is_beta":false,"boss_relics":[{"not_picked":["Runic Dome","aspiration:RitualDagger"],"picked":"Nuclear Battery"}],"items_purged_floors":[],"is_endless":false,"potions_floor_spawned":[1,6,16,22,27,30],"killed_by":"Collector","ascension_level":1}}