{"host":"08t08ld674si40tv","time":1608350042,"event":{"mods":["AchievementEnabler","BaseMod","Colored Map","Minty Spire (QoL Compilation)","StSLib","SuperFastMode"],"gold_per_floor":[115,132,132,149,23,23,33,33,33,47,57,57,71,82,82,82,82],"floor_reached":16,"playtime":417,"items_purged":["Strike_G"],"score":277,"play_id":"c462b60b-71e3-4917-bd36-371fd41fac2c","local_time":"20201219125402","is_ascension_mode":true,"campfire_choices":[{"data":"Deadly Poison","floor":6,"key":"SMITH"},{"floor":8,"key":"REST"},{"floor":12,"key":"REST"},{"data":"Dash","floor":15,"key":"SMITH"}],"circlet_count":0,"master_deck":["AscendersBane","Strike_G","Strike_G","Strike_G","Strike_G","Defend_G","Defend_G","Defend_G","Defend_G","Defend_G","Survivor","Neutralize","Backflip","Poisoned Stab","Deadly Poison+1","PiercingWail","Leg Sweep","Footwork","Blur","Dash+1"],"relics":["Ring of the Snake","Question Card"],"acts_visited":["Exordium"],"potions_floor_usage":[16,16],"damage_taken":[{"damage":3,"enemies":"Cultist","floor":1,"turns":4},{"damage":2,"enemies":"2 Louse","floor":2,"turns":3},{"damage":5,"enemies":"Small Slimes","floor":4,"turns":3},{"damage":27,"enemies":"Exordium Thugs","floor":7,"turns":6},{"damage":13,"enemies":"Lots of Slimes","floor":10,"turns":6},{"damage":22,"enemies":"Large Slime","floor":11,"turns":8},{"damage":4,"enemies":"Red Slaver","floor":13,"turns":4},{"damage":0,"enemies":"Blue Slaver","floor":14,"turns":7},{"damage":26,"enemies":"Slime Boss","floor":16,"turns":8}],"seed_played":"6351837524238000207","potions_obtained":[{"floor":4,"key":"BlessingOfTheForge"},{"floor":7,"key":"EssenceOfSteel"},{"floor":10,"key":"Block Potion"},{"floor":13,"key":"PowerPotion"}],"is_trial":false,"path_per_floor":["M","M","T","M","$","R","M","R","T","M","M","R","M","M","R","B"],"character_chosen":"THE_SILENT","items_purchased":["PiercingWail"],"campfire_rested":2,"item_purchase_floors":[5],"current_hp_per_floor":[53,51,51,46,46,46,19,42,42,29,7,30,26,26,26,0,0],"gold":82,"neow_bonus":"TWENTY_PERCENT_HP_BONUS","is_daily":false,"chose_seed":false,"campfire_upgraded":2,"win_rate":0.0,"timestamp":1608350042,"path_taken":["M","M","?","?","?","R","M","R","T","M","M","R","?","M","R","BOSS"],"items_purchased_type":["Card"],"build_version":"2020-12-13","purchased_purges":1,"victory":false,"max_hp_per_floor":[78,78,78,78,78,78,78,78,78,78,78,78,78,78,78,78,78],"card_choices":[{"not_picked":["Quick Slash","Sucker Punch"],"picked":"Backflip","floor":1},{"not_picked":["Expertise","Sucker Punch"],"picked":"Poisoned Stab","floor":2},{"not_picked":["Finisher","Well Laid Plans"],"picked":"Deadly Poison","floor":4},{"not_picked":["Quick Slash","Poisoned Stab","Bane"],"picked":"SKIP","floor":7},{"not_picked":["Dagger Spray","Envenom","Sucker Punch"],"picked":"Leg Sweep","floor":10},{"not_picked":["Deflect","Cloak And Dagger","Bane"],"picked":"Footwork","floor":11},{"not_picked":["Deadly Poison","Poisoned Stab","Blade Dance"],"picked":"Blur","floor":13},{"not_picked":["Prepared","Heel Hook","Flying Knee"],"picked":"Dash","floor":14}],"player_experience":179822,"relics_obtained":[{"floor":9,"key":"Question Card"}],"event_choices":[],"is_beta":false,"boss_relics":[],"items_purged_floors":[5],"is_endless":false,"potions_floor_spawned":[4,7,10,13],"killed_by":"Slime Boss","ascension_level":18}}