{"host":"okln270zkafj6dck","time":1608372729,"event":{"mods":["BaseMod","Minty Spire (QoL Compilation)","Permanent Neow","Quick Restart","Relic Stats","StSLib","SuperFastMode"],"gold_per_floor":[119,44,44,44,58,84,84,112,112,126,141,141,141,176,176,271,271,294,294,20,20,20,47,47,80,105,27,55,70,100,100,100,177,177,189,208,52,52,64,94,114,114,182,208,208,218,218,251,251,251,251],"floor_reached":52,"playtime":1624,"items_purged":["Strike_G"],"score":2214,"play_id":"6ce0b4dd-b645-44c3-80b2-4821d106e913","local_time":"20201219021209","is_ascension_mode":true,"campfire_choices":[{"data":"Wraith Form v2","floor":7.0,"key":"SMITH"},{"data":"Deadly Poison","floor":12.0,"key":"SMITH"},{"data":"Deadly Poison","floor":15.0,"key":"SMITH"},{"data":"Burst","floor":24,"key":"SMITH"},{"data":"Caltrops","floor":32,"key":"SMITH"},{"data":"Crippling Poison","floor":42,"key":"SMITH"},{"data":"Neutralize","floor":45,"key":"SMITH"},{"data":"Poisoned Stab","floor":47,"key":"SMITH"},{"data":"Leg Sweep","floor":49,"key":"SMITH"}],"circlet_count":0,"master_deck":["AscendersBane","Strike_G","Defend_G","Defend_G+1","Defend_G","Defend_G","Defend_G+1","Survivor","Neutralize+1","Cloak And Dagger","Wraith Form v2+1","Caltrops+1","Deadly Poison+1","Deadly Poison+1","Dash","Quick Slash","Poisoned Stab+1","Burst+1","Prepared+1","Footwork+1","PiercingWail+1","Bouncing Flask+1","Deflect","Wraith Form v2+1","Crippling Poison+1","Noxious Fumes+1","Leg Sweep+1","PiercingWail","Footwork+1"],"relics":["Ring of the Snake","NeowsBlessing","Tough Bandages","War Paint","Mummified Hand","Meat on the Bone","Bloody Idol","Eternal Feather","Runic Pyramid","Frozen Egg 2","MutagenicStrength","Juzu Bracelet","Dead Branch","Vajra","Art of War","PreservedInsect","Velvet Choker","Centennial Puzzle","Mercury Hourglass","Toy Ornithopter","Smiling Mask"],"acts_visited":["Exordium","TheCity","TheBeyond"],"potions_floor_usage":[23],"damage_taken":[{"damage":0.0,"enemies":"Small Slimes","floor":1.0,"turns":1.0},{"damage":0.0,"enemies":"2 Louse","floor":5.0,"turns":1.0},{"damage":0.0,"enemies":"Lagavulin","floor":6.0,"turns":2.0},{"damage":14.0,"enemies":"Gremlin Nob","floor":8.0,"turns":6.0},{"damage":3.0,"enemies":"Jaw Worm","floor":10.0,"turns":4.0},{"damage":4.0,"enemies":"Large Slime","floor":11.0,"turns":8.0},{"damage":1.0,"enemies":"Lagavulin","floor":14.0,"turns":6.0},{"damage":28.0,"enemies":"The Guardian","floor":16.0,"turns":9.0},{"damage":0.0,"enemies":"Spheric Guardian","floor":18.0,"turns":5.0},{"damage":12,"enemies":"Slavers","floor":23,"turns":8},{"damage":43,"enemies":"Gremlin Leader","floor":25,"turns":5},{"damage":15,"enemies":"Slavers","floor":28,"turns":7},{"damage":0,"enemies":"Shell Parasite","floor":29,"turns":4},{"damage":1,"enemies":"Book of Stabbing","floor":30,"turns":7},{"damage":11,"enemies":"Champ","floor":33,"turns":16},{"damage":1,"enemies":"Orb Walker","floor":35,"turns":3},{"damage":3,"enemies":"3 Darklings","floor":36,"turns":6},{"damage":22,"enemies":"Sphere and 2 Shapes","floor":39,"turns":4},{"damage":0,"enemies":"Nemesis","floor":40,"turns":5},{"damage":0,"enemies":"4 Shapes","floor":41,"turns":6},{"damage":9,"enemies":"Giant Head","floor":44,"turns":7},{"damage":0,"enemies":"3 Darklings","floor":46,"turns":3},{"damage":0,"enemies":"Nemesis","floor":48,"turns":5},{"damage":34,"enemies":"Time Eater","floor":50,"turns":14},{"damage":19,"enemies":"Donu and Deca","floor":51,"turns":10}],"seed_played":"-538689992335596172","potions_obtained":[{"floor":8.0,"key":"SteroidPotion"},{"floor":10.0,"key":"DuplicationPotion"},{"floor":28,"key":"FearPotion"},{"floor":39,"key":"AttackPotion"},{"floor":40,"key":"GamblersBrew"}],"is_trial":false,"path_per_floor":["M","?","?","?","M","E","R","E","T","M","M","R","?","E","R","B",null,"M","?","$","?","?","E","R","E","T","$","E","M","E","?","R","B",null,"M","M","$","?","M","E","M","R","T","E","R","M","R","E","R","B","B",null],"character_chosen":"THE_SILENT","items_purchased":["Frozen Egg 2","Footwork+1","Noxious Fumes+1"],"campfire_rested":0,"item_purchase_floors":[20,27,37],"current_hp_per_floor":[59,59,59,48,48,48,48,34,34,43,39,39,39,38,47,31,53,53,53,53,53,53,46,58,32,37,37,39,44,48,48,60,54,59,60,60,60,60,43,48,53,60,60,56,60,60,60,60,60,38,31],"gold":251,"neow_bonus":"THREE_ENEMY_KILL","is_daily":false,"chose_seed":false,"campfire_upgraded":9,"win_rate":0.0,"timestamp":1608372729,"path_taken":["M","?","?","?","M","E","R","E","T","M","M","R","?","E","R","BOSS","M","?","$","?","?","E","R","E","T","?","E","M","E","?","R","BOSS","M","M","$","?","M","E","M","R","T","E","R","M","R","E","R","BOSS","BOSS"],"items_purchased_type":["Relic","Card","Card"],"build_version":"2020-12-13","purchased_purges":1,"victory":true,"max_hp_per_floor":[66,66,66,66,66,66,66,66,66,66,66,66,60,60,60,60,60,60,60,60,60,60,60,60,60,60,60,60,60,60,60,60,60,60,60,60,60,60,60,60,60,60,60,60,60,60,60,60,60,60,60],"relic_stats":{"counters":[25,152],"Dead Branch":[72],"Eternal Feather":44,"PreservedInsect":230,"Juzu Bracelet":0,"War Paint":["Defend_G","Defend_G"],"Smiling Mask":0,"Mercury Hourglass":[89],"Tough Bandages":[147],"Centennial Puzzle":[9],"Mummified Hand":[85],"Bloody Idol":60,"Art of War":[31],"obtain_stats":[{"NeowsBlessing":0,"Golden Idol":13,"Dead Branch":25,"Vajra":26,"Velvet Choker":34,"Eternal Feather":14,"PreservedInsect":30,"Juzu Bracelet":23,"War Paint":6,"Frozen Egg 2":20,"Smiling Mask":48,"Mercury Hourglass":43,"Tough Bandages":4,"Centennial Puzzle":40,"Mummified Hand":8,"Bloody Idol":19,"MutagenicStrength":22,"Art of War":28,"Toy Ornithopter":44,"Ring of the Snake":0,"Meat on the Bone":9,"Runic Pyramid":17},{"NeowsBlessing":0,"Golden Idol":6,"Dead Branch":11,"Vajra":11,"Velvet Choker":15,"Eternal Feather":7,"PreservedInsect":14,"Juzu Bracelet":10,"War Paint":3,"Frozen Egg 2":9,"Smiling Mask":23,"Mercury Hourglass":20,"Tough Bandages":1,"Centennial Puzzle":19,"Mummified Hand":4,"Bloody Idol":9,"MutagenicStrength":9,"Art of War":12,"Toy Ornithopter":21,"Ring of the Snake":0,"Meat on the Bone":4,"Runic Pyramid":8},{"NeowsBlessing":0,"Golden Idol":22,"Dead Branch":55,"Vajra":55,"Velvet Choker":89,"Eternal Feather":28,"PreservedInsect":73,"Juzu Bracelet":50,"War Paint":4,"Frozen Egg 2":42,"Smiling Mask":128,"Mercury Hourglass":113,"Tough Bandages":1,"Centennial Puzzle":107,"Mummified Hand":10,"Bloody Idol":42,"MutagenicStrength":42,"Art of War":62,"Toy Ornithopter":120,"Ring of the Snake":0,"Meat on the Bone":10,"Runic Pyramid":37}],"Toy Ornithopter":0,"Ring of the Snake":[50],"Meat on the Bone":72},"card_choices":[{"not_picked":["Prepared","Bane"],"picked":"Cloak And Dagger","floor":1.0},{"not_picked":["Escape Plan","Blur"],"picked":"Caltrops","floor":5.0},{"not_picked":["Blade Dance","Slice"],"picked":"Deadly Poison","floor":6.0},{"not_picked":["Dodge and Roll","Bane"],"picked":"Deadly Poison","floor":8.0},{"not_picked":["Terror","Finisher"],"picked":"Dash","floor":10.0},{"not_picked":["Acrobatics","Unload"],"picked":"Quick Slash","floor":11.0},{"not_picked":["Skewer","Underhanded Strike"],"picked":"Poisoned Stab","floor":14.0},{"not_picked":["Venomology","Die Die Die"],"picked":"Burst","floor":16.0},{"not_picked":["Underhanded Strike","Deflect"],"picked":"Prepared+1","floor":18.0},{"not_picked":["Terror","Dodge and Roll","Masterful Stab"],"picked":"SKIP","floor":23},{"not_picked":["Endless Agony","Flying Knee+1","Prepared"],"picked":"SKIP","floor":25},{"not_picked":["Caltrops+1","Terror+1"],"picked":"PiercingWail+1","floor":28},{"not_picked":["Masterful Stab+1","Dodge and Roll+1"],"picked":"Bouncing Flask+1","floor":29},{"not_picked":["Backflip","Setup"],"picked":"Deflect","floor":30},{"not_picked":["Poisoned Stab","Dash+1"],"picked":"Crippling Poison","floor":35},{"not_picked":["Flying Knee","Setup","Outmaneuver+1"],"picked":"SKIP","floor":36},{"not_picked":["Bane","Slice"],"picked":"Leg Sweep","floor":39},{"not_picked":["Cloak And Dagger+1","Expertise","Dash"],"picked":"SKIP","floor":40},{"not_picked":["Leg Sweep","Outmaneuver","Dagger Spray"],"picked":"SKIP","floor":41},{"not_picked":["Infinite Blades+1","Acrobatics"],"picked":"PiercingWail","floor":44},{"not_picked":["Backflip","Outmaneuver","Flying Knee"],"picked":"SKIP","floor":46},{"not_picked":["Terror","Tools of the Trade+1"],"picked":"Footwork+1","floor":48}],"player_experience":67318,"relics_obtained":[{"floor":6.0,"key":"War Paint"},{"floor":8.0,"key":"Mummified Hand"},{"floor":9.0,"key":"Meat on the Bone"},{"floor":14.0,"key":"Eternal Feather"},{"floor":23,"key":"Juzu Bracelet"},{"floor":25,"key":"Dead Branch"},{"floor":26,"key":"Vajra"},{"floor":28,"key":"Art of War"},{"floor":30,"key":"PreservedInsect"},{"floor":40,"key":"Centennial Puzzle"},{"floor":43,"key":"Mercury Hourglass"},{"floor":44,"key":"Toy Ornithopter"},{"floor":48,"key":"Smiling Mask"}],"event_choices":[{"cards_removed":["Strike_G"],"damage_healed":0.0,"max_hp_gain":0.0,"max_hp_loss":0.0,"gold_gain":0.0,"event_name":"The Cleric","player_choice":"Card Removal","floor":2.0,"gold_loss":75.0,"damage_taken":0.0},{"damage_healed":0.0,"max_hp_gain":0.0,"max_hp_loss":0.0,"gold_gain":0.0,"cards_transformed":["Strike_G"],"event_name":"Living Wall","player_choice":"Change","floor":3.0,"gold_loss":0.0,"damage_taken":0.0,"cards_obtained":["Wraith Form v2"]},{"damage_healed":0.0,"max_hp_gain":0.0,"max_hp_loss":0.0,"gold_gain":0.0,"event_name":"Scrap Ooze","player_choice":"Success","floor":4.0,"gold_loss":0.0,"damage_taken":11.0,"relics_obtained":["Tough Bandages"]},{"damage_healed":0.0,"max_hp_gain":0.0,"max_hp_loss":6.0,"gold_gain":0.0,"event_name":"Golden Idol","player_choice":"Lose Max HP","floor":13.0,"gold_loss":0.0,"damage_taken":0.0,"relics_obtained":["Golden Idol"]},{"damage_healed":0.0,"max_hp_gain":0.0,"max_hp_loss":0.0,"gold_gain":0.0,"event_name":"Forgotten Altar","player_choice":"Gave Idol","floor":19.0,"relics_lost":["Golden Idol"],"gold_loss":0.0,"damage_taken":0.0,"relics_obtained":["Bloody Idol"]},{"damage_healed":0.0,"max_hp_gain":0.0,"max_hp_loss":0.0,"gold_gain":0.0,"event_name":"The Mausoleum","player_choice":"Ignored","floor":21.0,"gold_loss":0.0,"damage_taken":0.0},{"damage_healed":0.0,"max_hp_gain":0.0,"max_hp_loss":0.0,"gold_gain":0.0,"event_name":"Drug Dealer","player_choice":"Inject Mutagens","floor":22.0,"gold_loss":0.0,"damage_taken":0.0,"relics_obtained":["MutagenicStrength"]},{"damage_healed":0,"gold_gain":0,"player_choice":"Read","damage_taken":0,"max_hp_gain":0,"max_hp_loss":0,"event_name":"The Library","floor":31,"gold_loss":0,"cards_obtained":["Wraith Form v2"]},{"cards_removed":["Strike_G"],"damage_healed":0,"gold_gain":0,"player_choice":"Purged","damage_taken":0,"max_hp_gain":0,"max_hp_loss":0,"event_name":"Purifier","floor":38,"gold_loss":0}],"is_beta":false,"boss_relics":[{"not_picked":["Calling Bell","Busted Crown"],"picked":"Runic Pyramid"},{"not_picked":["Black Star","HoveringKite"],"picked":"Velvet Choker"}],"items_purged_floors":[37],"is_endless":false,"potions_floor_spawned":[8,10,11,18,28,39,40,44],"ascension_level":20}}