{"host":"pcbz64t4k17ey4z1","time":1608382594,"event":{"mods":["2.2 Compatiblity","AchievementEnabler","Act Like it!","Aspiration","BaseMod","Beaked The Cultist","Better Match","BetterRewards","Card Forge","Colored Map","Colored Powertips","Conspire","Disable Question Mark Monsters","Fireblade Mod","Friendly Minions","GifTheSpireLib","Glutton Mod","Googly Eyes","Hermit","Hubris","Infinite Spire","Koishi","Marisa????????","Minty Spire (QoL Compilation)","Permanent Neow","Potionbrewer","Quick Restart","Random Character Button","Rare Cards Sparkle","Relic Filter","Replay The Spire","Shade Mod","Shop Mod","Small Relic Pack","StSLib","Stuff the Spire","SuperFastMode","The Animator","The Cursed","The Druid","The Gatherer","The Hierophant","The IronCluck","The Runesmith","Waifu the Spire","Wandering Minibosses","vexMod"],"gold_per_floor":[117,117,131,131,145,173,173,188,237,265,280,298,330,350,350,421,421,438,185,203,253,253,283,283,293,368,388,388,416,435,469,519,594,594,613,627,627,638,638,671,703,715,715],"floor_reached":42,"playtime":3025,"items_purged":[],"score":1188,"play_id":"2025f2f9-8b91-4686-a2bf-c25265365d60","local_time":"20201219125634","is_ascension_mode":true,"campfire_choices":[{"data":"BattleHymn","floor":7,"key":"SMITH"},{"floor":15,"key":"REST"},{"floor":24,"key":"REST"},{"floor":28,"key":"RECALL"}],"circlet_count":0,"master_deck":["AscendersBane","Defend_P+1","Defend_P+1","Defend_P+1","Defend_P+1","Vigilance+1","ReplayTheSpireMod:Necrogeddon+1","Establishment+1","Study+1","BattleHymn+1","BattleHymn+1","Replay:Anticipation+1","ClearTheMind+1","ConjureBlade+1","LikeWater+1","DevaForm","Study","conspire:Banana","TalkToTheHand","Alpha","infinitespire:UltimateForm","MentalFortress","Vault"],"relics":["PureWater","Hammer of Thor","Seething Fire","Anvil of the Gods","Tiny Chest","Toy Ornithopter","TeardropLocket","Orichalcum","infinitespire:Cupcake","Lee\u0027s Waffle","hubris:SphereOfDissonance","Replay:Towering Pillar of Hats","Matryoshka","ReplayTheSpireMod:Ninjato","vexMod:MemoryStick","Replay:Bronze Core","wanderingMiniBosses:Inkheart","MawBank"],"acts_visited":["Exordium","TheCity","TheBeyond"],"potions_floor_usage":[6,10,16,20,25,25,27,29,30,38,41],"damage_taken":[{"damage":0,"enemies":"Cultist","floor":1,"turns":4},{"damage":0,"enemies":"Small Slimes","floor":3,"turns":4},{"damage":12,"enemies":"infinitespire:Voidling","floor":5,"turns":5},{"damage":0,"enemies":"Lagavulin","floor":6,"turns":5},{"damage":5,"enemies":"Exordium Thugs","floor":8,"turns":4},{"damage":26,"enemies":"Gremlin Nob","floor":10,"turns":4},{"damage":0,"enemies":"Large Slime","floor":11,"turns":5},{"damage":13,"enemies":"Blue Slaver","floor":12,"turns":5},{"damage":0,"enemies":"Lagavulin","floor":13,"turns":5},{"damage":7,"enemies":"2 Fungi Beasts","floor":14,"turns":5},{"damage":0,"enemies":"Slime Boss","floor":16,"turns":7},{"damage":1,"enemies":"Chosen","floor":18,"turns":5},{"damage":18,"enemies":"3 Byrds","floor":20,"turns":6},{"damage":29,"enemies":"Book of Stabbing","floor":23,"turns":6},{"damage":19,"enemies":"Snake Plant","floor":25,"turns":5},{"damage":0,"enemies":"Centurion and Healer","floor":27,"turns":5},{"damage":21,"enemies":"Gremlin Leader","floor":29,"turns":6},{"damage":6,"enemies":"Shelled Parasite and Fungi","floor":30,"turns":4},{"damage":5,"enemies":"Nightmare","floor":31,"turns":8},{"damage":4,"enemies":"Collector","floor":33,"turns":9},{"damage":0,"enemies":"Orb Walker","floor":35,"turns":4},{"damage":16,"enemies":"3 Darklings","floor":36,"turns":6},{"damage":28,"enemies":"Spire Growth","floor":38,"turns":6},{"damage":10,"enemies":"Nemesis","floor":40,"turns":7},{"damage":30,"enemies":"Transient","floor":41,"turns":6},{"damage":7,"enemies":"Nightmare","floor":42,"turns":2}],"seed_played":"7584072997151283997","potions_obtained":[{"floor":3,"key":"SteroidPotion"},{"floor":8,"key":"Fire Potion"},{"floor":10,"key":"Energy Potion"},{"floor":12,"key":"DuplicationPotion"},{"floor":16,"key":"Strength Potion"},{"floor":20,"key":"Elixir"},{"floor":25,"key":"SneckoOil"},{"floor":27,"key":"Weak Potion"},{"floor":29,"key":"potionbrewer:BarricadePotion"},{"floor":35,"key":"Ambrosia"},{"floor":36,"key":"Fruit Juice"}],"is_trial":false,"path_per_floor":["M","?","M","?","M","E","R","M","T","E","M","M","E","M","R","B",null,"M","$","M","?","T","E","R","M","T","M","R","E","M","NM","R_BF","B",null,"M","M","?","M","?","E","M","NM"],"character_chosen":"WATCHER","items_purchased":["conspire:Banana","Lee\u0027s Waffle"],"campfire_rested":2,"item_purchase_floors":[19,19],"current_hp_per_floor":[61,50,50,50,50,50,50,45,45,24,24,11,11,4,24,29,58,57,75,63,63,63,35,58,50,50,56,56,41,41,37,37,34,71,72,57,57,40,40,31,7,0,0],"gold":715,"neow_bonus":"COLORLESS_CARD","is_daily":false,"chose_seed":false,"campfire_upgraded":1,"win_rate":0.0,"timestamp":1608382594,"path_taken":["M","?","M","?","M","E","R","?","T","E","M","M","E","M","R","BOSS","M","$","M","?","?","E","R","M","T","M","R","E","M","NM","R_BF","BOSS","M","M","?","M","?","E","M","NM"],"items_purchased_type":["Card","Relic"],"build_version":"2020-12-13","purchased_purges":0,"victory":false,"max_hp_per_floor":[68,68,68,68,68,68,68,68,68,68,68,68,68,68,68,68,68,68,75,76,76,76,77,77,78,78,79,79,80,81,82,82,83,83,84,85,85,91,91,92,93,93,93],"card_choices":[{"not_picked":["PathToVictory","Evaluate","JustLucky"],"picked":"SKIP","floor":1},{"not_picked":["Crescendo","EmptyBody"],"picked":"BattleHymn","floor":3},{"not_picked":["Replay:Battleflow","ThirdEye"],"picked":"Replay:Anticipation","floor":5},{"not_picked":["ReachHeaven","CrushJoints","ClearTheMind"],"picked":"SKIP","floor":6},{"not_picked":["ReachHeaven","CrushJoints"],"picked":"ClearTheMind","floor":6},{"not_picked":["Replay:AtTheReady","WreathOfFlame"],"picked":"ConjureBlade","floor":8},{"not_picked":["Perseverance","Replay:AtTheReady","FlurryOfBlows"],"picked":"SKIP","floor":10},{"not_picked":["Prostrate","BowlingBash"],"picked":"LikeWater","floor":11},{"not_picked":["ForeignInfluence","Crescendo","JustLucky"],"picked":"SKIP","floor":12},{"not_picked":["Replay:AtTheReady","Crescendo","FlurryOfBlows"],"picked":"SKIP","floor":13},{"not_picked":["Indignation","DeceiveReality","SashWhip"],"picked":"SKIP","floor":14},{"not_picked":["LessonLearned","Vault"],"picked":"DevaForm","floor":16},{"not_picked":["FlyingSleeves","Consecrate"],"picked":"Study","floor":18},{"not_picked":["EmptyFist","Replay:Battleflow","Evaluate"],"picked":"SKIP","floor":20},{"not_picked":["Devotion","MentalFortress+1","FlyingSleeves+1"],"picked":"SKIP","floor":23},{"not_picked":["Replay:Anticipation","FlurryOfBlows","Evaluate"],"picked":"SKIP","floor":25},{"not_picked":["CrushJoints","Replay:Battleflow"],"picked":"TalkToTheHand","floor":27},{"not_picked":["Consecrate","Crescendo","FlyingSleeves"],"picked":"SKIP","floor":29},{"not_picked":["InnerPeace","FlurryOfBlows","PathToVictory"],"picked":"SKIP","floor":30},{"not_picked":["CrushJoints","ClearTheMind","FollowUp"],"picked":"SKIP","floor":31},{"not_picked":["Judgement","DevaForm"],"picked":"Alpha","floor":33},{"not_picked":["SignatureMove+1","Protect","Evaluate"],"picked":"SKIP","floor":35},{"not_picked":["FlurryOfBlows+1","JustLucky","CutThroughFate"],"picked":"SKIP","floor":36},{"not_picked":["infinitespire:Fortify","infinitespire:Menacing"],"picked":"infinitespire:UltimateForm","floor":37},{"not_picked":["BowlingBash","InnerPeace"],"picked":"MentalFortress","floor":38},{"not_picked":["BowlingBash","Protect"],"picked":"Vault","floor":40},{"not_picked":["Evaluate","CutThroughFate","ThirdEye+1"],"picked":"SKIP","floor":41},{"not_picked":["Evaluate","CutThroughFate","ThirdEye+1"],"picked":"SKIP","floor":41}],"player_experience":3725349,"relics_obtained":[{"floor":6,"key":"Toy Ornithopter"},{"floor":10,"key":"TeardropLocket"},{"floor":13,"key":"Orichalcum"},{"floor":22,"key":"hubris:SphereOfDissonance"},{"floor":23,"key":"Replay:Towering Pillar of Hats"},{"floor":26,"key":"Matryoshka"},{"floor":29,"key":"ReplayTheSpireMod:Ninjato"},{"floor":31,"key":"vexMod:MemoryStick"},{"floor":36,"key":"wanderingMiniBosses:Inkheart"},{"floor":40,"key":"MawBank"}],"event_choices":[{"damage_healed":0,"gold_gain":0,"player_choice":"Success","damage_taken":11,"relics_obtained":["Tiny Chest"],"max_hp_gain":0,"max_hp_loss":0,"event_name":"Scrap Ooze","floor":2,"gold_loss":0},{"damage_healed":0,"gold_gain":0,"cards_transformed":["Eruption"],"player_choice":"Transformed","damage_taken":0,"max_hp_gain":0,"max_hp_loss":0,"event_name":"Transmorgrifier","floor":4,"gold_loss":0,"cards_obtained":["PathToVictory"]},{"damage_healed":0,"gold_gain":100,"player_choice":"Bet on Murderer","damage_taken":0,"max_hp_gain":0,"max_hp_loss":0,"event_name":"The Joust","floor":21,"gold_loss":50}],"is_beta":false,"boss_relics":[{"not_picked":["aspiration:RitualDagger","hubris:Stopwatch"],"picked":"infinitespire:Cupcake"},{"not_picked":["vexMod:CursedCompass","Replay:Wanted Poster"],"picked":"Replay:Bronze Core"}],"items_purged_floors":[],"is_endless":false,"potions_floor_spawned":[3,8,10,12,14,16,20,23,25,27,29,35,36],"killed_by":"Nightmare","ascension_level":18}}