{"host":"y76clbnovzmw9ubx","time":1608417472,"event":{"mods":["AchievementEnabler","BaseMod","Minty Spire (QoL Compilation)","Permanent Neow","Relic Stats"],"gold_per_floor":[117,134,149,169,187,219,233,264,264,264,264],"floor_reached":10,"playtime":776,"items_purged":[],"score":155,"play_id":"d85a3066-0a54-475f-89eb-8b1c35476583","local_time":"20201219173752","is_ascension_mode":true,"campfire_choices":[],"circlet_count":0,"master_deck":["Strike_P","Strike_P","Strike_P","Strike_P","Defend_P","Defend_P","Defend_P","Defend_P","Eruption+1","Vigilance","Adaptation","Protect","Conclude","Adaptation","EmptyFist","Wish"],"relics":["PureWater","Gambling Chip","WingedGreaves","Meat on the Bone"],"acts_visited":["Exordium"],"potions_floor_usage":[6,7,8],"damage_taken":[{"damage":0.0,"enemies":"Cultist","floor":1.0,"turns":3.0},{"damage":0.0,"enemies":"2 Louse","floor":2.0,"turns":3.0},{"damage":8.0,"enemies":"Small Slimes","floor":3.0,"turns":6.0},{"damage":2.0,"enemies":"2 Fungi Beasts","floor":4.0,"turns":5.0},{"damage":6,"enemies":"Large Slime","floor":5,"turns":6},{"damage":16,"enemies":"Gremlin Nob","floor":6,"turns":3},{"damage":4,"enemies":"Looter","floor":7,"turns":4},{"damage":0,"enemies":"Lagavulin","floor":8,"turns":3},{"damage":8,"enemies":"3 Sentries","floor":10,"turns":6}],"seed_played":"6849146687281963823","potions_obtained":[{"floor":1.0,"key":"BlessingOfTheForge"},{"floor":4.0,"key":"Regen Potion"},{"floor":6,"key":"SpeedPotion"},{"floor":7,"key":"SteroidPotion"}],"is_trial":false,"path_per_floor":["M","M","M","M","M","E","M","E","T","E"],"character_chosen":"WATCHER","items_purchased":[],"campfire_rested":0,"item_purchase_floors":[],"current_hp_per_floor":[65,65,57,55,49,33,41,41,41,33,33],"gold":264,"neow_bonus":"UPGRADE_CARD","is_daily":false,"chose_seed":false,"campfire_upgraded":0,"win_rate":0.0,"timestamp":1608417472,"path_taken":["M","M","M","M","M","E","M","E","T","E"],"items_purchased_type":[],"build_version":"2020-12-13","purchased_purges":0,"victory":false,"max_hp_per_floor":[72,72,72,72,72,72,72,72,72,72,72],"relic_stats":{"counters":[9,39],"Gambling Chip":[8],"obtain_stats":[{"Gambling Chip":6,"WingedGreaves":8,"PureWater":0,"Meat on the Bone":9},{"Gambling Chip":6,"WingedGreaves":8,"PureWater":0,"Meat on the Bone":8},{"Gambling Chip":26,"WingedGreaves":33,"PureWater":0,"Meat on the Bone":33}],"Meat on the Bone":0},"card_choices":[{"not_picked":["DeceiveReality","BattleHymn"],"picked":"Adaptation","floor":1.0},{"not_picked":["SashWhip","FlyingSleeves"],"picked":"Protect","floor":2.0},{"not_picked":["InnerPeace","FlyingSleeves","Fasting2"],"picked":"SKIP","floor":3.0},{"not_picked":["SashWhip","WreathOfFlame","ThirdEye"],"picked":"SKIP","floor":4.0},{"not_picked":["Study","Evaluate"],"picked":"Conclude","floor":5},{"not_picked":["CrushJoints","InnerPeace"],"picked":"Adaptation","floor":6},{"not_picked":["Consecrate","BowlingBash"],"picked":"EmptyFist","floor":7},{"not_picked":["Crescendo","FearNoEvil"],"picked":"Wish","floor":8}],"player_experience":2917482,"relics_obtained":[{"floor":6,"key":"Gambling Chip"},{"floor":8,"key":"WingedGreaves"},{"floor":9,"key":"Meat on the Bone"}],"event_choices":[],"is_beta":false,"boss_relics":[],"items_purged_floors":[],"is_endless":false,"potions_floor_spawned":[1,4,6,7],"killed_by":"3 Sentries","ascension_level":9}}