{"host":"h7xtspmc2x3i8s2i","time":1608359929,"event":{"mods":["2.2 Compatiblity","AchievementEnabler","Act Like it!","AlwaysNeverKeys","Aspiration","Astrologer","BaseMod","Beaked The Cultist","Better Match","Better Sensory Stone","Better Third Choice","Better Vampires","BetterRewards","Challenge The Spire","Colored Map","Colored Powertips","Colorless Booster Pack","Curses Come First","Defuse TimeMaze Blight","Dio Mod","Downfall","Duelist Mod","EXCEPTION","Energized Spire","Friendly Minions","GifTheSpireLib","Gold Saver","Gremlin Skip","Halation","Hubris","Jedi Mod","Key Reminder","Marked Mod","Minty Spire (QoL Compilation)","Pale of the Ancients","Permanent Neow","Random Character Button","Random Character Mod","Rare Cards Sparkle","Relic Filter","Relic Stats","Replay The Spire","SacredBarkPlus","Shop Mod","Somnambulant","Spicy Shops","Spikes Relics","Spire Birthday Party","StSLib","Steal the Spire","Stuff the Spire","SuperFastMode","The Awakened One except there are too many feathers","The Blue Laboratory","The Cursed","The Death Knight","The Dragon Tamer","The Edgeheg","The Hierophant","The Problem Sleuth","The Wild Card","Transform Curses","Unceasing Turn Reminder","everything is the same but u backflip on backflip","slay the spire mod where everything is the same but ironclad has a cowboy hat","vexMod"],"gold_per_floor":[1417,393,425,500,522,522,572,613,613,662,627,627,627,655,655,785,785,817,847,847,877,877,877,923,848,1148,1204,1245,1245,52,99,99,227,227,265,7,7,41,88,135,178,178,178,238,238,238,238,300,300,338,385,458,458,18,18,126,126,200,200,244],"floor_reached":61,"playtime":4149,"items_purged":["Defend_P"],"score":1763,"play_id":"87b637c4-b627-4b18-996a-b8ff6071a3f8","local_time":"20201219013849","is_ascension_mode":true,"campfire_choices":[{"floor":6,"key":"RECALL"},{"floor":13,"key":"REST"},{"floor":15,"key":"REST"},{"data":"ClearTheMind","floor":23,"key":"SMITH"},{"data":"Study","floor":23,"key":"SMITH"},{"floor":32,"key":"DIG"},{"floor":49,"key":"DIG"},{"floor":55,"key":"DIG"},{"floor":57,"key":"DIG"}],"circlet_count":0,"master_deck":["Strike_P","Strike_P","Strike_P","Defend_P","Defend_P","Defend_P","Eruption+1","Vigilance","JustLucky","EmptyFist","FlurryOfBlows","ClearTheMind+1","Study+1","Crescendo+1","TalkToTheHand","CutThroughFate","Devotion","Prostrate","Consecrate","DeusExMachina","ClearTheMind+1","Transmutation","EmptyFist","Omniscience","Consecrate","CutThroughFate+1","ClearTheMind+1","Wireheading","TalkToTheHand","Consecrate+1","Consecrate","Replay:Vibes+1","CutThroughFate","Indignation+1"],"relics":["PureWater","ReplayTheSpireMod:Lightbulb","hubris:PeanutButter","Replay:Bandana","halation:PenCase","hubris:ToyBattleship","MerchantsRug","Dream Catcher","Odd Mushroom","jedi:heavyjacket","CherryCoatedStake","halation:QuantumPhysicsTextbook","Vajra","hubris:Towel","halation:TwoAmDonut","Old Coin","Shovel","Letter Opener","Rawhide","Regal Pillow","Bag of Preparation","halation:AfternoonTea","Chemical X","vexMod:InvisibilityCloak","White Beast Statue","Juzu Bracelet","hubris:Icosahedron","Toxic Egg 2","Nunchaku","halation:EternalFortune","TungstenRod","Replay:Baseball","paleoftheancients:Timepiece","paleoftheancients:KeyRelic","Ice Cream","CultistMask","paleoftheancients:SoulOfTheWatcher","halation:PinkSoulGem","Bronze Scales","Toy Ornithopter","vexMod:BarristanHead","Replay:Accelerometer","Blue Candle"],"acts_visited":["Exordium","TheCity","TheBeyond","TheBeyond"],"potions_floor_usage":[8,10,16,18,21,27,39,50,50,52,56,60],"damage_taken":[{"damage":1,"enemies":"Cultist","floor":1,"turns":4},{"damage":0,"enemies":"2 Louse","floor":3,"turns":3},{"damage":0,"enemies":"Jaw Worm","floor":5,"turns":4},{"damage":21,"enemies":"Gremlin Nob","floor":7,"turns":5},{"damage":8,"enemies":"The Mushroom Lair","floor":8,"turns":5},{"damage":0,"enemies":"Lagavulin","floor":10,"turns":6},{"damage":0,"enemies":"Looter","floor":14,"turns":3},{"damage":3,"enemies":"Hexaghost","floor":16,"turns":9},{"damage":3,"enemies":"2 Thieves","floor":18,"turns":4},{"damage":0,"enemies":"Shell Parasite","floor":19,"turns":5},{"damage":3,"enemies":"Snake Plant","floor":21,"turns":4},{"damage":0,"enemies":"theDuelist:KaibaA2","floor":24,"turns":5},{"damage":24,"enemies":"Gremlin Leader","floor":27,"turns":8},{"damage":0,"enemies":"Replay:Snechameleon","floor":28,"turns":7},{"damage":0,"enemies":"Centurion and Healer","floor":31,"turns":5},{"damage":7,"enemies":"hubris:MusketHawk","floor":33,"turns":5},{"damage":0,"enemies":"3 Darklings","floor":35,"turns":3},{"damage":13,"enemies":"3 Shapes","floor":38,"turns":3},{"damage":0,"enemies":"Sphere and 2 Shapes","floor":39,"turns":3},{"damage":0,"enemies":"R_Hoarder","floor":40,"turns":6},{"damage":1,"enemies":"3 Darklings","floor":41,"turns":4},{"damage":0,"enemies":"Giant Head","floor":44,"turns":7},{"damage":0,"enemies":"beaked:SuperParasite","floor":48,"turns":8},{"damage":1,"enemies":"Awakened One","floor":50,"turns":9},{"damage":0,"enemies":"Awakened One","floor":51,"turns":6},{"damage":3,"enemies":"Awakened One","floor":52,"turns":5},{"damage":0,"enemies":"Awakened One","floor":56,"turns":13},{"damage":55,"enemies":"paleoftheancients:N","floor":60,"turns":6}],"seed_played":"1219624402859438540","potions_obtained":[{"floor":5,"key":"BottledMiracle"},{"floor":7,"key":"StancePotion"},{"floor":14,"key":"blueLaboratory:BottledHope"},{"floor":16,"key":"blueLaboratory:BottledTrinity"},{"floor":19,"key":"EssenceOfSteel"},{"floor":21,"key":"blueLaboratory:FaithlessPotion"},{"floor":24,"key":"SkillPotion"},{"floor":31,"key":"blueLaboratory:FaithlessPotion"},{"floor":38,"key":"blueLaboratory:FruitPunch"},{"floor":39,"key":"blueLaboratory:HeartbeatPotion"},{"floor":40,"key":"blueLaboratory:EnragingPotion"},{"floor":41,"key":"jedi:wingpotion"},{"floor":44,"key":"jedi:StrikingPotion"},{"floor":48,"key":"blueLaboratory:BubblePotion"},{"floor":51,"key":"blueLaboratory:LouseDecoction"},{"floor":52,"key":"LiquidMemories"},{"floor":56,"key":"AttackPotion"}],"is_trial":false,"path_per_floor":["M","$","M","?","M","R","E","?","T","E","?","$","R","M","R","B",null,"M","M","?","M","?","R","E","?","T","E","E","T","$","M","R","B",null,"M","$","?","M","M","E","M","?","T","E","?","?","?","E","R","B","M","M","?","$","R","M","R","T","?","B",null],"character_chosen":"WATCHER","items_purchased":["hubris:PeanutButter","Replay:Bandana","halation:PenCase","hubris:ToyBattleship","MerchantsRug","halation:QuantumPhysicsTextbook","Vajra","Transmutation","Rawhide","Regal Pillow","Bag of Preparation","halation:AfternoonTea","Chemical X","White Beast Statue","Replay:Vibes+1","Bronze Scales","Toy Ornithopter","CutThroughFate"],"campfire_rested":2,"item_purchase_floors":[2,2,2,2,2,12,12,30,30,30,30,30,30,36,54,54,54,54],"current_hp_per_floor":[71,71,71,60,60,60,39,31,31,31,49,18,39,39,60,57,72,69,69,69,66,66,66,66,66,66,72,72,72,72,72,72,65,72,72,72,72,59,66,66,69,69,69,69,72,72,72,75,75,80,80,83,83,83,83,83,83,83,83,56],"gold":244,"neow_bonus":"RANDOM_COMMON_RELIC","is_daily":false,"chose_seed":false,"campfire_upgraded":2,"win_rate":0.0,"timestamp":1608359929,"path_taken":["M","$","?","?","?","R","E","?","T","E","?","?","R","M","R","BOSS","M","M","?","?","?","R","E","?","T","E","E","?","?","M","R","BOSS","M","?","?","M","M","E","M","?","T","E","?","?","?","E","R","BOSS","M","M","?","$","R","M","R","T","?","BOSS"],"items_purchased_type":["Relic","Relic","Relic","Relic","Relic","Relic","Relic","Card","Relic","Relic","Relic","Relic","Relic","Relic","Card","Relic","Relic","Card"],"build_version":"2020-12-13","purchased_purges":1,"victory":true,"max_hp_per_floor":[72,72,72,72,72,72,72,72,72,72,72,72,72,72,72,72,72,72,72,72,72,72,72,72,72,72,72,72,72,72,72,72,72,72,72,72,72,72,74,74,74,74,74,74,77,77,77,80,80,80,80,83,83,83,83,83,83,83,83,83],"relic_stats":{"Regal Pillow":0,"counters":[28,155],"Blue Candle":[0],"Bag of Preparation":[35],"Juzu Bracelet":2,"Letter Opener":[484],"Dream Catcher":2,"Nunchaku":[34],"Shovel":4,"Bronze Scales":[153],"Chemical X":[17],"obtain_stats":[{"Ice Cream":50,"Replay:Accelerometer":57,"Regal Pillow":30,"Vajra":12,"Rawhide":30,"Bag of Preparation":30,"Juzu Bracelet":40,"Old Coin":26,"vexMod:InvisibilityCloak":32,"Replay:Bandana":2,"Dream Catcher":7,"Nunchaku":44,"Shovel":27,"hubris:Icosahedron":42,"Chemical X":30,"paleoftheancients:SoulOfTheWatcher":51,"Toxic Egg 2":43,"MerchantsRug":2,"paleoftheancients:KeyRelic":50,"CherryCoatedStake":10,"halation:QuantumPhysicsTextbook":12,"Blue Candle":58,"Letter Opener":28,"Odd Mushroom":8,"hubris:Towel":22,"White Beast Statue":36,"keyreminder:keyreminder":6,"paleoftheancients:Timepiece":50,"jedi:heavyjacket":9,"Replay:Baseball":49,"vexMod:BarristanHead":55,"Bronze Scales":54,"halation:PenCase":2,"halation:EternalFortune":45,"hubris:PeanutButter":2,"CultistMask":50,"hubris:ToyBattleship":2,"halation:TwoAmDonut":24,"halation:AfternoonTea":30,"PureWater":0,"ReplayTheSpireMod:Lightbulb":0,"halation:PinkSoulGem":53,"TungstenRod":48,"Toy Ornithopter":54},{"Ice Cream":24,"Replay:Accelerometer":27,"Regal Pillow":14,"Vajra":6,"Rawhide":14,"Bag of Preparation":14,"Juzu Bracelet":20,"Old Coin":12,"vexMod:InvisibilityCloak":15,"Replay:Bandana":1,"Dream Catcher":4,"Nunchaku":22,"Shovel":13,"hubris:Icosahedron":21,"Chemical X":14,"paleoftheancients:SoulOfTheWatcher":25,"Toxic Egg 2":21,"MerchantsRug":1,"paleoftheancients:KeyRelic":24,"CherryCoatedStake":6,"halation:QuantumPhysicsTextbook":6,"Blue Candle":27,"Letter Opener":14,"Odd Mushroom":5,"hubris:Towel":11,"White Beast Statue":17,"keyreminder:keyreminder":3,"paleoftheancients:Timepiece":24,"jedi:heavyjacket":5,"Replay:Baseball":23,"vexMod:BarristanHead":26,"Bronze Scales":26,"halation:PenCase":1,"halation:EternalFortune":22,"hubris:PeanutButter":1,"CultistMask":24,"hubris:ToyBattleship":1,"halation:TwoAmDonut":12,"halation:AfternoonTea":14,"PureWater":0,"ReplayTheSpireMod:Lightbulb":0,"halation:PinkSoulGem":26,"TungstenRod":23,"Toy Ornithopter":26},{"Ice Cream":125,"Replay:Accelerometer":149,"Regal Pillow":72,"Vajra":27,"Rawhide":72,"Bag of Preparation":72,"Juzu Bracelet":97,"Old Coin":57,"vexMod:InvisibilityCloak":77,"Replay:Bandana":4,"Dream Catcher":16,"Nunchaku":108,"Shovel":65,"hubris:Icosahedron":101,"Chemical X":72,"paleoftheancients:SoulOfTheWatcher":131,"Toxic Egg 2":101,"MerchantsRug":4,"paleoftheancients:KeyRelic":125,"CherryCoatedStake":27,"halation:QuantumPhysicsTextbook":27,"Blue Candle":149,"Letter Opener":72,"Odd Mushroom":21,"hubris:Towel":52,"White Beast Statue":85,"keyreminder:keyreminder":11,"paleoftheancients:Timepiece":125,"jedi:heavyjacket":21,"Replay:Baseball":116,"vexMod:BarristanHead":136,"Bronze Scales":136,"halation:PenCase":4,"halation:EternalFortune":108,"hubris:PeanutButter":4,"CultistMask":125,"hubris:ToyBattleship":4,"halation:TwoAmDonut":57,"halation:AfternoonTea":72,"PureWater":0,"ReplayTheSpireMod:Lightbulb":0,"halation:PinkSoulGem":136,"TungstenRod":116,"Toy Ornithopter":136}],"TungstenRod":4,"Toy Ornithopter":0},"card_choices":[{"not_picked":["FlyingSleeves","BowlingBash"],"picked":"JustLucky","floor":1},{"not_picked":["Replay:Cycle","BowlingBash","PathToVictory"],"picked":"SKIP","floor":3},{"not_picked":["MarkedMod:OneThousandNeedles","Halt"],"picked":"EmptyFist","floor":5},{"not_picked":["ConjureBlade","CutThroughFate"],"picked":"FlurryOfBlows","floor":7},{"not_picked":["Replay:ManipulateFuture","FearNoEvil"],"picked":"ClearTheMind","floor":8},{"not_picked":["Fasting2","BattleHymn"],"picked":"Study","floor":10},{"not_picked":["MarkedMod:FirstStrike","JustLucky"],"picked":"Crescendo","floor":13},{"not_picked":["ConjureBlade","SashWhip"],"picked":"TalkToTheHand","floor":14},{"not_picked":["ThirdEye","MarkedMod:OneThousandNeedles"],"picked":"CutThroughFate","floor":15},{"not_picked":["Replay:LoomingThreat","MarkedMod:NorthStar"],"picked":"Devotion","floor":16},{"not_picked":["Sanctity","ThirdEye","BowlingBash"],"picked":"SKIP","floor":18},{"not_picked":["MarkedMod:FirstStrike","Conclude","MarkedMod:GentlePulse"],"picked":"SKIP","floor":19},{"not_picked":["CutThroughFate","Study+1"],"picked":"Prostrate","floor":21},{"not_picked":["Vault","Judgement"],"picked":"Consecrate","floor":24},{"not_picked":["Ragnarok","MarkedMod:GentlePulse"],"picked":"DeusExMachina","floor":27},{"not_picked":["Protect","CarveReality+1"],"picked":"ClearTheMind+1","floor":28},{"not_picked":["Wallop","MarkedMod:GentlePulse"],"picked":"EmptyFist","floor":31},{"not_picked":["Scrawl","MarkedMod:NorthStar"],"picked":"Omniscience","floor":33},{"not_picked":["Evaluate","Protect"],"picked":"Consecrate","floor":35},{"not_picked":["WreathOfFlame","Wallop"],"picked":"CutThroughFate+1","floor":38},{"not_picked":["FlyingSleeves","ThirdEye+1","SignatureMove"],"picked":"SKIP","floor":39},{"not_picked":["MarkedMod:OneThousandNeedles+1","Collect+1"],"picked":"ClearTheMind+1","floor":40},{"not_picked":["SandsOfTime+1","Conclude+1"],"picked":"Wireheading","floor":41},{"not_picked":["MarkedMod:Acupuncture","MarkedMod:GracefulMovements"],"picked":"TalkToTheHand","floor":44},{"not_picked":["Replay:DivineShield+1","SignatureMove+1"],"picked":"Consecrate+1","floor":48},{"not_picked":["Protect+1","WaveOfTheHand+1","Halt+1"],"picked":"SKIP","floor":51},{"not_picked":["MarkedMod:ChiBlock+1","Replay:BluntJabs"],"picked":"Consecrate","floor":52},{"not_picked":["BattleHymn","Study+1"],"picked":"Indignation+1","floor":56}],"player_experience":523841,"relics_obtained":[{"floor":7,"key":"Dream Catcher"},{"floor":8,"key":"Odd Mushroom"},{"floor":9,"key":"jedi:heavyjacket"},{"floor":10,"key":"CherryCoatedStake"},{"floor":24,"key":"halation:TwoAmDonut"},{"floor":26,"key":"Old Coin"},{"floor":27,"key":"Shovel"},{"floor":28,"key":"Letter Opener"},{"floor":32,"key":"vexMod:InvisibilityCloak"},{"floor":40,"key":"Juzu Bracelet"},{"floor":43,"key":"Toxic Egg 2"},{"floor":44,"key":"Nunchaku"},{"floor":48,"key":"halation:EternalFortune"},{"floor":48,"key":"TungstenRod"},{"floor":49,"key":"Replay:Baseball"},{"floor":51,"key":"paleoftheancients:SoulOfTheWatcher"},{"floor":52,"key":"halation:EternalFortune"},{"floor":55,"key":"vexMod:BarristanHead"},{"floor":57,"key":"Replay:Accelerometer"},{"floor":58,"key":"Blue Candle"}],"event_choices":[{"damage_healed":0,"gold_gain":75,"player_choice":"Gold","damage_taken":11,"max_hp_gain":0,"max_hp_loss":0,"event_name":"betterThird:BetterGoop","floor":4,"gold_loss":0},{"damage_healed":0,"gold_gain":0,"player_choice":"Fought Mushrooms","damage_taken":0,"max_hp_gain":0,"max_hp_loss":0,"event_name":"Mushrooms","floor":8,"gold_loss":0},{"damage_healed":18,"gold_gain":0,"player_choice":"Healed","damage_taken":0,"max_hp_gain":0,"max_hp_loss":0,"event_name":"The Cleric","floor":11,"gold_loss":35},{"damage_healed":0,"gold_gain":0,"player_choice":"Upgraded","damage_taken":0,"max_hp_gain":0,"max_hp_loss":0,"event_name":"Upgrade Shrine","floor":20,"gold_loss":0,"cards_upgraded":["Eruption"]},{"cards_removed":["Strike_P"],"damage_healed":0,"gold_gain":0,"player_choice":"Gave Gold","damage_taken":0,"max_hp_gain":0,"max_hp_loss":0,"event_name":"Beggar","floor":25,"gold_loss":75},{"damage_healed":0,"gold_gain":0,"player_choice":"Upgraded","damage_taken":0,"max_hp_gain":0,"max_hp_loss":0,"event_name":"Upgrade Shrine","floor":47,"gold_loss":0,"cards_upgraded":["Crescendo"]}],"is_beta":false,"boss_relics":[{"not_picked":["Calling Bell","halation:CatFaceCupcake","aspiration:IroncladSkillbook"]},{"not_picked":["energizedSpire:RedRose","energizedSpire:EnergizedDie","hubris:RunicObelisk"]}],"items_purged_floors":[30],"is_endless":false,"potions_floor_spawned":[5,7,14,16,19,21,24,31,38,39,40,41,44,48,51,52,56,60],"ascension_level":1}}