{"host":"7pe9xwx78c6nlay8","time":1608397805,"event":{"mods":["BaseMod","Minty Spire (QoL Compilation)"],"gold_per_floor":[114,189,200,25,25,25,50,50,50,50,75,88,111,142,142,243,243,262,274,274,287,299,299,325,325,325],"floor_reached":25,"playtime":1025,"items_purged":[],"score":409,"play_id":"30c133ee-b2db-4c84-b01a-d61aa042d79d","local_time":"20201220011005","is_ascension_mode":true,"campfire_choices":[{"data":"Vigilance","floor":6,"key":"SMITH"},{"data":"Evaluate","floor":10,"key":"SMITH"},{"floor":15,"key":"REST"},{"floor":23,"key":"REST"}],"circlet_count":0,"master_deck":["AscendersBane","Strike_P+1","Strike_P","Strike_P","Defend_P","Defend_P","Defend_P","Defend_P+1","Eruption+1","Vigilance+1","Evaluate+1","Wireheading","CutThroughFate","CutThroughFate+1","LessonLearned+1","ReachHeaven+1","WaveOfTheHand","MasterReality","JustLucky+1"],"relics":["PureWater","NeowsBlessing","Bag of Marbles","Tiny Chest","Art of War","Regal Pillow","Pear","Odd Mushroom","Nunchaku","Sozu","Happy Flower"],"acts_visited":["Exordium","TheCity"],"potions_floor_usage":[11,11,13,13,13,14,16,24],"damage_taken":[{"damage":0,"enemies":"2 Louse","floor":1,"turns":1},{"damage":0,"enemies":"Small Slimes","floor":3,"turns":1},{"damage":0,"enemies":"Gremlin Nob","floor":7,"turns":1},{"damage":25,"enemies":"3 Sentries","floor":11,"turns":7},{"damage":3,"enemies":"Jaw Worm","floor":12,"turns":4},{"damage":0,"enemies":"The Mushroom Lair","floor":13,"turns":4},{"damage":27,"enemies":"Gremlin Nob","floor":14,"turns":3},{"damage":22,"enemies":"Hexaghost","floor":16,"turns":5},{"damage":17,"enemies":"Shell Parasite","floor":18,"turns":5},{"damage":17,"enemies":"Spheric Guardian","floor":19,"turns":3},{"damage":14,"enemies":"Centurion and Healer","floor":21,"turns":6},{"damage":14,"enemies":"Snecko","floor":22,"turns":8},{"damage":24,"enemies":"Slavers","floor":24,"turns":9},{"damage":31,"enemies":"Chosen and Byrds","floor":25,"turns":6}],"seed_played":"3233971523673569416","potions_obtained":[{"floor":1,"key":"GamblersBrew"},{"floor":7,"key":"StancePotion"},{"floor":11,"key":"EntropicBrew"},{"floor":13,"key":"ColorlessPotion"},{"floor":14,"key":"FearPotion"},{"floor":16,"key":"SkillPotion"}],"is_trial":false,"path_per_floor":["M","?","M","$","?","R","E","T","T","R","E","M","?","E","R","B",null,"M","M","?","M","M","R","E","M"],"character_chosen":"WATCHER","items_purchased":["Bag of Marbles","CutThroughFate"],"campfire_rested":2,"item_purchase_floors":[4,4],"current_hp_per_floor":[65,54,54,54,54,54,54,54,54,54,39,36,36,9,48,26,68,51,34,34,20,6,45,21,0,0],"gold":325,"neow_bonus":"THREE_ENEMY_KILL","is_daily":false,"chose_seed":false,"campfire_upgraded":2,"win_rate":0.0,"timestamp":1608397805,"path_taken":["M","?","M","$","?","R","E","?","T","R","E","M","?","E","R","BOSS","M","M","?","M","M","R","E","M"],"items_purchased_type":["Relic","Card"],"build_version":"2020-12-13","purchased_purges":0,"victory":false,"max_hp_per_floor":[72,72,72,72,72,72,72,72,72,72,82,82,82,82,82,82,82,82,82,82,82,82,82,82,82,82],"card_choices":[{"not_picked":["Indignation","ClearTheMind"],"picked":"Evaluate","floor":1},{"not_picked":["Halt","PathToVictory"],"picked":"Wireheading","floor":3},{"not_picked":["Prostrate","ClearTheMind"],"picked":"CutThroughFate","floor":7},{"not_picked":["ClearTheMind","LikeWater"],"picked":"LessonLearned","floor":11},{"not_picked":["WindmillStrike","Consecrate"],"picked":"ReachHeaven","floor":12},{"not_picked":["FlyingSleeves","MentalFortress"],"picked":"WaveOfTheHand","floor":13},{"not_picked":["BattleHymn","BowlingBash","SignatureMove"],"picked":"SKIP","floor":14},{"not_picked":["Blasphemy","Devotion"],"picked":"MasterReality","floor":16},{"not_picked":["EmptyMind+1","FlurryOfBlows+1","EmptyFist+1"],"picked":"SKIP","floor":18},{"not_picked":["SashWhip","Collect+1","PathToVictory"],"picked":"SKIP","floor":19},{"not_picked":["CutThroughFate","WheelKick"],"picked":"JustLucky+1","floor":21},{"not_picked":["WreathOfFlame","Protect+1","PathToVictory"],"picked":"SKIP","floor":22},{"not_picked":["Conclude","BattleHymn","FollowUp"],"picked":"SKIP","floor":24}],"player_experience":1539976,"relics_obtained":[{"floor":7,"key":"Tiny Chest"},{"floor":8,"key":"Art of War"},{"floor":9,"key":"Regal Pillow"},{"floor":11,"key":"Pear"},{"floor":13,"key":"Odd Mushroom"},{"floor":14,"key":"Nunchaku"},{"floor":24,"key":"Happy Flower"}],"event_choices":[{"damage_healed":0,"gold_gain":75,"player_choice":"Gather Gold","damage_taken":11,"max_hp_gain":0,"max_hp_loss":0,"event_name":"World of Goop","floor":2,"gold_loss":0},{"damage_healed":0,"gold_gain":0,"player_choice":"Grow","damage_taken":0,"max_hp_gain":0,"max_hp_loss":0,"event_name":"Living Wall","floor":5,"gold_loss":0,"cards_upgraded":["Eruption"]},{"damage_healed":0,"gold_gain":0,"player_choice":"Fought Mushrooms","damage_taken":0,"max_hp_gain":0,"max_hp_loss":0,"event_name":"Mushrooms","floor":13,"gold_loss":0},{"cards_removed":["Strike_P"],"damage_healed":0,"gold_gain":0,"player_choice":"Elegance","damage_taken":0,"max_hp_gain":0,"max_hp_loss":0,"event_name":"Back to Basics","floor":20,"gold_loss":0}],"is_beta":false,"boss_relics":[{"not_picked":["Snecko Eye","SacredBark"],"picked":"Sozu"}],"items_purged_floors":[],"is_endless":false,"potions_floor_spawned":[1,7,11,13,14,16,19,22],"killed_by":"Chosen and Byrds","ascension_level":11}}