{"host":"mn5ze3eyhx81nlo2","time":1608404370,"event":{"mods":["BaseMod","Block Reminder","Challenge The Spire","Downfall","Hermit","Hubris","Infinite Spire","Minty Spire (QoL Compilation)","Quick Restart","Replay The Spire","Shade Mod","StSLib","The Cursed","The Druid","The Hierophant","The Runesmith","Unceasing Turn Reminder"],"gold_per_floor":[99,132,132,132,132,158,158,191,116,144,53,53,67,67,77,172,172,172,207,307,307,307],"floor_reached":21,"playtime":791,"items_purged":[],"score":309,"play_id":"2acedc49-395d-435a-8ad7-389cb1a2b00c","local_time":"20201219185930","is_ascension_mode":true,"campfire_choices":[{"floor":1.0,"key":"RECALL"},{"data":"Slimebound:RollThrough","floor":5.0,"key":"SMITH"},{"data":"Slimebound:SpikyOuterGoop","floor":9.0,"key":"SMITH"},{"floor":18,"key":"DIG"}],"circlet_count":0,"master_deck":["Slimebound:Strike_Slimebound+1","Slimebound:Strike_Slimebound+1","Slimebound:Tackle","Slimebound:Defend_Slimebound","Slimebound:Defend_Slimebound","Slimebound:Defend_Slimebound","Slimebound:Defend_Slimebound","Slimebound:Split","Slimebound:CorrosiveSpit","Slimebound:RollThrough+1","Slimebound:SpikyOuterGoop+1","Slimebound:RejuvenatingLick","Slimebound:SamplingLick","Slimebound:BestDefense","Slimebound:FirmFortitude","Slimebound:DouseInSlime","Slimebound:Grow"],"relics":["Slimebound:AbsorbEndCombat","downfall:HeartsMalice","Counterbalance","hubris:OldNail","Oddly Smooth Stone","ReplayTheSpireMod:Ninjato","downfall:HeartBlessingRed","hubris:64BitClover","Black Star","Nunchaku","infinitespire:Lychee Nut","Whetstone","downfall:GremlinWheel"],"acts_visited":["Exordium","TheCity"],"potions_floor_usage":[19],"damage_taken":[{"damage":0.0,"enemies":"Lagavulin","floor":2.0,"turns":1.0},{"damage":0.0,"enemies":"Gremlin Nob","floor":6.0,"turns":1.0},{"damage":0.0,"enemies":"Lagavulin","floor":8.0,"turns":1.0},{"damage":30.0,"enemies":"Gremlin Nob","floor":10.0,"turns":4.0},{"damage":4.0,"enemies":"downfall:FleeingMerchant","floor":11.0,"turns":4.0},{"damage":0.0,"enemies":"Cultist","floor":12.0,"turns":1.0},{"damage":8,"enemies":"Small Slimes","floor":13,"turns":3},{"damage":13,"enemies":"infinitespire:Voidling","floor":15,"turns":3},{"damage":68,"enemies":"downfall:Ironclad","floor":16,"turns":10},{"damage":81,"enemies":"Gremlin Leader","floor":19,"turns":9},{"damage":28,"enemies":"Gremlin Leader","floor":20,"turns":4},{"damage":19,"enemies":"Slavers","floor":21,"turns":1}],"seed_played":"-1503224975751184801","potions_obtained":[{"floor":8.0,"key":"LiquidBronze"},{"floor":10.0,"key":"sneckomod:MuddlingPotion"},{"floor":15,"key":"BlessingOfTheForge"},{"floor":20,"key":"Venom Potion"}],"is_trial":false,"path_per_floor":["R","E","?","?","R","E","T","E","R","E","$","M","M","?","M","B",null,"R","E","?","E"],"character_chosen":"SLIMEBOUND","items_purchased":["Slimebound:BestDefense"],"campfire_rested":0,"item_purchase_floors":[11],"current_hp_per_floor":[60,60,60,60,60,60,60,60,60,44,60,60,60,60,51,29,60,60,18,10,0,0],"gold":307,"neow_bonus":"THREE_ENEMY_KILL","is_daily":false,"chose_seed":false,"campfire_upgraded":2,"win_rate":0.0,"timestamp":1608404370,"path_taken":["R","E","?","?","R","E","T","E","R","E","$","?","M","?","M","BOSS","R","E","?","E"],"items_purchased_type":["Card"],"build_version":"2020-12-13","purchased_purges":0,"victory":false,"max_hp_per_floor":[60,60,60,60,60,60,60,60,60,60,60,60,60,60,60,60,60,60,45,45,45,45],"card_choices":[{"not_picked":["Slimebound:LeechingTouch","Slimebound:SplitLeeching"],"picked":"Slimebound:RollThrough","floor":2.0},{"not_picked":["Slimebound:SplitLeeching","Slimebound:SlimeSpikes"],"picked":"Slimebound:SpikyOuterGoop","floor":6.0},{"not_picked":["Slimebound:LeechingTouch","Slimebound:GrowthPunch"],"picked":"Slimebound:RejuvenatingLick","floor":8.0},{"not_picked":["Slimebound:GrowthPunch","Slimebound:SplitMire","Slimebound:Equalize"],"picked":"SKIP","floor":10.0},{"not_picked":["Slimebound:RallyTheTroops","Slimebound:Schlurp"],"picked":"Slimebound:SamplingLick","floor":11.0},{"not_picked":["Slimebound:Schlurp","Slimebound:SplitLeeching","Slimebound:LeechEnergy"],"picked":"SKIP","floor":12.0},{"not_picked":["Slimebound:GoopSpray","Slimebound:SamplingLick"],"picked":"Slimebound:FirmFortitude","floor":13},{"not_picked":["Slimebound:Schlurp","Slimebound:PressTheAttack","Slimebound:SlimeBrawl"],"picked":"SKIP","floor":15},{"not_picked":["Slimebound:WasteNot","Slimebound:MinionMaster"],"picked":"Slimebound:DouseInSlime","floor":16},{"not_picked":["Slimebound:SlimeTap","Slimebound:FinishingTackle"],"picked":"Slimebound:Grow","floor":19}],"player_experience":911825,"relics_obtained":[{"floor":2.0,"key":"Counterbalance"},{"floor":6.0,"key":"hubris:OldNail"},{"floor":7.0,"key":"Oddly Smooth Stone"},{"floor":8.0,"key":"ReplayTheSpireMod:Ninjato"},{"floor":10.0,"key":"hubris:64BitClover"},{"floor":18,"key":"Nunchaku"},{"floor":19,"key":"infinitespire:Lychee Nut"},{"floor":19,"key":"Whetstone"},{"floor":20,"key":"downfall:GremlinWheel"}],"event_choices":[{"cards_removed":["Slimebound:Strike_Slimebound"],"damage_healed":0,"gold_gain":0,"player_choice":"Offered Basic","damage_taken":0,"max_hp_gain":0,"max_hp_loss":0,"event_name":"Bonfire Elementals","floor":14,"gold_loss":0}],"is_beta":false,"boss_relics":[{"not_picked":["Astrolabe","Velvet Choker"],"picked":"Black Star"}],"items_purged_floors":[],"is_endless":false,"potions_floor_spawned":[8,10,15,20],"killed_by":"Slavers","ascension_level":1}}