{"host":"hv0j318t350gu4p2","time":1608410093,"event":{"mods":["AchievementEnabler","BaseMod","BetterRewards","Card Forge","Clawfect","Colored Map","Colored Powertips","Colorless Booster Pack","Custom Start","Downfall","Googly Eyes","Hero for Fun","Highlight Path","Hubris","Lobotomy","Minty Spire (QoL Compilation)","Replay The Spire","Rikka is Your Waifu","Shop Mod","StSLib","Td1madao Mod","The Animator","The Jungle","The Necromancer","Transform Curses","egg","everything is the same but u backflip on backflip"],"gold_per_floor":[115,132,36,1,19,44,44,63,139,186,219,219,234,244,244,348,348,358,426,426,437,450,450,480,480,506,519,530,544,544,568,568,673,673,686,175,175,192,212,241,241,254,254,254,254],"floor_reached":44,"playtime":3754,"items_purged":[],"score":549,"play_id":"7e121a14-c332-473d-8c2b-873dd1ed3379","local_time":"20201219153453","is_ascension_mode":true,"campfire_choices":[{"data":"Searing Blow","floor":7.0,"key":"SMITH"},{"floor":12.0,"key":"REST"},{"floor":15.0,"key":"DIG"},{"floor":23.0,"key":"RECALL"},{"data":"Searing Blow+4","floor":25.0,"key":"SMITH"},{"data":"Searing Blow+6","floor":32.0,"key":"SMITH"},{"data":"Metallicize","floor":41,"key":"SMITH"}],"circlet_count":0,"master_deck":["Strike_R","Strike_R","Strike_R","Strike_R","Strike_R","Defend_R","Defend_R","Defend_R","Defend_R","Bash+1","UniverseFragment","Pommel Strike+1","WallGazer","True Grit+1","Armaments+1","Searing Blow+9","Thunderclap+1","NakedNest","Rage+1","ReplayTheSpireMod:LeadingStrike+1","VoidDream","Anger+1","Rage+1","Juggernaut+1","Replay:Undeath\u0027s Touch+1","Flex+1","BlueStar","Thunderclap+1","hubris:SharpeningStone+1","Run Through+1","Rage+1","Porccubus","Double Tap+1","Thunderclap+1","Metallicize+1","Feel No Pain+1","Parasite","LittleHelper","Feel No Pain+1","hubris:ReadiedAction+1","Flex"],"relics":["Black Blood","Hammer of Thor","Seething Fire","Anvil of the Gods","CogitoBucket","Chameleon Ring","Replay:Accelerometer","ReplayTheSpireMod:Spearhead","Gremlin Horn","AspirationHeart","Incense Burner","Self Forming Clay","Magic Flower","Gremlin Food","Regal Pillow","SlaversCollar","Replay:Kaleidoscope","MerchantsRug","Replay:Towering Pillar of Hats","hubris:TenFootPole"],"acts_visited":["Exordium","Exordium","TheBeyond"],"potions_floor_usage":[],"damage_taken":[{"damage":6.0,"enemies":"Jaw Worm","floor":1.0,"turns":4.0},{"damage":5.0,"enemies":"2 Louse","floor":2.0,"turns":3.0},{"damage":3.0,"enemies":"Cultist","floor":5.0,"turns":4.0},{"damage":35.0,"enemies":"3 Sentries","floor":6.0,"turns":9.0},{"damage":9.0,"enemies":"Lots of Slimes","floor":8.0,"turns":4.0},{"damage":9.0,"enemies":"Gremlin Nob","floor":11.0,"turns":3.0},{"damage":40.0,"enemies":"Looter","floor":13.0,"turns":6.0},{"damage":12.0,"enemies":"Exordium Thugs","floor":14.0,"turns":5.0},{"damage":21.0,"enemies":"Hexaghost","floor":16.0,"turns":11.0},{"damage":19.0,"enemies":"theJungle:GiantWrat","floor":18.0,"turns":6.0},{"damage":2.0,"enemies":"theJungle:MUSHROOMGANG","floor":21.0,"turns":4.0},{"damage":0.0,"enemies":"theJungle:SlimyTreeVines","floor":22.0,"turns":2.0},{"damage":18.0,"enemies":"theJungle:Cassacara","floor":24.0,"turns":4.0},{"damage":6.0,"enemies":"theJungle:JungleHuntersEncounter","floor":27.0,"turns":4.0},{"damage":6.0,"enemies":"theJungle:Lyon","floor":28.0,"turns":4.0},{"damage":2.0,"enemies":"theJungle:2_Snecko_Cultists","floor":29.0,"turns":3.0},{"damage":29.0,"enemies":"theJungle:Snecko_Cultist_And_Trap","floor":30.0,"turns":10.0},{"damage":20.0,"enemies":"theJungle:FunGuy","floor":33.0,"turns":13.0},{"damage":36.0,"enemies":"3 Darklings","floor":35.0,"turns":3.0},{"damage":16.0,"enemies":"3 Shapes","floor":38.0,"turns":5.0},{"damage":0.0,"enemies":"Writhing Mass","floor":39.0,"turns":2.0},{"damage":22.0,"enemies":"R_Hoarder","floor":40.0,"turns":5.0},{"damage":82,"enemies":"4 Shapes","floor":42,"turns":5},{"damage":24,"enemies":"Maw","floor":44,"turns":2}],"seed_played":"3245291625720739217","potions_obtained":[{"floor":1.0,"key":"Energy Potion"},{"floor":8.0,"key":"sneckomod:MuddlingPotion"},{"floor":13.0,"key":"BloodPotion"},{"floor":14.0,"key":"Block Potion"},{"floor":16.0,"key":"DistilledChaos"},{"floor":18.0,"key":"Regen Potion"},{"floor":19.0,"key":"DuplicationPotion"},{"floor":21.0,"key":"FearPotion"},{"floor":27.0,"key":"SmokeBomb"},{"floor":29.0,"key":"Fire Potion"},{"floor":33.0,"key":"Adrenaline Potion"},{"floor":35.0,"key":"Weak Potion"},{"floor":39.0,"key":"Ancient Potion"},{"floor":40.0,"key":"sneckomod:MuddlingPotion"}],"is_trial":false,"path_per_floor":["M","M","$","?","M","E","R","M","T","T","E","R","M","M","R_BF","B",null,"M","?","?","M","M","R","E","R","T","M","M","M","M","T","R","B",null,"M","$","?","M","M","E","R","M","T","M"],"character_chosen":"IRONCLAD","items_purchased":["Armaments","Searing Blow","Metallicize","Replay:Kaleidoscope","MerchantsRug"],"campfire_rested":1,"item_purchase_floors":[3,3,36,36,36],"current_hp_per_floor":[80,80,80,80,80,51,51,48,48,48,45,69,45,39,39,51,90,83,83,65,75,87,87,81,81,81,90,90,90,79,79,79,77,90,72,72,72,74,90,86,86,22,22,0,0],"gold":254,"neow_bonus":"","is_daily":false,"chose_seed":false,"campfire_upgraded":4,"win_rate":0.0,"timestamp":1608410093,"path_taken":["M","M","$","?","M","E","R","M","T","?","E","R","M","M","R_BF","BOSS","M","?","?","M","M","R","E","R","T","M","M","M","?","?","R","BOSS","M","$","?","M","?","E","R","M","T","M"],"items_purchased_type":["Card","Card","Card","Relic","Relic"],"build_version":"2020-12-13","purchased_purges":0,"victory":false,"max_hp_per_floor":[80,80,80,80,80,80,80,80,80,80,80,80,90,90,90,90,90,90,90,90,90,90,90,90,90,90,90,90,90,90,90,90,90,90,90,90,90,90,90,90,90,90,90,90,90],"card_choices":[{"not_picked":["MHz","OldLady"],"picked":"UniverseFragment","floor":1.0},{"not_picked":["Sentinel","Headbutt"],"picked":"Pommel Strike","floor":1.0},{"not_picked":["ShyLook","Murderer"],"picked":"WallGazer","floor":2.0},{"not_picked":["Evolve","Heavy Blade"],"picked":"True Grit","floor":2.0},{"not_picked":["Woodsman","PunishingBird","OSAHOGD"],"picked":"Singing Bowl","floor":5.0},{"not_picked":["Reckless Charge","Perfected Strike"],"picked":"Thunderclap","floor":5.0},{"not_picked":["ShyLook","Murderer"],"picked":"Porccubus","floor":6.0},{"not_picked":["Clothesline","Immolate","Warcry"],"picked":"SKIP","floor":6.0},{"not_picked":["Bloodbath","FairyFestival"],"picked":"NakedNest","floor":8.0},{"not_picked":["ReplayTheSpireMod:Limb From Limb","Twin Strike"],"picked":"Rage","floor":8.0},{"not_picked":["VoidDream","Alriune","FairyFestival"],"picked":"Singing Bowl","floor":11.0},{"not_picked":["Combust","Pommel Strike"],"picked":"ReplayTheSpireMod:LeadingStrike","floor":11.0},{"not_picked":["LittleHelper","Scorched"],"picked":"VoidDream","floor":13.0},{"not_picked":["Pommel Strike","Fire Breathing"],"picked":"Anger","floor":13.0},{"not_picked":["Sever Soul","Life Link"],"picked":"Rage","floor":14.0},{"not_picked":["FairyFestival","Scarecrow"],"picked":"Freischutz","floor":16.0},{"not_picked":["hubris:StunningStrike","Bludgeon"],"picked":"Juggernaut","floor":16.0},{"not_picked":["Pommel Strike+1","ReplayTheSpireMod:Strike From Hell"],"picked":"Replay:Undeath\u0027s Touch","floor":18.0},{"not_picked":["Wild Strike","Burning Pact"],"picked":"Flex+1","floor":19.0},{"not_picked":["Headbutt+1","ReplayTheSpireMod:Strike From Hell","Reckless Charge"],"picked":"SKIP","floor":21.0},{"not_picked":["PunishingBird","GreedKing"],"picked":"BlueStar","floor":22.0},{"not_picked":["Abandon+1","Heavy Blade+1"],"picked":"Thunderclap","floor":22.0},{"not_picked":["Variant","FairyFestival","MeatLantern"],"picked":"Singing Bowl","floor":24.0},{"not_picked":["Dual Wield","Havoc"],"picked":"hubris:SharpeningStone+1","floor":24.0},{"not_picked":["Defy Death","Hemokinesis"],"picked":"Run Through","floor":27.0},{"not_picked":["Armaments+1","ReplayTheSpireMod:Stacked"],"picked":"Rage","floor":28.0},{"not_picked":["Uppercut","Life Link","Abandon+1"],"picked":"SKIP","floor":29.0},{"not_picked":["BodiesMountain","BigBadWolf"],"picked":"Porccubus","floor":33.0},{"not_picked":["Demonic Infusion","Feed"],"picked":"Double Tap","floor":33.0},{"not_picked":["Feel No Pain","True Grit+1"],"picked":"Thunderclap+1","floor":35.0},{"not_picked":["Body Slam","Run Through"],"picked":"Feel No Pain+1","floor":38.0},{"not_picked":["QueenOfHatred","Freischutz"],"picked":"LittleHelper","floor":39.0},{"not_picked":["Fire Breathing","Intimidate"],"picked":"Feel No Pain+1","floor":39.0},{"not_picked":["Heavy Blade","Massacre+1"],"picked":"hubris:ReadiedAction+1","floor":40.0},{"not_picked":["Body Slam","True Grit"],"picked":"Flex","floor":42}],"player_experience":43861,"relics_obtained":[{"floor":6.0,"key":"Chameleon Ring"},{"floor":9.0,"key":"Replay:Accelerometer"},{"floor":10.0,"key":"ReplayTheSpireMod:Spearhead"},{"floor":11.0,"key":"Gremlin Horn"},{"floor":15.0,"key":"Incense Burner"},{"floor":19.0,"key":"Self Forming Clay"},{"floor":24.0,"key":"Magic Flower"},{"floor":26.0,"key":"Gremlin Food"},{"floor":31.0,"key":"Regal Pillow"},{"floor":40.0,"key":"hubris:TenFootPole"}],"event_choices":[{"damage_healed":20.0,"max_hp_gain":0.0,"max_hp_loss":0.0,"gold_gain":0.0,"event_name":"The Cleric","player_choice":"Healed","floor":4.0,"gold_loss":35.0,"damage_taken":0.0},{"damage_healed":0.0,"max_hp_gain":0.0,"max_hp_loss":0.0,"gold_gain":0.0,"event_name":"WeMeetAgain","player_choice":"Gave Potion","floor":37.0,"gold_loss":0.0,"damage_taken":0.0,"relics_obtained":["Replay:Towering Pillar of Hats"]}],"is_beta":false,"boss_relics":[{"not_picked":["Coffee Dripper","hubris:HollowSoul"],"picked":"Black Blood"},{"not_picked":["Painkiller Herb","Replay:Bronze Core"],"picked":"SlaversCollar"}],"items_purged_floors":[],"is_endless":false,"potions_floor_spawned":[1,8,13,14,16,18,21,27,29,33,35,39,40],"killed_by":"Maw","ascension_level":1}}