{"host":"h7xtspmc2x3i8s2i","time":1608414782,"event":{"mods":["2.2 Compatiblity","AchievementEnabler","Act Like it!","AlwaysNeverKeys","Aspiration","Astrologer","BaseMod","Beaked The Cultist","Better Match","Better Sensory Stone","Better Third Choice","Better Vampires","BetterRewards","Challenge The Spire","Colored Map","Colored Powertips","Colorless Booster Pack","Curses Come First","Defuse TimeMaze Blight","Dio Mod","Downfall","Duelist Mod","EXCEPTION","Energized Spire","Friendly Minions","GifTheSpireLib","Gold Saver","Gremlin Skip","Halation","Hubris","Jedi Mod","Key Reminder","Marked Mod","Minty Spire (QoL Compilation)","Pale of the Ancients","Permanent Neow","Random Character Button","Random Character Mod","Rare Cards Sparkle","Relic Filter","Relic Stats","Replay The Spire","SacredBarkPlus","Shop Mod","Somnambulant","Spicy Shops","Spikes Relics","Spire Birthday Party","StSLib","Steal the Spire","Stuff the Spire","SuperFastMode","The Awakened One except there are too many feathers","The Blue Laboratory","The Cursed","The Death Knight","The Dragon Tamer","The Edgeheg","The Hierophant","The Problem Sleuth","The Wild Card","Transform Curses","Unceasing Turn Reminder","everything is the same but u backflip on backflip","slay the spire mod where everything is the same but ironclad has a cowboy hat","vexMod"],"gold_per_floor":[266,266,300,317,317,346,346,362,12,12,12,26,26,26,26,36,56,160,160,85,85,105,90,101,101,147,161,86,118,139,157,170,183,196,295,295,220,235,250,270,270,295,295,295,310,310,140,152,175,193,205,205,205,205,205],"floor_reached":54,"playtime":3207,"items_purged":["Parasite"],"score":1003,"play_id":"83d42085-af4b-4dfb-8ce7-09b79c8df69b","local_time":"20201219165302","is_ascension_mode":false,"campfire_choices":[{"floor":1,"key":"RECALL"},{"floor":10,"key":"REST"},{"data":"champ:DancingMaster","floor":20,"key":"SMITH"},{"data":"champ:Backstep","floor":28,"key":"SMITH"},{"data":"champ:CalledShot","floor":37,"key":"SMITH"},{"data":"champ:StanceDance","floor":41,"key":"SMITH"},{"data":"champ:Taunt","floor":46,"key":"SMITH"}],"circlet_count":0,"master_deck":["champ:Strike","champ:Strike","champ:Strike","champ:Defend","champ:Defend","champ:Defend","champ:Defend","champ:Execute","champ:Taunt+1","champ:DefensiveShout","champ:Backstep+1","champ:DancingMaster+1","champ:CalledShot+1","champ:FlashCut","champ:DefensiveStyle","expansioncontent:DashGenerateEvil","expansioncontent:DecasProtection","champ:VampiricStrike","champ:StanceDance+1","champ:ArenaPreparation","champ:PerfectForm","champ:FaceSlap","champ:FanOfKnives","champ:GutPunch","champ:SteelEdge","champ:ArenaPreparation","champ:StanceDance","champ:Backstep","Invigoration+1","champ:StanceDance+1","champ:FanOfKnives","Disarm+1","hubris:EnhanceAbility","Invigoration","champ:StanceDance+1","champ:Duel+1"],"relics":["champ:ChampionCrown","champ:DefensiveTrainingManual","dioMod:VampireBlood","Pen Nib","CherryCoatedStake","downfall:HeartBlessingRed","downfall:HeartBlessingBlue","Meat on the Bone","ZombieTooth","aspiration:IroncladSkillbook","downfall:HeartBlessingGreen","Bronze Scales","aspiration:Nostalgia","theDuelist:CardPoolRelic","Nunchaku","BargainBundle","vexMod:PlasmaPancake","halation:LettersToHer"],"acts_visited":["Exordium","TheCity","TheBeyond","TheEnding"],"potions_floor_usage":[9,16,18,18,18,27,29,29,31,39,39,39,40,50,54,54],"damage_taken":[{"damage":58,"enemies":"Lagavulin","floor":3,"turns":10},{"damage":14,"enemies":"Jaw Worm","floor":4,"turns":4},{"damage":24,"enemies":"Replay:BlueRogue","floor":6,"turns":7},{"damage":21,"enemies":"Cultist","floor":8,"turns":5},{"damage":18,"enemies":"downfall:FleeingMerchant","floor":9,"turns":4},{"damage":15,"enemies":"Small Slimes","floor":12,"turns":5},{"damage":8,"enemies":"Gremlin Gang","floor":16,"turns":6},{"damage":7,"enemies":"2 Fungi Beasts","floor":17,"turns":3},{"damage":55,"enemies":"downfall:Defect","floor":18,"turns":7},{"damage":61,"enemies":"3 Byrds","floor":22,"turns":5},{"damage":22,"enemies":"downfall:FleeingMerchant","floor":23,"turns":4},{"damage":70,"enemies":"Cultist and Chosen","floor":24,"turns":8},{"damage":23,"enemies":"Snake Plant","floor":27,"turns":5},{"damage":49,"enemies":"Slavers","floor":29,"turns":3},{"damage":33,"enemies":"Shelled Parasite and Fungi","floor":31,"turns":6},{"damage":23,"enemies":"Centurion and Healer","floor":32,"turns":4},{"damage":51,"enemies":"Snake Plant","floor":33,"turns":5},{"damage":37,"enemies":"Cultist and Chosen","floor":34,"turns":5},{"damage":76,"enemies":"downfall:Ironclad","floor":35,"turns":7},{"damage":56,"enemies":"3 Shapes","floor":38,"turns":4},{"damage":14,"enemies":"3 Darklings","floor":39,"turns":6},{"damage":60,"enemies":"Sphere and 2 Shapes","floor":40,"turns":7},{"damage":87,"enemies":"Giant Head","floor":42,"turns":7},{"damage":33,"enemies":"Writhing Mass","floor":45,"turns":5},{"damage":16,"enemies":"downfall:FleeingMerchant","floor":47,"turns":4},{"damage":35,"enemies":"Spire Growth","floor":48,"turns":3},{"damage":34,"enemies":"Maw","floor":50,"turns":6},{"damage":42,"enemies":"4 Shapes","floor":51,"turns":3},{"damage":33,"enemies":"downfall:Watcher","floor":52,"turns":7},{"damage":112,"enemies":"downfall:CharBossMerchant","floor":54,"turns":7}],"seed_played":"797707342386003284","potions_obtained":[{"floor":3,"key":"Swift Potion"},{"floor":8,"key":"Elixir"},{"floor":12,"key":"blueLaboratory:BottleOfVodka"},{"floor":16,"key":"blueLaboratory:BottleOfVodka"},{"floor":17,"key":"Weak Potion"},{"floor":22,"key":"Fire Potion"},{"floor":25,"key":"Toxic Potion"},{"floor":25,"key":"DeathKnight:RimePotion"},{"floor":29,"key":"ColorlessPotion"},{"floor":33,"key":"blueLaboratory:FrostheartPotion"},{"floor":34,"key":"blueLaboratory:SavagePotion"},{"floor":35,"key":"blueLaboratory:LouseDecoction"},{"floor":39,"key":"GamblersBrew"},{"floor":45,"key":"Strength Potion"},{"floor":48,"key":"blueLaboratory:FruitPunch"},{"floor":50,"key":"Death Potion"}],"is_trial":false,"path_per_floor":["R","?","E","M","?","E","T","M","$","R","?","M","?","PTL","PTL","M","M","B",null,"R","?","M","$","M","?","T","M","R","E","?","M","M","M","M","B",null,"R","M","M","M","R","E","T","?","M","R","$","M","T","M","M","B",null,"E"],"character_chosen":"THE_CHAMP","items_purchased":["champ:DefensiveStyle","expansioncontent:DashGenerateEvil","expansioncontent:DecasProtection","Nunchaku","BargainBundle","vexMod:PlasmaPancake","hubris:EnhanceAbility","Invigoration"],"campfire_rested":1,"item_purchase_floors":[9,9,9,47,47,47,47,47],"current_hp_per_floor":[90,85,53,55,55,50,50,43,38,65,80,74,74,74,74,90,90,68,90,90,90,69,84,78,78,78,77,87,74,49,60,82,73,85,77,100,100,88,100,79,79,92,92,92,100,100,103,93,93,99,94,86,105,0,0],"gold":205,"neow_bonus":"RANDOM_COMMON_RELIC","is_daily":false,"chose_seed":false,"campfire_upgraded":5,"win_rate":0.0,"timestamp":1608414782,"path_taken":["R","?","E","?","?","E","T","?","$","R","?","M","?","PTL","PTL","?","M","BOSS","R","?","M","$","M","?","T","?","R","E","?","?","M","M","M","BOSS","R","M","M","?","R","E","T","?","?","R","$","?","?","?","M","BOSS","E"],"items_purchased_type":["Card","Card","Card","Relic","Relic","Relic","Card","Card"],"build_version":"2020-12-13","purchased_purges":1,"victory":false,"max_hp_per_floor":[90,90,90,90,90,90,90,90,90,90,90,90,90,90,90,90,90,90,90,90,90,90,90,90,90,90,90,100,100,100,100,100,100,100,100,100,100,100,100,100,100,100,100,100,100,100,103,103,103,105,105,105,105,105,105],"relic_stats":{"Nunchaku":[5],"counters":[30,162],"Bronze Scales":[71],"Pen Nib":[22],"obtain_stats":[{"vexMod:PlasmaPancake":47,"BargainBundle":47,"CherryCoatedStake":7,"downfall:HeartBlessingRed":20,"aspiration:Nostalgia":43,"champ:ChampionCrown":0,"downfall:HeartBlessingGreen":37,"Pen Nib":6,"aspiration:SeaSaltIceCream":3,"aspiration:IroncladSkillbook":36,"keyreminder:keyreminder":1,"ZombieTooth":30,"Nunchaku":47,"champ:DefensiveTrainingManual":0,"dioMod:VampireBlood":3,"downfall:HeartBlessingBlue":28,"Bronze Scales":42,"halation:LettersToHer":49,"Meat on the Bone":29,"theDuelist:CardPoolRelic":43},{"vexMod:PlasmaPancake":25,"BargainBundle":25,"CherryCoatedStake":3,"downfall:HeartBlessingRed":9,"aspiration:Nostalgia":23,"champ:ChampionCrown":0,"downfall:HeartBlessingGreen":19,"Pen Nib":3,"aspiration:SeaSaltIceCream":1,"aspiration:IroncladSkillbook":19,"keyreminder:keyreminder":0,"ZombieTooth":14,"Nunchaku":25,"champ:DefensiveTrainingManual":0,"dioMod:VampireBlood":1,"downfall:HeartBlessingBlue":13,"Bronze Scales":23,"halation:LettersToHer":26,"Meat on the Bone":14,"theDuelist:CardPoolRelic":23},{"vexMod:PlasmaPancake":136,"BargainBundle":136,"CherryCoatedStake":21,"downfall:HeartBlessingRed":51,"aspiration:Nostalgia":127,"champ:ChampionCrown":0,"downfall:HeartBlessingGreen":103,"Pen Nib":21,"aspiration:SeaSaltIceCream":10,"aspiration:IroncladSkillbook":103,"keyreminder:keyreminder":0,"ZombieTooth":76,"Nunchaku":136,"champ:DefensiveTrainingManual":0,"dioMod:VampireBlood":10,"downfall:HeartBlessingBlue":73,"Bronze Scales":127,"halation:LettersToHer":139,"Meat on the Bone":76,"theDuelist:CardPoolRelic":127}],"Meat on the Bone":36},"card_choices":[{"not_picked":["champ:BerserkerStyle","champ:ViciousMockery"],"picked":"champ:DefensiveShout","floor":3},{"not_picked":["champ:BringItOn","champ:StanceDance"],"picked":"champ:Backstep","floor":4},{"not_picked":["champ:HeartStrike","champ:Haymaker"],"picked":"champ:CalledShot","floor":6},{"not_picked":["champ:FanOfKnives","champ:Shatter"],"picked":"champ:FlashCut","floor":8},{"not_picked":["champ:DeathBlow","champ:AdrenalArmor","champ:RecklessLeap"],"picked":"SKIP","floor":9},{"not_picked":["champ:Haymaker","champ:FocusedGladiator","champ:EnGarde"],"picked":"SKIP","floor":12},{"not_picked":["champ:ViciousMockery","champ:AdrenalArmor"],"picked":"champ:StanceDance","floor":16},{"not_picked":["champ:AdrenalArmor","champ:Backstep"],"picked":"champ:ArenaPreparation","floor":17},{"not_picked":["champ:HeavySlash","champ:CrownThrow"],"picked":"champ:PerfectForm","floor":18},{"not_picked":["champ:CrookedStrike","champ:FocusedDefense"],"picked":"champ:FaceSlap","floor":22},{"not_picked":["champ:Circumvent","champ:DefensiveShout","champ:HeartStrike"],"picked":"SKIP","floor":23},{"not_picked":["champ:BringItOn+1","champ:FocusedDefense","champ:FightOn"],"picked":"SKIP","floor":24},{"not_picked":["champ:FocusedBerserking","champ:BringItOn"],"picked":"champ:FanOfKnives","floor":27},{"not_picked":["champ:Backstep","champ:ShieldWall"],"picked":"champ:GutPunch","floor":29},{"not_picked":["champ:DefensiveShout","champ:PerfectedStrike"],"picked":"champ:SteelEdge","floor":30},{"not_picked":["champ:BringItOn","champ:FightOn","champ:FalseCounter"],"picked":"SKIP","floor":31},{"not_picked":["champ:Shatter","champ:ViciousMockery"],"picked":"champ:ArenaPreparation","floor":32},{"not_picked":["champ:TornadoPunch","champ:FocusedDefense","champ:Haymaker+1"],"picked":"SKIP","floor":33},{"not_picked":["champ:Haymaker","champ:GladiatorsShout"],"picked":"champ:StanceDance","floor":34},{"not_picked":["Anger+1","champ:HeartStrike","champ:TornadoPunch"],"picked":"champ:Backstep","floor":38},{"not_picked":["champ:GladiatorsShout","champ:PerfectedStrike","StuffTheSpire:RockThrow+1"],"picked":"Invigoration+1","floor":39},{"not_picked":["champ:BringItOn+1","hubris:SharpeningStone+1","Sever Soul"],"picked":"champ:StanceDance+1","floor":40},{"not_picked":["champ:FocusedGladiator+1","Second Wind","Wild Strike+1","champ:CrookedStrike"],"picked":"SKIP","floor":42},{"not_picked":["Exhume","champ:FocusedGladiator+1","champ:DefensiveShout+1"],"picked":"champ:FanOfKnives","floor":45},{"not_picked":["champ:BerserkerStyle","ReplayTheSpireMod:Strike From Hell","champ:Haymaker+1"],"picked":"Disarm+1","floor":47},{"not_picked":["Flex+1","champ:PerfectedStrike","Run Through+1","hubris:ReadiedAction"],"picked":"SKIP","floor":48},{"not_picked":["champ:FanOfKnives","champ:FocusedDefense+1","ReplayTheSpireMod:Strike From Hell"],"picked":"champ:StanceDance+1","floor":50},{"not_picked":["StuffTheSpire:Slingshot","Bludgeon","Wild Strike+1"],"picked":"champ:Duel+1","floor":51}],"player_experience":529170,"relics_obtained":[{"floor":3,"key":"aspiration:SeaSaltIceCream"},{"floor":6,"key":"Pen Nib"},{"floor":7,"key":"CherryCoatedStake"},{"floor":29,"key":"Meat on the Bone"},{"floor":30,"key":"ZombieTooth"},{"floor":42,"key":"Bronze Scales"},{"floor":43,"key":"aspiration:Nostalgia"},{"floor":49,"key":"halation:LettersToHer"}],"event_choices":[{"damage_healed":0,"gold_gain":0,"cards_transformed":["champ:Strike"],"player_choice":"Transformed","damage_taken":0,"max_hp_gain":0,"max_hp_loss":0,"event_name":"Transmorgrifier","floor":5,"gold_loss":0,"cards_obtained":["champ:DancingMaster"]},{"damage_healed":0,"gold_gain":0,"player_choice":"Got Potions","damage_taken":0,"max_hp_gain":0,"max_hp_loss":0,"event_name":"Lab","floor":25,"gold_loss":0}],"is_beta":false,"boss_relics":[{"not_picked":["Velvet Choker","halation:PinkAlligatorPlush","theSleuth:MegatonKey"]},{"not_picked":["Empty Cage","Astrolabe"],"picked":"aspiration:IroncladSkillbook"}],"items_purged_floors":[47],"is_endless":false,"potions_floor_spawned":[3,8,12,16,17,22,29,33,34,35,39,45,48,50],"killed_by":"downfall:CharBossMerchant","ascension_level":0}}