{"host":"1c52r9kaxdyo25eq","time":1608382793,"event":{"mods":["AchievementEnabler","BaseMod","Minty Spire (QoL Compilation)","Rare Cards Sparkle","SuperFastMode","everything is the same but u backflip on backflip"],"gold_per_floor":[116,116,216,227,241,241,261,272,298,308,336,347,138,138,138,138,138],"floor_reached":16,"playtime":355,"items_purged":["Strike_R"],"score":135,"play_id":"6d6f80b0-60da-4087-882a-0df6e0a865ef","local_time":"20201219215953","is_ascension_mode":true,"campfire_choices":[{"data":"Armaments","floor":6.0,"key":"SMITH"},{"data":"Rampage","floor":15.0,"key":"SMITH"}],"circlet_count":0,"master_deck":["Strike_R","Strike_R","Strike_R","Strike_R","Defend_R","Defend_R","Defend_R","Defend_R","Bash","Armaments+1","Rampage+1","Shockwave","Shrug It Off"],"relics":["Burning Blood","Champion Belt","Bronze Scales","Membership Card"],"acts_visited":["Exordium"],"potions_floor_usage":[16,16],"damage_taken":[{"damage":3.0,"enemies":"Jaw Worm","floor":1.0,"turns":4.0},{"damage":4.0,"enemies":"2 Louse","floor":4.0,"turns":3.0},{"damage":8.0,"enemies":"Cultist","floor":5.0,"turns":4.0},{"damage":24.0,"enemies":"Exordium Thugs","floor":7.0,"turns":5.0},{"damage":11.0,"enemies":"2 Fungi Beasts","floor":8.0,"turns":4.0},{"damage":10.0,"enemies":"Red Slaver","floor":10.0,"turns":6.0},{"damage":19.0,"enemies":"Gremlin Nob","floor":11.0,"turns":4.0},{"damage":13.0,"enemies":"Gremlin Gang","floor":12.0,"turns":4.0},{"damage":0,"enemies":"Slime Boss","floor":16,"turns":3}],"seed_played":"1763229212333702344","potions_obtained":[{"floor":4.0,"key":"BlessingOfTheForge"},{"floor":8.0,"key":"Fire Potion"},{"floor":12.0,"key":"Weak Potion"}],"is_trial":false,"path_per_floor":["M","?","?","M","M","R","M","M","T","M","E","M","$","?","R","B"],"character_chosen":"IRONCLAD","items_purchased":["Membership Card","Shrug It Off"],"campfire_rested":0,"item_purchase_floors":[13,13],"current_hp_per_floor":[54,59,59,61,59,59,41,36,36,32,19,12,12,12,12,12,12],"gold":138,"neow_bonus":"ONE_RARE_RELIC","is_daily":false,"chose_seed":false,"campfire_upgraded":2,"win_rate":0.0,"timestamp":1608382793,"path_taken":["M","?","?","M","M","R","M","?","T","M","E","M","$","?","R","BOSS"],"items_purchased_type":["Relic","Card"],"build_version":"2020-12-13","purchased_purges":1,"victory":false,"max_hp_per_floor":[80,85,85,85,85,85,85,85,85,85,85,85,85,85,85,85,85],"card_choices":[{"not_picked":["Body Slam","Flame Barrier"],"picked":"Armaments","floor":1.0},{"not_picked":["Inflame","True Grit","Perfected Strike"],"picked":"SKIP","floor":4.0},{"not_picked":["Iron Wave","Second Wind"],"picked":"Rampage","floor":5.0},{"not_picked":["Twin Strike","Seeing Red"],"picked":"Shockwave","floor":7.0},{"not_picked":["Dropkick","Flame Barrier","Rampage"],"picked":"SKIP","floor":8.0},{"not_picked":["Pommel Strike","Rage","Brutality"],"picked":"SKIP","floor":10.0},{"not_picked":["True Grit","Shockwave","Clothesline"],"picked":"SKIP","floor":11.0},{"not_picked":["Headbutt","Clothesline","Iron Wave"],"picked":"SKIP","floor":12.0}],"player_experience":498745,"relics_obtained":[{"floor":11.0,"key":"Bronze Scales"}],"event_choices":[{"damage_healed":0.0,"max_hp_gain":5.0,"max_hp_loss":0.0,"gold_gain":0.0,"event_name":"Big Fish","player_choice":"Donut","floor":2.0,"gold_loss":0.0,"damage_taken":0.0},{"damage_healed":0.0,"max_hp_gain":0.0,"max_hp_loss":0.0,"gold_gain":100.0,"event_name":"Wheel of Change","player_choice":"Gold","floor":3.0,"gold_loss":0.0,"damage_taken":0.0},{"damage_healed":0.0,"max_hp_gain":0.0,"max_hp_loss":0.0,"gold_gain":0.0,"event_name":"Shining Light","player_choice":"Ignored","floor":14.0,"gold_loss":0.0,"damage_taken":0.0}],"is_beta":false,"boss_relics":[],"items_purged_floors":[13],"is_endless":false,"potions_floor_spawned":[4,8,12],"killed_by":"Slime Boss","ascension_level":6}}