{"host":"9pqy5lt7vda52ebm","time":1608407999,"event":{"mods":["BaseMod","Minty Spire (QoL Compilation)","Optimize The Spire","Quick Restart","StSLib","The Marked"],"gold_per_floor":[110,110,121,121,131,164,164,164,164,164,37,37,66,86,86,190,190],"floor_reached":16,"playtime":1503,"items_purged":["theMarked:Strike"],"score":182,"play_id":"68fb2150-cf19-4e29-9f90-1dbc3c4e057b","local_time":"20201219145959","is_ascension_mode":true,"campfire_choices":[{"data":"theMarked:Seal","floor":7,"key":"SMITH"},{"data":"theMarked:TurnInvisible","floor":10,"key":"SMITH"},{"data":"theMarked:WardOff","floor":12,"key":"SMITH"},{"data":"theMarked:DeterminationOfTheMarked","floor":15,"key":"SMITH"}],"circlet_count":0,"master_deck":["theMarked:Strike","theMarked:Strike","theMarked:Strike","theMarked:Defend","theMarked:Defend","theMarked:Defend+1","theMarked:Defend+1","theMarked:SoldierOfQuellstein+1","theMarked:Seal+1","theMarked:DeterminationOfTheMarked+1","theMarked:TurnInvisible+1","theMarked:WardOff+1","theMarked:BanishingWave"],"relics":["theMarked:ArtifactOfAir","Dead Branch","Mercury Hourglass"],"acts_visited":["Exordium"],"potions_floor_usage":[],"damage_taken":[{"damage":0,"enemies":"2 Louse","floor":1,"turns":3},{"damage":0,"enemies":"Cultist","floor":3,"turns":4},{"damage":0,"enemies":"Small Slimes","floor":5,"turns":4},{"damage":4,"enemies":"Lagavulin","floor":6,"turns":6},{"damage":1,"enemies":"Gremlin Nob","floor":13,"turns":3},{"damage":0,"enemies":"Blue Slaver","floor":14,"turns":2},{"damage":15,"enemies":"Hexaghost","floor":16,"turns":4}],"seed_played":"2143651639331951130","potions_obtained":[{"floor":1,"key":"Weak Potion"},{"floor":5,"key":"Dexterity Potion"},{"floor":6,"key":"ColorlessPotion"},{"floor":16,"key":"Ancient Potion"}],"is_trial":false,"path_per_floor":["M","?","M","?","M","E","R","?","T","R","$","R","E","M","R","B"],"character_chosen":"THE_DEFAULT","items_purchased":["theMarked:WardOff"],"campfire_rested":0,"item_purchase_floors":[11],"current_hp_per_floor":[70,70,70,56,56,52,52,52,52,52,52,52,51,51,51,36,36],"gold":190,"neow_bonus":"UPGRADE_CARD","is_daily":false,"chose_seed":false,"campfire_upgraded":4,"win_rate":0.0,"timestamp":1608407999,"path_taken":["M","?","?","?","M","E","R","?","T","R","$","R","E","M","R","BOSS"],"items_purchased_type":["Card"],"build_version":"2020-12-13","purchased_purges":1,"victory":false,"max_hp_per_floor":[70,70,70,70,70,70,70,70,70,70,70,70,70,70,70,70,70],"card_choices":[{"not_picked":["theMarked:CreepingChasm","theMarked:Improvise"],"picked":"theMarked:Seal","floor":1},{"not_picked":["theMarked:Indomitable","theMarked:WastefulAttack"],"picked":"theMarked:DeterminationOfTheMarked","floor":3},{"not_picked":["theMarked:KeepCalmAndFightOn","theMarked:HeightenedSenses"],"picked":"theMarked:TurnInvisible","floor":5},{"not_picked":["theMarked:Aftermath","theMarked:HeightenedSenses","theMarked:Indomitable"],"picked":"SKIP","floor":6},{"not_picked":["theMarked:Electrocute","theMarked:Indomitable","theMarked:ElectricStrings"],"picked":"SKIP","floor":13},{"not_picked":["theMarked:EmpowerWeapon","theMarked:ReduceFriction"],"picked":"theMarked:BanishingWave","floor":14}],"player_experience":334106,"relics_obtained":[{"floor":6,"key":"Dead Branch"},{"floor":9,"key":"Mercury Hourglass"}],"event_choices":[{"cards_removed":["theMarked:Strike"],"damage_healed":0,"gold_gain":0,"player_choice":"Purged","damage_taken":0,"max_hp_gain":0,"max_hp_loss":0,"event_name":"Purifier","floor":2,"gold_loss":0},{"damage_healed":0,"gold_gain":0,"player_choice":"Entered Light","damage_taken":14,"max_hp_gain":0,"max_hp_loss":0,"event_name":"Shining Light","floor":4,"gold_loss":0,"cards_upgraded":["theMarked:Defend","theMarked:Defend"]},{"damage_healed":0,"gold_gain":0,"player_choice":"Ignored","damage_taken":0,"max_hp_gain":0,"max_hp_loss":0,"event_name":"Liars Game","floor":8,"gold_loss":0}],"is_beta":false,"boss_relics":[],"items_purged_floors":[11],"is_endless":false,"potions_floor_spawned":[1,5,6,16],"killed_by":"Hexaghost","ascension_level":3}}