{"host":"rmsq46plbpwfbxcc","time":1608376483,"event":{"mods":["AchievementEnabler","BaseMod","Colored Map","DeckTracker","Minty Spire (QoL Compilation)","Permanent Neow","SuperFastMode"],"gold_per_floor":[11,11,161,44,60,60,60,60,83,127,127,163,30,46,46,144,144,169,169,192,216,216,216,51,90,90,108,108,108],"floor_reached":28,"playtime":867,"items_purged":["Doubt"],"score":464,"play_id":"c885f087-5260-40b7-bfaf-85b5cafc4af2","local_time":"20201219201443","is_ascension_mode":true,"campfire_choices":[{"data":"Apotheosis","floor":6.0,"key":"SMITH"},{"data":"Footwork","floor":8.0,"key":"SMITH"},{"data":"Noxious Fumes","floor":11.0,"key":"SMITH"},{"data":"After Image","floor":15.0,"key":"SMITH"},{"floor":23,"key":"REST"}],"circlet_count":0,"master_deck":["AscendersBane","Defend_G","Defend_G","Defend_G+1","Defend_G","Defend_G","Survivor+1","Neutralize","Apotheosis+1","Flechettes","Injury","Footwork+1","Noxious Fumes+1","Blade Dance","After Image+1","Cloak And Dagger","Bullet Time","Bane","Tactician","Bite","Bite","Bite","Bite","Bite","Adrenaline","Caltrops"],"relics":["Ring of the Snake","Golden Idol","Omamori","Potion Belt","War Paint","SlaversCollar","Boot","Gremlin Horn","Incense Burner"],"acts_visited":["Exordium","TheCity"],"potions_floor_usage":[20,21],"damage_taken":[{"damage":8.0,"enemies":"Jaw Worm","floor":1.0,"turns":5.0},{"damage":2.0,"enemies":"2 Louse","floor":5.0,"turns":4.0},{"damage":1.0,"enemies":"Lagavulin","floor":10.0,"turns":7.0},{"damage":15.0,"enemies":"Gremlin Nob","floor":12.0,"turns":4.0},{"damage":1.0,"enemies":"Small Slimes","floor":14.0,"turns":4.0},{"damage":11.0,"enemies":"Slime Boss","floor":16.0,"turns":11.0},{"damage":3.0,"enemies":"Chosen","floor":18.0,"turns":8.0},{"damage":15,"enemies":"2 Thieves","floor":20,"turns":5},{"damage":17,"enemies":"Snake Plant","floor":21,"turns":7},{"damage":16,"enemies":"Book of Stabbing","floor":25,"turns":8},{"damage":0,"enemies":"Centurion and Healer","floor":27,"turns":9},{"damage":71,"enemies":"Gremlin Leader","floor":28,"turns":7}],"seed_played":"-5537093344992613356","potions_obtained":[{"floor":5.0,"key":"Block Potion"},{"floor":16.0,"key":"SkillPotion"},{"floor":18.0,"key":"Fire Potion"},{"floor":27,"key":"FearPotion"}],"is_trial":false,"path_per_floor":["M","?","?","$","M","R","T","R","T","E","R","E","$","M","R","B",null,"M","?","M","M","?","R","$","E","T","M","E"],"character_chosen":"THE_SILENT","items_purchased":["Footwork","After Image","Cloak And Dagger","Adrenaline"],"campfire_rested":1,"item_purchase_floors":[4,13,13,24],"current_hp_per_floor":[51,51,51,51,49,49,49,49,49,48,48,33,33,32,32,21,55,52,52,37,20,20,33,33,40,40,46,0,0],"gold":108,"neow_bonus":"RANDOM_COLORLESS_2","is_daily":false,"chose_seed":false,"campfire_upgraded":4,"win_rate":0.0,"timestamp":1608376483,"path_taken":["M","?","?","$","M","R","?","R","T","E","R","E","$","M","R","BOSS","M","?","M","M","?","R","$","E","T","M","E"],"items_purchased_type":["Card","Card","Card","Card"],"build_version":"2020-12-13","purchased_purges":1,"victory":false,"max_hp_per_floor":[66,66,66,66,66,66,66,66,66,66,66,66,66,66,66,66,66,66,66,66,66,46,46,46,46,46,46,46,46],"card_choices":[{"not_picked":["Thinking Ahead","Metamorphosis"],"picked":"Apotheosis","floor":0.0},{"not_picked":["Deadly Poison","Riddle With Holes"],"picked":"Flechettes","floor":1.0},{"not_picked":["Escape Plan","Blur"],"picked":"Noxious Fumes","floor":5.0},{"not_picked":["Underhanded Strike","Distraction"],"picked":"Blade Dance","floor":10.0},{"not_picked":["Distraction","Slice","Infinite Blades"],"picked":"SKIP","floor":12.0},{"not_picked":["Deadly Poison","Heel Hook","Grand Finale"],"picked":"SKIP","floor":14.0},{"not_picked":["Doppelganger","Wraith Form v2"],"picked":"Bullet Time","floor":16.0},{"not_picked":["Skewer","Prepared"],"picked":"Bane","floor":18.0},{"not_picked":["Prepared","Skewer","Noxious Fumes"],"picked":"SKIP","floor":20},{"not_picked":["Concentrate","Distraction"],"picked":"Tactician","floor":21},{"not_picked":["Night Terror","Distraction"],"picked":"Caltrops","floor":25},{"not_picked":["Cloak And Dagger","Dagger Spray","Prepared"],"picked":"SKIP","floor":27}],"player_experience":1332586,"relics_obtained":[{"floor":7.0,"key":"Omamori"},{"floor":10.0,"key":"Potion Belt"},{"floor":12.0,"key":"War Paint"},{"floor":25,"key":"Gremlin Horn"},{"floor":26,"key":"Incense Burner"}],"event_choices":[{"damage_healed":0.0,"max_hp_gain":0.0,"max_hp_loss":0.0,"gold_gain":0.0,"event_name":"Golden Idol","player_choice":"Take Wound","floor":2.0,"gold_loss":0.0,"damage_taken":0.0,"relics_obtained":["Golden Idol"],"cards_obtained":["Injury"]},{"damage_healed":0.0,"max_hp_gain":0.0,"max_hp_loss":0.0,"gold_gain":150.0,"event_name":"Liars Game","player_choice":"AGREE","floor":3.0,"gold_loss":0.0,"damage_taken":0.0,"cards_obtained":["Doubt"]},{"damage_healed":0.0,"max_hp_gain":0.0,"max_hp_loss":0.0,"gold_gain":0.0,"event_name":"Addict","player_choice":"Stole Relic","floor":19.0,"gold_loss":0.0,"damage_taken":0.0,"relics_obtained":["Boot"],"cards_obtained":["Shame"]},{"damage_healed":0,"gold_gain":0,"player_choice":"Became a vampire","damage_taken":0,"max_hp_gain":0,"max_hp_loss":20,"event_name":"Vampires","floor":22,"gold_loss":0,"cards_obtained":["Bite","Bite","Bite","Bite","Bite"]}],"is_beta":false,"boss_relics":[{"not_picked":["Velvet Choker","Pandora\u0027s Box"],"picked":"SlaversCollar"}],"items_purged_floors":[4],"is_endless":false,"potions_floor_spawned":[5,16,18,27],"killed_by":"Gremlin Leader","ascension_level":16}}