{"host":"wha9hktbkslqvblg","time":1608366336,"event":{"mods":["BaseMod","Colored Map","Minty Spire (QoL Compilation)","Relic Stats","SuperFastMode","everything is the same but u backflip on backflip"],"gold_per_floor":[111,36,36,47,47,47,78,98,98,98,116,116,146,166,166,244,244,259,259,120,120,139,167,177,202,202,215,229,229,52,52,52,130,130,142,17,33,44,44,44,69,69,69,88,103,48,78,93,93,93,93,93,93,38,70,70],"floor_reached":57,"playtime":2032,"items_purged":["Strike_R","Havoc+1","Bludgeon+1"],"score":3249,"play_id":"cd27801e-dc2b-4620-abc6-c6a33a776ff1","local_time":"20201219172536","is_ascension_mode":true,"campfire_choices":[{"data":"Wild Strike","floor":6.0,"key":"SMITH"},{"data":"Uppercut","floor":15.0,"key":"SMITH"},{"data":"Entrench","floor":29.0,"key":"SMITH"},{"data":"Offering","floor":32.0,"key":"SMITH"},{"data":"Dark Embrace","floor":40.0,"key":"SMITH"},{"data":"Battle Trance","floor":42.0,"key":"SMITH"},{"floor":49.0,"key":"RECALL"},{"data":"Burning Pact","floor":53.0,"key":"SMITH"}],"circlet_count":0,"master_deck":["AscendersBane","Defend_R","Defend_R","Defend_R+1","Defend_R+1","Wild Strike+1","Shrug It Off","Evolve","Blood for Blood+1","Uppercut+1","Battle Trance+1","Reaper","Barricade+1","Entrench+1","Burning Pact+1","Second Wind","Bloodletting","Dark Embrace+1","Offering+1","CurseOfTheBell","Body Slam+1"],"relics":["Burning Blood","NeowsBlessing","Pear","Prayer Wheel","Lantern","Astrolabe","FaceOfCleric","Bag of Preparation","Shuriken","Calling Bell","Centennial Puzzle","Molten Egg 2","Magic Flower","Toy Ornithopter","Ornamental Fan","Blood Vial","War Paint"],"acts_visited":["Exordium","TheCity","TheBeyond","TheEnding"],"potions_floor_usage":[56,56,56],"damage_taken":[{"damage":0.0,"enemies":"Cultist","floor":1.0,"turns":1.0},{"damage":0.0,"enemies":"Jaw Worm","floor":4.0,"turns":1.0},{"damage":0.0,"enemies":"Gremlin Nob","floor":7.0,"turns":1.0},{"damage":0.0,"enemies":"2 Louse","floor":8.0,"turns":2.0},{"damage":8.0,"enemies":"2 Fungi Beasts","floor":11.0,"turns":4.0},{"damage":15.0,"enemies":"3 Sentries","floor":13.0,"turns":8.0},{"damage":11.0,"enemies":"Red Slaver","floor":14.0,"turns":3.0},{"damage":24.0,"enemies":"The Guardian","floor":16.0,"turns":7.0},{"damage":19.0,"enemies":"3 Byrds","floor":18.0,"turns":5.0},{"damage":13.0,"enemies":"Chosen","floor":22.0,"turns":6.0},{"damage":65.0,"enemies":"Slavers","floor":23.0,"turns":11.0},{"damage":5.0,"enemies":"Snecko","floor":24.0,"turns":4.0},{"damage":16.0,"enemies":"Gremlin Leader","floor":25.0,"turns":9.0},{"damage":3.0,"enemies":"Snake Plant","floor":27.0,"turns":2.0},{"damage":53.0,"enemies":"Shelled Parasite and Fungi","floor":28.0,"turns":8.0},{"damage":9.0,"enemies":"Automaton","floor":33.0,"turns":14.0},{"damage":68.0,"enemies":"3 Darklings","floor":35.0,"turns":8.0},{"damage":9.0,"enemies":"3 Shapes","floor":37.0,"turns":5.0},{"damage":15.0,"enemies":"3 Darklings","floor":38.0,"turns":4.0},{"damage":9.0,"enemies":"Nemesis","floor":41.0,"turns":3.0},{"damage":9.0,"enemies":"Jaw Worm Horde","floor":44.0,"turns":4.0},{"damage":24.0,"enemies":"Sphere and 2 Shapes","floor":45.0,"turns":3.0},{"damage":15.0,"enemies":"Giant Head","floor":47.0,"turns":5.0},{"damage":15.0,"enemies":"Writhing Mass","floor":48.0,"turns":6.0},{"damage":15.0,"enemies":"Time Eater","floor":50.0,"turns":5.0},{"damage":41.0,"enemies":"Donu and Deca","floor":51.0,"turns":4.0},{"damage":15.0,"enemies":"Shield and Spear","floor":55.0,"turns":2.0},{"damage":76,"enemies":"The Heart","floor":56,"turns":9}],"seed_played":"6123182970864541583","potions_obtained":[{"floor":1.0,"key":"Explosive Potion"},{"floor":4.0,"key":"EssenceOfSteel"},{"floor":8.0,"key":"CultistPotion"},{"floor":14.0,"key":"FairyPotion"},{"floor":22.0,"key":"Block Potion"},{"floor":23.0,"key":"ElixirPotion"},{"floor":28.0,"key":"GamblersBrew"},{"floor":33.0,"key":"SpeedPotion"},{"floor":41.0,"key":"PowerPotion"},{"floor":45.0,"key":"DistilledChaos"},{"floor":55.0,"key":"EntropicBrew"}],"is_trial":false,"path_per_floor":["M","$","?","M","?","R","E","M","T","?","M","?","E","M","R","B",null,"M","?","$","$","M","E","M","E","T","M","M","R","$","?","R","B",null,"M","$","M","M","?","R","E","R","T","M","M","?","E","M","R","B","B",null,"R","$","E","B",null],"character_chosen":"IRONCLAD","items_purchased":["Burning Pact","Offering","Dexterity Potion"],"campfire_rested":0,"item_purchase_floors":[20,30,54],"current_hp_per_floor":[74,74,79,80,73,73,89,90,90,90,88,88,79,74,74,56,82,69,69,69,69,63,11,17,20,20,24,10,10,10,10,10,8,75,39,39,41,52,52,52,54,54,54,56,60,60,68,67,67,80,53,90,90,90,103,52],"gold":70,"neow_bonus":"THREE_ENEMY_KILL","is_daily":false,"chose_seed":false,"campfire_upgraded":7,"win_rate":0.0,"timestamp":1608366336,"path_taken":["M","$","?","M","?","R","E","M","T","?","M","?","E","?","R","BOSS","M","?","?","$","M","E","M","E","T","M","M","R","$","?","R","BOSS","M","$","M","M","?","R","E","R","T","M","M","?","E","?","R","BOSS","BOSS","R","$","E","BOSS"],"items_purchased_type":["Card","Card","Potion"],"build_version":"2020-12-13","purchased_purges":3,"victory":true,"max_hp_per_floor":[75,75,80,80,80,80,90,90,90,90,90,90,90,90,90,90,90,90,90,90,90,91,92,93,94,94,95,96,96,96,96,96,97,97,98,98,99,100,95,95,96,96,96,97,98,98,99,100,100,101,102,102,102,102,103,104],"relic_stats":{"counters":[28,144],"Astrolabe":["Havoc","Bludgeon","Barricade"],"Magic Flower":[85],"Bag of Preparation":[34],"War Paint":["Defend_R","Defend_R"],"Burning Blood":189,"Blood Vial":15,"Centennial Puzzle":[36],"FaceOfCleric":19,"Shuriken":[8],"Ornamental Fan":[12],"Prayer Wheel":13,"obtain_stats":[{"Lantern":13,"Pear":7,"NeowsBlessing":0,"Astrolabe":17,"Magic Flower":34,"Bag of Preparation":23,"War Paint":55,"Burning Blood":0,"Calling Bell":34,"Blood Vial":46,"Centennial Puzzle":34,"FaceOfCleric":19,"Shuriken":25,"Ornamental Fan":43,"Prayer Wheel":9,"Molten Egg 2":34,"Toy Ornithopter":41},{"Lantern":6,"Pear":3,"NeowsBlessing":0,"Astrolabe":8,"Magic Flower":16,"Bag of Preparation":11,"War Paint":27,"Burning Blood":0,"Calling Bell":16,"Blood Vial":22,"Centennial Puzzle":16,"FaceOfCleric":9,"Shuriken":13,"Ornamental Fan":20,"Prayer Wheel":4,"Molten Egg 2":16,"Toy Ornithopter":20},{"Lantern":17,"Pear":3,"NeowsBlessing":0,"Astrolabe":27,"Magic Flower":86,"Bag of Preparation":49,"War Paint":135,"Burning Blood":0,"Calling Bell":86,"Blood Vial":113,"Centennial Puzzle":86,"FaceOfCleric":32,"Shuriken":62,"Ornamental Fan":106,"Prayer Wheel":5,"Molten Egg 2":86,"Toy Ornithopter":106}],"Toy Ornithopter":24},"card_choices":[{"not_picked":["Evolve","Warcry"],"picked":"Wild Strike","floor":1.0},{"not_picked":["Clothesline","Anger"],"picked":"Shrug It Off","floor":4.0},{"not_picked":["Searing Blow","Headbutt","Heavy Blade"],"picked":"SKIP","floor":7.0},{"not_picked":["Pommel Strike","Inflame"],"picked":"Evolve","floor":8.0},{"not_picked":["Power Through","Wild Strike"],"picked":"Uppercut","floor":11.0},{"not_picked":["Sentinel","Clash","Cleave"],"picked":"SKIP","floor":11.0},{"not_picked":["Ghostly Armor","True Grit","Bludgeon"],"picked":"SKIP","floor":13.0},{"not_picked":["Burning Pact","Clash"],"picked":"Battle Trance","floor":14.0},{"not_picked":["Flex","True Grit","Sword Boomerang"],"picked":"SKIP","floor":14.0},{"not_picked":["Juggernaut","Feed"],"picked":"Reaper","floor":16.0},{"not_picked":["Thunderclap","Headbutt"],"picked":"Entrench","floor":18.0},{"not_picked":["Twin Strike","Ghostly Armor","Clothesline"],"picked":"SKIP","floor":18.0},{"not_picked":["Pommel Strike","Twin Strike","Shrug It Off"],"picked":"SKIP","floor":22.0},{"not_picked":["Whirlwind","Fire Breathing","Shrug It Off"],"picked":"SKIP","floor":22.0},{"not_picked":["Twin Strike","Exhume"],"picked":"Second Wind","floor":23.0},{"not_picked":["Shrug It Off","Uppercut+1"],"picked":"Bloodletting","floor":24.0},{"not_picked":["Perfected Strike","Wild Strike","Spot Weakness"],"picked":"SKIP","floor":24.0},{"not_picked":["Twin Strike","Perfected Strike","Pummel"],"picked":"SKIP","floor":25.0},{"not_picked":["Dropkick+1","Sever Soul+1","Burning Pact"],"picked":"SKIP","floor":27.0},{"not_picked":["Dark Embrace","Feel No Pain","Sword Boomerang"],"picked":"SKIP","floor":27.0},{"not_picked":["Feel No Pain","Sword Boomerang"],"picked":"Dark Embrace","floor":27.0},{"not_picked":["Dropkick+1","Sever Soul+1","Burning Pact"],"picked":"SKIP","floor":27.0},{"not_picked":["Anger+1","Pummel","Iron Wave"],"picked":"SKIP","floor":28.0},{"not_picked":["Iron Wave","Sentinel","Carnage"],"picked":"SKIP","floor":28.0},{"not_picked":["Twin Strike+1","Metallicize"],"picked":"Body Slam+1","floor":35.0},{"not_picked":["Armaments","Havoc","Clash+1"],"picked":"SKIP","floor":35.0},{"not_picked":["Dual Wield","Dark Embrace","Heavy Blade+1"],"picked":"SKIP","floor":37.0},{"not_picked":["Clothesline+1","Rampage+1","Fire Breathing"],"picked":"SKIP","floor":37.0},{"not_picked":["Perfected Strike+1","Armaments","Rage"],"picked":"SKIP","floor":38.0},{"not_picked":["Shrug It Off","Armaments","Warcry"],"picked":"SKIP","floor":38.0},{"not_picked":["Heavy Blade+1","Blood for Blood+1","Rage"],"picked":"SKIP","floor":41.0},{"not_picked":["Perfected Strike+1","Shrug It Off","Clothesline+1"],"picked":"SKIP","floor":44.0},{"not_picked":["Exhume","Cleave+1","Shrug It Off"],"picked":"SKIP","floor":44.0},{"not_picked":["Disarm","Shrug It Off","Clash+1"],"picked":"SKIP","floor":45.0},{"not_picked":["Havoc","Entrench","Metallicize+1"],"picked":"SKIP","floor":45.0},{"not_picked":["Whirlwind+1","Sword Boomerang+1","Warcry"],"picked":"SKIP","floor":47.0},{"not_picked":["Havoc","Sentinel","Heavy Blade+1"],"picked":"SKIP","floor":48.0},{"not_picked":["Warcry","Dual Wield","Bludgeon+1"],"picked":"SKIP","floor":48.0},{"not_picked":["Thunderclap+1","Rampage+1","Sentinel"],"picked":"SKIP","floor":55.0}],"player_experience":873036,"relics_obtained":[{"floor":7.0,"key":"Pear"},{"floor":9.0,"key":"Prayer Wheel"},{"floor":13.0,"key":"Lantern"},{"floor":23.0,"key":"Bag of Preparation"},{"floor":25.0,"key":"Shuriken"},{"floor":34.0,"key":"Centennial Puzzle"},{"floor":34.0,"key":"Molten Egg 2"},{"floor":34.0,"key":"Magic Flower"},{"floor":41.0,"key":"Toy Ornithopter"},{"floor":43.0,"key":"Ornamental Fan"},{"floor":55.0,"key":"War Paint"}],"event_choices":[{"damage_healed":0.0,"max_hp_gain":5.0,"max_hp_loss":0.0,"gold_gain":0.0,"event_name":"Big Fish","player_choice":"Donut","floor":3.0,"gold_loss":0.0,"damage_taken":0.0},{"cards_removed":["Strike_R"],"damage_healed":0.0,"max_hp_gain":0.0,"max_hp_loss":0.0,"gold_gain":0.0,"event_name":"Golden Wing","player_choice":"Card Removal","floor":5.0,"gold_loss":0.0,"damage_taken":7.0},{"damage_healed":0.0,"max_hp_gain":0.0,"max_hp_loss":0.0,"gold_gain":0.0,"cards_transformed":["Strike_R"],"event_name":"Living Wall","player_choice":"Change","floor":10.0,"gold_loss":0.0,"damage_taken":0.0,"cards_obtained":["Blood for Blood"]},{"damage_healed":0.0,"max_hp_gain":0.0,"max_hp_loss":0.0,"gold_gain":0.0,"event_name":"Upgrade Shrine","player_choice":"Upgraded","floor":12.0,"gold_loss":0.0,"damage_taken":0.0,"cards_upgraded":["Blood for Blood"]},{"damage_healed":0.0,"max_hp_gain":0.0,"max_hp_loss":0.0,"gold_gain":0.0,"event_name":"FaceTrader","player_choice":"Trade","floor":19.0,"gold_loss":0.0,"damage_taken":0.0,"relics_obtained":["FaceOfCleric"]},{"damage_healed":0.0,"max_hp_gain":0.0,"max_hp_loss":0.0,"gold_gain":0.0,"event_name":"Cursed Tome","player_choice":"Ignored","floor":31.0,"gold_loss":0.0,"damage_taken":0.0},{"damage_healed":0.0,"max_hp_gain":0.0,"max_hp_loss":5.0,"gold_gain":0.0,"event_name":"Winding Halls","player_choice":"Max HP","floor":39.0,"gold_loss":0.0,"damage_taken":0.0},{"damage_healed":0.0,"max_hp_gain":0.0,"max_hp_loss":0.0,"gold_gain":0.0,"event_name":"WeMeetAgain","player_choice":"Paid Gold","floor":46.0,"gold_loss":55.0,"damage_taken":0.0,"relics_obtained":["Blood Vial"]}],"is_beta":false,"boss_relics":[{"not_picked":["Fusion Hammer","Runic Pyramid"],"picked":"Astrolabe"},{"not_picked":["Velvet Choker","Runic Cube"],"picked":"Calling Bell"}],"items_purged_floors":[2,20,36],"is_endless":false,"potions_floor_spawned":[1,4,8,14,22,23,25,28,33,41,44,45,47,55],"ascension_level":20}}