{"host":"30jsp143e4v19aze","time":1608393109,"event":{"mods":["BaseMod","Colored Map","Highlight Path","Minty Spire (QoL Compilation)","Quick Restart","Relic Sorter","Relic Stats","Say the Spire","StSLib"],"gold_per_floor":[112,131,131,146,221,221,221,246,246,279,15,44,56,86,98,182,194,226,238,250,275,287,334,346,384,396,408,520,532,205,220,220,293,293,303,31,31,44,54,81,81,110,110,135,135,149,166,177,177,177,177,177,177,43,70,70],"floor_reached":57,"playtime":4118,"items_purged":["Strike_R+1","Strike_R+1"],"score":2867,"play_id":"3c4f4012-9c72-4711-91d8-898ca9f70a29","local_time":"20201219165149","is_ascension_mode":true,"campfire_choices":[{"data":"Whirlwind","floor":6,"key":"SMITH"},{"data":"Demon Form","floor":13,"key":"SMITH"},{"data":"Uppercut","floor":15,"key":"SMITH"},{"floor":24,"key":"REST"},{"data":"Ghostly","floor":27,"key":"SMITH"},{"data":"Ghostly","floor":29,"key":"SMITH"},{"data":"Disarm","floor":32,"key":"SMITH"},{"floor":45,"key":"RECALL"},{"data":"Offering","floor":49,"key":"SMITH"},{"data":"Impervious","floor":53,"key":"SMITH"}],"circlet_count":0,"master_deck":["AscendersBane","Defend_R+1","Defend_R+1","Defend_R+1","Defend_R+1","Bash","Whirlwind+1","Uppercut+1","Demon Form+1","Pummel","Impervious+1","Battle Trance","Offering+1","Ghostly+1","Ghostly+1","Ghostly","Disarm+1","Dark Shackles","Berserk","Whirlwind","Pummel+1","Sword Boomerang","Brutality"],"relics":["Philosopher\u0027s Stone","Mango","The Courier","Pear","Potion Belt","Bag of Preparation","Ancient Tea Set","MawBank","Busted Crown","MutagenicStrength","Bronze Scales","Dream Catcher","Bag of Marbles","Incense Burner","Meat on the Bone","Strange Spoon","Empty Cage","OrangePellets","Gremlin Horn","Omamori","Centennial Puzzle","Pantograph"],"acts_visited":["Exordium","TheCity","TheBeyond","TheEnding"],"potions_floor_usage":[8,10,40,42,50,56,56,56,56,56,56,56,56,56],"damage_taken":[{"damage":3,"enemies":"Jaw Worm","floor":1,"turns":4},{"damage":4,"enemies":"Small Slimes","floor":2,"turns":4},{"damage":0,"enemies":"2 Louse","floor":4,"turns":2},{"damage":9,"enemies":"Gremlin Nob","floor":8,"turns":3},{"damage":11,"enemies":"3 Sentries","floor":10,"turns":3},{"damage":0,"enemies":"Lagavulin","floor":12,"turns":5},{"damage":0,"enemies":"2 Fungi Beasts","floor":14,"turns":3},{"damage":55,"enemies":"Hexaghost","floor":16,"turns":7},{"damage":0,"enemies":"Chosen","floor":18,"turns":3},{"damage":0,"enemies":"2 Thieves","floor":21,"turns":3},{"damage":20,"enemies":"Slavers","floor":23,"turns":3},{"damage":4,"enemies":"Book of Stabbing","floor":25,"turns":4},{"damage":0,"enemies":"Colosseum Slavers","floor":28,"turns":1},{"damage":0,"enemies":"Colosseum Nobs","floor":28,"turns":3},{"damage":3,"enemies":"Shelled Parasite and Fungi","floor":31,"turns":4},{"damage":1,"enemies":"Champ","floor":33,"turns":9},{"damage":1,"enemies":"3 Shapes","floor":35,"turns":4},{"damage":1,"enemies":"Orb Walker","floor":38,"turns":3},{"damage":2,"enemies":"Sphere and 2 Shapes","floor":39,"turns":6},{"damage":5,"enemies":"Giant Head","floor":40,"turns":7},{"damage":4,"enemies":"Nemesis","floor":42,"turns":5},{"damage":3,"enemies":"Giant Head","floor":44,"turns":8},{"damage":7,"enemies":"Transient","floor":46,"turns":6},{"damage":0,"enemies":"Jaw Worm Horde","floor":47,"turns":1},{"damage":1,"enemies":"Writhing Mass","floor":48,"turns":5},{"damage":3,"enemies":"Donu and Deca","floor":50,"turns":6},{"damage":2,"enemies":"Time Eater","floor":51,"turns":8},{"damage":7,"enemies":"Shield and Spear","floor":55,"turns":10},{"damage":30,"enemies":"The Heart","floor":56,"turns":11}],"seed_played":"-1267301731248323460","potions_obtained":[{"floor":2,"key":"DistilledChaos"},{"floor":8,"key":"Block Potion"},{"floor":12,"key":"BlessingOfTheForge"},{"floor":14,"key":"Fire Potion"},{"floor":16,"key":"Strength Potion"},{"floor":18,"key":"EssenceOfSteel"},{"floor":33,"key":"GamblersBrew"},{"floor":38,"key":"SkillPotion"},{"floor":40,"key":"AttackPotion"},{"floor":41,"key":"Regen Potion"},{"floor":48,"key":"Dexterity Potion"}],"is_trial":false,"path_per_floor":["M","M","?","M","?","R","?","E","T","E","$","E","R","M","R","B",null,"M","?","?","M","?","E","R","E","T","R","?","R","$","M","R","B",null,"M","$","?","M","M","E","?","E","T","E","R","M","M","M","R","B","B",null,"R","$","E","B",null],"character_chosen":"IRONCLAD","items_purchased":["Bag of Preparation","Ancient Tea Set","Disarm","Strange Spoon","Dark Shackles","OrangePellets","Whirlwind","EntropicBrew","Swift Potion"],"campfire_rested":1,"item_purchase_floors":[11,11,30,30,30,36,36,54,54],"current_hp_per_floor":[65,61,70,70,59,59,88,79,89,78,78,78,78,78,78,23,80,80,49,49,49,49,29,43,39,39,39,39,39,39,36,36,35,46,45,45,45,44,42,37,37,48,48,45,45,38,38,37,37,34,32,45,45,45,38,29],"gold":70,"neow_bonus":"BOSS_RELIC","is_daily":false,"chose_seed":false,"campfire_upgraded":8,"win_rate":0.0,"timestamp":1608393109,"path_taken":["M","M","?","M","?","R","?","E","T","E","?","E","R","M","R","BOSS","M","?","?","M","?","E","R","E","T","R","?","R","$","?","R","BOSS","M","$","?","M","?","E","?","E","T","E","R","M","M","M","R","BOSS","BOSS","R","$","E","BOSS"],"items_purchased_type":["Relic","Relic","Card","Relic","Card","Relic","Card","Potion","Potion"],"build_version":"2020-12-13","purchased_purges":2,"victory":true,"max_hp_per_floor":[75,75,89,89,89,89,89,89,99,99,99,99,99,99,99,99,99,99,49,49,49,49,49,49,49,49,49,49,49,49,49,49,49,49,49,49,49,49,49,49,49,49,49,49,49,49,49,49,49,49,49,49,49,49,49,49],"relic_stats":{"Gremlin Horn":[1,2],"counters":[29,141],"Bag of Preparation":[48],"MawBank":216,"Strange Spoon":[68],"OrangePellets":[25],"Dream Catcher":0,"Centennial Puzzle":[15],"Busted Crown":34,"Bronze Scales":[432],"Pantograph":11,"obtain_stats":[{"Potion Belt":10,"Pear":9,"Gremlin Horn":40,"Mango":3,"The Courier":8,"Bag of Preparation":11,"Incense Burner":28,"Omamori":42,"Ancient Tea Set":11,"MawBank":12,"Empty Cage":34,"Burning Blood":0,"Strange Spoon":30,"OrangePellets":36,"Dream Catcher":25,"Centennial Puzzle":44,"Busted Crown":17,"MutagenicStrength":20,"Bronze Scales":23,"Pantograph":55,"Philosopher\u0027s Stone":0,"Bag of Marbles":26,"Meat on the Bone":28},{"Potion Belt":5,"Pear":4,"Gremlin Horn":20,"Mango":2,"The Courier":4,"Bag of Preparation":5,"Incense Burner":14,"Omamori":21,"Ancient Tea Set":5,"MawBank":6,"Empty Cage":16,"Burning Blood":0,"Strange Spoon":14,"OrangePellets":17,"Dream Catcher":12,"Centennial Puzzle":22,"Busted Crown":8,"MutagenicStrength":9,"Bronze Scales":11,"Pantograph":28,"Philosopher\u0027s Stone":0,"Bag of Marbles":12,"Meat on the Bone":14},{"Potion Belt":16,"Pear":13,"Gremlin Horn":81,"Mango":8,"The Courier":13,"Bag of Preparation":16,"Incense Burner":48,"Omamori":86,"Ancient Tea Set":16,"MawBank":21,"Empty Cage":61,"Burning Blood":0,"Strange Spoon":48,"OrangePellets":65,"Dream Catcher":44,"Centennial Puzzle":94,"Busted Crown":31,"MutagenicStrength":34,"Bronze Scales":40,"Pantograph":130,"Philosopher\u0027s Stone":0,"Bag of Marbles":44,"Meat on the Bone":48}],"Meat on the Bone":0},"card_choices":[{"not_picked":["Pommel Strike","Wild Strike"],"picked":"Whirlwind","floor":1},{"not_picked":["Sever Soul","Wild Strike"],"picked":"Uppercut","floor":2},{"not_picked":["Disarm","Flex"],"picked":"Demon Form","floor":4},{"not_picked":["Sever Soul","Dark Embrace"],"picked":"Pummel","floor":8},{"not_picked":["Rupture","Perfected Strike"],"picked":"Impervious","floor":10},{"not_picked":["Evolve","Iron Wave"],"picked":"Battle Trance","floor":12},{"not_picked":["Body Slam","Havoc","Dark Embrace"],"picked":"SKIP","floor":14},{"not_picked":["Berserk","Barricade"],"picked":"Offering","floor":16},{"not_picked":["Flex"],"picked":"SKIP","floor":18},{"not_picked":["Blood for Blood"],"picked":"SKIP","floor":21},{"not_picked":["Fire Breathing"],"picked":"SKIP","floor":23},{"not_picked":["Fire Breathing"],"picked":"SKIP","floor":23},{"not_picked":["Reckless Charge+1"],"picked":"SKIP","floor":25},{"not_picked":["Infernal Blade"],"picked":"SKIP","floor":31},{"not_picked":[],"picked":"Berserk","floor":33},{"not_picked":["Rampage"],"picked":"SKIP","floor":35},{"not_picked":["Ghostly Armor"],"picked":"SKIP","floor":38},{"not_picked":[],"picked":"Pummel+1","floor":39},{"not_picked":["Rage"],"picked":"SKIP","floor":40},{"not_picked":["Intimidate"],"picked":"SKIP","floor":42},{"not_picked":["Clash+1"],"picked":"SKIP","floor":44},{"not_picked":["Clothesline"],"picked":"SKIP","floor":46},{"not_picked":[],"picked":"Sword Boomerang","floor":47},{"not_picked":["Flex"],"picked":"SKIP","floor":48},{"not_picked":[],"picked":"Brutality","floor":55}],"player_experience":2921272,"relics_obtained":[{"floor":8,"key":"The Courier"},{"floor":9,"key":"Pear"},{"floor":10,"key":"Potion Belt"},{"floor":12,"key":"MawBank"},{"floor":23,"key":"Bronze Scales"},{"floor":25,"key":"Dream Catcher"},{"floor":26,"key":"Bag of Marbles"},{"floor":28,"key":"Incense Burner"},{"floor":28,"key":"Meat on the Bone"},{"floor":40,"key":"Gremlin Horn"},{"floor":42,"key":"Omamori"},{"floor":44,"key":"Centennial Puzzle"},{"floor":55,"key":"Pantograph"}],"event_choices":[{"damage_healed":0,"gold_gain":0,"player_choice":"Success","damage_taken":5,"relics_obtained":["Mango"],"max_hp_gain":0,"max_hp_loss":0,"event_name":"Scrap Ooze","floor":3,"gold_loss":0},{"damage_healed":0,"gold_gain":75,"player_choice":"Gather Gold","damage_taken":11,"max_hp_gain":0,"max_hp_loss":0,"event_name":"World of Goop","floor":5,"gold_loss":0},{"damage_healed":29,"gold_gain":0,"player_choice":"Banana","damage_taken":0,"max_hp_gain":0,"max_hp_loss":0,"event_name":"Big Fish","floor":7,"gold_loss":0},{"damage_healed":0,"gold_gain":0,"player_choice":"Became a Ghost","damage_taken":0,"max_hp_gain":0,"max_hp_loss":50,"event_name":"Ghosts","floor":19,"gold_loss":0,"cards_obtained":["Ghostly","Ghostly","Ghostly"]},{"damage_healed":0,"gold_gain":0,"player_choice":"Inject Mutagens","damage_taken":0,"relics_obtained":["MutagenicStrength"],"max_hp_gain":0,"max_hp_loss":0,"event_name":"Drug Dealer","floor":20,"gold_loss":0},{"damage_healed":0,"gold_gain":0,"player_choice":"Simplicity","damage_taken":0,"max_hp_gain":0,"max_hp_loss":0,"event_name":"Back to Basics","floor":22,"gold_loss":0,"cards_upgraded":["Strike_R","Strike_R","Strike_R","Strike_R","Strike_R","Defend_R","Defend_R","Defend_R","Defend_R"]},{"damage_healed":0,"gold_gain":0,"player_choice":"Fight","damage_taken":0,"max_hp_gain":0,"max_hp_loss":0,"event_name":"Colosseum","floor":28,"gold_loss":0},{"damage_healed":0,"gold_gain":0,"player_choice":"Fought Nobs","damage_taken":0,"max_hp_gain":0,"max_hp_loss":0,"event_name":"Colosseum","floor":28,"gold_loss":0},{"cards_removed":["Strike_R"],"damage_healed":0,"gold_gain":0,"player_choice":"Offered Basic","damage_taken":0,"max_hp_gain":0,"max_hp_loss":0,"event_name":"Bonfire Elementals","floor":37,"gold_loss":0},{"damage_healed":0,"gold_gain":0,"player_choice":"Got Potions","damage_taken":0,"max_hp_gain":0,"max_hp_loss":0,"event_name":"Lab","floor":41,"gold_loss":0}],"is_beta":false,"boss_relics":[{"not_picked":["Runic Cube","Calling Bell"],"picked":"Busted Crown"},{"not_picked":["SlaversCollar","Runic Dome"],"picked":"Empty Cage"}],"items_purged_floors":[30,36],"is_endless":false,"potions_floor_spawned":[2,8,12,14,16,18,28,33,38,40,48],"ascension_level":20}}