{"host":"jm9833yuloeli2yd","time":1608416087,"event":{"mods":["AchievementEnabler","BaseMod","Better Altar","Better Match","Better Note","Better Sensory Stone","Better Skull","Better Vampires","Colored Map","Colored Powertips","DeckTracker","Minty Spire (QoL Compilation)","Permanent Neow","Quick Restart","Replay The Spire","StSLib","SuperFastMode"],"gold_per_floor":[114,129,129,142,191,203,203,217,217,267,267,287,287,316,330,330,406,406,423,212,232,282,298,298,298,298],"floor_reached":25,"playtime":629,"items_purged":["Strike_B"],"score":435,"play_id":"3d4aef97-6e39-421f-809c-2b5b50d75589","local_time":"20201219171447","is_ascension_mode":true,"campfire_choices":[{"floor":7.0,"key":"REST"},{"data":"Zap","floor":9.0,"key":"SMITH"},{"data":"Gash","floor":13.0,"key":"SMITH"},{"data":"Dualcast","floor":16.0,"key":"SMITH"},{"data":"Hologram","floor":24.0,"key":"SMITH"}],"circlet_count":0,"master_deck":["AscendersBane","Strike_B","Strike_B","Defend_B","Defend_B","Defend_B","Defend_B","Zap+1","Dualcast+1","Ball Lightning","Cold Snap","Cold Snap","Gash+1","Chill","Gash","Compile Driver","Multi-Cast+1","Leap","Electrodynamics+1","Cold Snap","Self Repair+1","Cold Snap+1","Recycle","Hologram+1"],"relics":["Cracked Core","Oddly Smooth Stone","Snack Pack","Bronze Scales","Golden Egg","Philosopher\u0027s Stone","BargainBundle"],"acts_visited":["Exordium","TheCity"],"potions_floor_usage":[25],"damage_taken":[{"damage":2.0,"enemies":"2 Louse","floor":1.0,"turns":3.0},{"damage":8.0,"enemies":"Small Slimes","floor":2.0,"turns":3.0},{"damage":8.0,"enemies":"Exordium Thugs","floor":4.0,"turns":4.0},{"damage":0.0,"enemies":"Looter","floor":6.0,"turns":3.0},{"damage":0.0,"enemies":"Gremlin Gang","floor":8.0,"turns":4.0},{"damage":5.0,"enemies":"Red Slaver","floor":12.0,"turns":3.0},{"damage":26.0,"enemies":"Gremlin Nob","floor":14.0,"turns":4.0},{"damage":0.0,"enemies":"2 Fungi Beasts","floor":15.0,"turns":2.0},{"damage":19.0,"enemies":"Slime Boss","floor":17.0,"turns":8.0},{"damage":4.0,"enemies":"3 Byrds","floor":19.0,"turns":2.0},{"damage":6.0,"enemies":"Chosen","floor":21.0,"turns":5.0},{"damage":31.0,"enemies":"Snake Plant","floor":23.0,"turns":4.0},{"damage":51,"enemies":"Replay:Snechameleon","floor":25,"turns":5}],"seed_played":"-5905417273651057048","potions_obtained":[{"floor":2.0,"key":"Explosive Potion"},{"floor":5.0,"key":"Block Potion"},{"floor":15.0,"key":"GamblersBrew"},{"floor":17.0,"key":"Dexterity Potion"}],"is_trial":false,"path_per_floor":["M","M","M","M","?","M","R","M","R","T","?","M","R","E","M","R","B",null,"M","$","M","?","M","R","E"],"character_chosen":"DEFECT","items_purchased":["BargainBundle","Strength Potion","Self Repair","Cold Snap"],"campfire_rested":1,"item_purchase_floors":[20,20,20,20],"current_hp_per_floor":[62,54,54,46,18,20,41,43,43,43,43,40,40,18,18,18,3,54,52,52,60,60,41,41,0,0],"gold":298,"neow_bonus":"RANDOM_COMMON_RELIC","is_daily":false,"chose_seed":false,"campfire_upgraded":4,"win_rate":0.0,"timestamp":1608416087,"path_taken":["M","M","M","M","?","M","R","M","R","T","?","M","R","E","M","R","BOSS","M","$","?","?","M","R","E"],"items_purchased_type":["Relic","Potion","Card","Card"],"build_version":"2020-12-13","purchased_purges":1,"victory":false,"max_hp_per_floor":[71,71,71,71,71,71,71,71,71,71,71,71,71,71,71,71,71,71,71,71,71,71,71,71,71,71],"card_choices":[{"not_picked":["Compile Driver","Doom and Gloom"],"picked":"Ball Lightning","floor":1.0},{"not_picked":["Redo","Hologram"],"picked":"Cold Snap","floor":2.0},{"not_picked":["Hologram","Streamline"],"picked":"Cold Snap","floor":4.0},{"not_picked":["Ball Lightning","Steam"],"picked":"Gash","floor":5.0},{"not_picked":["Steam","Static Discharge"],"picked":"Chill","floor":6.0},{"not_picked":["Consume","Loop"],"picked":"Gash","floor":8.0},{"not_picked":["Redo","Stack"],"picked":"Compile Driver","floor":12.0},{"not_picked":["Go for the Eyes","Crystallizer"],"picked":"Multi-Cast","floor":14.0},{"not_picked":["Sweeping Beam","Chaos"],"picked":"Leap","floor":15.0},{"not_picked":["Biased Cognition","Mirror Shield"],"picked":"Electrodynamics","floor":17.0},{"not_picked":["BasicCrystalCard","Storm"],"picked":"Cold Snap","floor":19.0},{"not_picked":["Turbo+1","Panic Button"],"picked":"Recycle","floor":21.0},{"not_picked":["Panic Button","ReplaySort"],"picked":"Hologram","floor":23.0}],"player_experience":1129476,"relics_obtained":[{"floor":5.0,"key":"Snack Pack"},{"floor":10.0,"key":"Bronze Scales"},{"floor":14.0,"key":"Golden Egg"}],"event_choices":[{"cards_removed":["Strike_B"],"damage_healed":0.0,"max_hp_gain":0.0,"max_hp_loss":0.0,"gold_gain":0.0,"event_name":"Purifier","player_choice":"Purged","floor":11.0,"gold_loss":0.0,"damage_taken":0.0},{"damage_healed":0.0,"max_hp_gain":0.0,"max_hp_loss":0.0,"gold_gain":50.0,"event_name":"Nest","player_choice":"Stole From Cult","floor":22.0,"gold_loss":0.0,"damage_taken":0.0}],"is_beta":false,"boss_relics":[{"not_picked":["Ring of Chaos","Replay:Bronze Core"],"picked":"Philosopher\u0027s Stone"}],"items_purged_floors":[20],"is_endless":false,"potions_floor_spawned":[2,6,15,17,23],"killed_by":"Replay:Snechameleon","ascension_level":20}}