{"host":"5f8ute538gzudddu","time":1608415884,"event":{"mods":["BaseMod","Highlight Path","Minty Spire (QoL Compilation)","Relic Stats","StSLib"],"gold_per_floor":[112,131,142,142,142,142,30,74,74,112,112,70,109,129,129,220,220,245,245,259,259,259],"floor_reached":21,"playtime":1497,"items_purged":["Defend_P"],"score":444,"play_id":"a432bc4c-fd2a-4a91-bab2-33c3a8901d1e","local_time":"20201219141124","is_ascension_mode":true,"campfire_choices":[{"data":"Wallop","floor":6.0,"key":"SMITH"},{"data":"CarveReality","floor":11.0,"key":"SMITH"},{"data":"MentalFortress","floor":15.0,"key":"SMITH"}],"circlet_count":0,"master_deck":["AscendersBane","Strike_P","Strike_P","Strike_P","Strike_P","Defend_P","Defend_P","Defend_P","Eruption+1","Vigilance","Wallop+1","CarveReality+1","MentalFortress+1","Wireheading","FlurryOfBlows+1","MentalFortress","SashWhip+1","BowlingBash+1","Blasphemy","EmptyFist+1"],"relics":["PureWater","Golden Idol","Molten Egg 2","Pear","Eternal Feather","Ancient Tea Set","VioletLotus"],"acts_visited":["Exordium","TheCity"],"potions_floor_usage":[21],"damage_taken":[{"damage":2.0,"enemies":"Cultist","floor":1.0,"turns":3.0},{"damage":0.0,"enemies":"2 Louse","floor":2.0,"turns":2.0},{"damage":0.0,"enemies":"Jaw Worm","floor":3.0,"turns":3.0},{"damage":0.0,"enemies":"Gremlin Nob","floor":8.0,"turns":3.0},{"damage":3.0,"enemies":"Lagavulin","floor":10.0,"turns":6.0},{"damage":8.0,"enemies":"3 Sentries","floor":13.0,"turns":4.0},{"damage":4.0,"enemies":"Blue Slaver","floor":14.0,"turns":2.0},{"damage":32.0,"enemies":"The Guardian","floor":16.0,"turns":10.0},{"damage":16.0,"enemies":"3 Byrds","floor":18.0,"turns":5.0},{"damage":20.0,"enemies":"2 Thieves","floor":20.0,"turns":4.0},{"damage":35,"enemies":"Cultist and Chosen","floor":21,"turns":4}],"seed_played":"-6870753301208392969","potions_obtained":[{"floor":1.0,"key":"Swift Potion"},{"floor":3.0,"key":"AttackPotion"},{"floor":14.0,"key":"Block Potion"},{"floor":19.0,"key":"DuplicationPotion"}],"is_trial":false,"path_per_floor":["M","M","M","?","?","R","$","E","T","E","R","$","E","M","R","B",null,"M","?","M","M"],"character_chosen":"WATCHER","items_purchased":["MentalFortress","MentalFortress"],"campfire_rested":0,"item_purchase_floors":[7,12],"current_hp_per_floor":[59,59,59,59,64,64,64,64,74,71,77,77,69,65,74,42,68,52,52,32,0,0],"gold":259,"neow_bonus":"UPGRADE_CARD","is_daily":false,"chose_seed":false,"campfire_upgraded":3,"win_rate":0.0,"timestamp":1608415884,"path_taken":["M","M","?","?","?","R","$","E","T","E","R","$","E","M","R","BOSS","M","?","M","?"],"items_purchased_type":["Card","Card"],"build_version":"2020-12-13","purchased_purges":1,"victory":false,"max_hp_per_floor":[68,68,68,62,67,67,67,67,77,77,77,77,77,77,77,77,77,77,77,77,77,77],"relic_stats":{"counters":[11,46],"Golden Idol":55,"Eternal Feather":15,"VioletLotus":[3],"obtain_stats":[{"Pear":9,"Golden Idol":4,"Molten Egg 2":8,"Eternal Feather":10,"VioletLotus":17,"PureWater":0,"Ancient Tea Set":13},{"Pear":4,"Golden Idol":3,"Molten Egg 2":4,"Eternal Feather":5,"VioletLotus":8,"PureWater":0,"Ancient Tea Set":6},{"Pear":11,"Golden Idol":8,"Molten Egg 2":11,"Eternal Feather":17,"VioletLotus":33,"PureWater":0,"Ancient Tea Set":21}]},"card_choices":[{"not_picked":["Sanctity","EmptyFist"],"picked":"Wallop","floor":1.0},{"not_picked":["Pray","Evaluate"],"picked":"CarveReality","floor":2.0},{"not_picked":["Protect","Prostrate","LikeWater"],"picked":"SKIP","floor":3.0},{"not_picked":["Fasting2","Halt"],"picked":"Wireheading","floor":8.0},{"not_picked":["Meditate","CutThroughFate+1"],"picked":"FlurryOfBlows+1","floor":10.0},{"not_picked":["WreathOfFlame","Wish"],"picked":"SashWhip+1","floor":13.0},{"not_picked":["Study","Fasting2"],"picked":"BowlingBash+1","floor":14.0},{"not_picked":["SpiritShield","Ragnarok+1"],"picked":"Blasphemy","floor":16.0},{"not_picked":["CarveReality+1","Crescendo","Collect+1"],"picked":"SKIP","floor":18.0},{"not_picked":["Study","BowlingBash+1"],"picked":"EmptyFist+1","floor":20.0}],"player_experience":886957,"relics_obtained":[{"floor":8.0,"key":"Molten Egg 2"},{"floor":9.0,"key":"Pear"},{"floor":10.0,"key":"Eternal Feather"},{"floor":13.0,"key":"Ancient Tea Set"}],"event_choices":[{"damage_healed":0.0,"max_hp_gain":0.0,"max_hp_loss":6.0,"gold_gain":0.0,"event_name":"Golden Idol","player_choice":"Lose Max HP","floor":4.0,"gold_loss":0.0,"damage_taken":0.0,"relics_obtained":["Golden Idol"]},{"damage_healed":0.0,"max_hp_gain":5.0,"max_hp_loss":0.0,"gold_gain":0.0,"event_name":"Big Fish","player_choice":"Donut","floor":5.0,"gold_loss":0.0,"damage_taken":0.0},{"damage_healed":0.0,"max_hp_gain":0.0,"max_hp_loss":0.0,"gold_gain":0.0,"event_name":"Lab","player_choice":"Got Potions","floor":19.0,"gold_loss":0.0,"damage_taken":0.0}],"is_beta":false,"boss_relics":[{"not_picked":["Velvet Choker","SlaversCollar"],"picked":"VioletLotus"}],"items_purged_floors":[7],"is_endless":false,"potions_floor_spawned":[1,3,14,18],"killed_by":"Cultist and Chosen","ascension_level":20}}