{"host":"vumwfieg2b2mnrfl","time":1608412095,"event":{"mods":["AchievementEnabler","BaseMod","Minty Spire (QoL Compilation)","Rare Cards Sparkle","Relic Stats"],"gold_per_floor":[117,36,52,65,78,113,129,129,180,216,240,258,296,312,312,312,312],"floor_reached":16,"playtime":483,"items_purged":[],"score":170,"play_id":"270c076c-fcf4-40db-b09b-f0efab6a5ecb","local_time":"20201219150815","is_ascension_mode":true,"campfire_choices":[{"floor":15,"key":"REST"}],"circlet_count":0,"master_deck":["Strike_R","Strike_R","Strike_R+1","Strike_R","Strike_R","Defend_R","Defend_R","Defend_R","Defend_R","Bash","Fire Breathing","Whirlwind","Uppercut","True Grit","Armaments","Pommel Strike+1","Injury","Hemokinesis","Carnage","Burning Pact","Entrench","Thunderclap"],"relics":["Burning Blood","NeowsBlessing","Letter Opener","Golden Idol","Whetstone","Question Card","Toy Ornithopter"],"acts_visited":["Exordium"],"potions_floor_usage":[6,10,13,16],"damage_taken":[{"damage":0,"enemies":"Cultist","floor":1,"turns":1},{"damage":0,"enemies":"2 Louse","floor":3,"turns":1},{"damage":0,"enemies":"Small Slimes","floor":4,"turns":1},{"damage":6,"enemies":"2 Fungi Beasts","floor":5,"turns":3},{"damage":28,"enemies":"Gremlin Nob","floor":6,"turns":4},{"damage":7,"enemies":"Large Slime","floor":7,"turns":6},{"damage":13,"enemies":"3 Sentries","floor":10,"turns":4},{"damage":8,"enemies":"Blue Slaver","floor":11,"turns":3},{"damage":8,"enemies":"Looter","floor":12,"turns":2},{"damage":32,"enemies":"Gremlin Nob","floor":13,"turns":4},{"damage":1,"enemies":"2 Fungi Beasts","floor":14,"turns":3},{"damage":61,"enemies":"Hexaghost","floor":16,"turns":14}],"seed_played":"-7329722045310207530","potions_obtained":[{"floor":3,"key":"Ancient Potion"},{"floor":4,"key":"Ancient Potion"},{"floor":6,"key":"SkillPotion"},{"floor":10,"key":"ElixirPotion"},{"floor":11,"key":"SteroidPotion"}],"is_trial":false,"path_per_floor":["M","$","M","M","M","E","M","?","T","E","M","M","E","M","R","B"],"character_chosen":"IRONCLAD","items_purchased":["Fire Breathing"],"campfire_rested":1,"item_purchase_floors":[2],"current_hp_per_floor":[78,78,80,80,80,58,57,57,57,50,48,46,20,25,49,0,0],"gold":312,"neow_bonus":"THREE_ENEMY_KILL","is_daily":false,"chose_seed":false,"campfire_upgraded":0,"win_rate":0.0,"timestamp":1608412095,"path_taken":["M","$","M","M","M","E","M","?","T","E","M","M","E","M","R","BOSS"],"items_purchased_type":["Card"],"build_version":"2020-12-13","purchased_purges":0,"victory":false,"max_hp_per_floor":[80,80,80,80,80,80,80,80,80,80,80,80,80,80,80,80,80],"relic_stats":{"counters":[12,46],"Golden Idol":27,"Letter Opener":[5],"Whetstone":["Strike_R","Pommel Strike"],"Question Card":4,"obtain_stats":[{"NeowsBlessing":0,"Golden Idol":8,"Letter Opener":6,"Whetstone":9,"Question Card":10,"Burning Blood":0,"Toy Ornithopter":13},{"NeowsBlessing":0,"Golden Idol":6,"Letter Opener":5,"Whetstone":6,"Question Card":7,"Burning Blood":0,"Toy Ornithopter":10},{"NeowsBlessing":0,"Golden Idol":16,"Letter Opener":10,"Whetstone":16,"Question Card":20,"Burning Blood":0,"Toy Ornithopter":29}],"Burning Blood":56,"Toy Ornithopter":5},"card_choices":[{"not_picked":["Perfected Strike","Evolve","Havoc"],"picked":"SKIP","floor":1},{"not_picked":["Clash","Rupture"],"picked":"Whirlwind","floor":3},{"not_picked":["Flex","True Grit"],"picked":"Uppercut","floor":4},{"not_picked":["Perfected Strike","True Grit","Rampage"],"picked":"SKIP","floor":5},{"not_picked":["Perfected Strike","Rampage"],"picked":"True Grit","floor":5},{"not_picked":["Heavy Blade","True Grit"],"picked":"Armaments","floor":6},{"not_picked":["Uppercut","Bloodletting"],"picked":"Pommel Strike","floor":7},{"not_picked":["Perfected Strike","Wild Strike"],"picked":"Hemokinesis","floor":10},{"not_picked":["Brutality","Second Wind","Cleave"],"picked":"Carnage","floor":11},{"not_picked":["Anger","True Grit","Sword Boomerang"],"picked":"Burning Pact","floor":12},{"not_picked":["Blood for Blood","True Grit","Bludgeon"],"picked":"Entrench","floor":13},{"not_picked":["Perfected Strike","Searing Blow","True Grit"],"picked":"Thunderclap","floor":14}],"player_experience":256544,"relics_obtained":[{"floor":6,"key":"Letter Opener"},{"floor":9,"key":"Whetstone"},{"floor":10,"key":"Question Card"},{"floor":13,"key":"Toy Ornithopter"}],"event_choices":[{"damage_healed":0,"gold_gain":0,"player_choice":"Take Wound","damage_taken":0,"relics_obtained":["Golden Idol"],"max_hp_gain":0,"max_hp_loss":0,"event_name":"Golden Idol","floor":8,"gold_loss":0,"cards_obtained":["Injury"]}],"is_beta":false,"boss_relics":[],"items_purged_floors":[],"is_endless":false,"potions_floor_spawned":[3,4,6,10,11],"killed_by":"Hexaghost","ascension_level":7}}