{"host":"bh9icy45a7txwdm6","time":1608363088,"event":{"mods":["BaseMod","KomeijiMod","Minty Spire (QoL Compilation)","MostiFishMod","SOS£¨Ë¹°Í´ïÖ®×Ó£©","Small Relic Pack","StSLib","Waifu the Spire","Youmu£¨»êÆÇÑýÃÎ£©","vexMod","¡¾ÒÅÎï¿¨ÅÆ¡¿REMEMod"],"gold_per_floor":[110,110,129,146,211,211,242,257,283,308,308,324,340,351,351,450,450,466,466,466,90,90,90,103,103,126,137,187,205,233,2,2,103,103,113,53,53,28,42,42,71,83,83,97,97,97,42,55,55,55,55,55,28,59,59],"floor_reached":56,"playtime":4530,"items_purged":["Strike_YM+1"],"score":1348,"play_id":"3afb4c92-99cf-47cf-b197-b47fbab46b28","local_time":"20201219153128","is_ascension_mode":true,"campfire_choices":[{"data":"SlashOfSaigyouSpringWind","floor":6.0,"key":"SMITH"},{"floor":11.0,"key":"REST"},{"data":"TurningAngelCut","floor":15.0,"key":"SMITH"},{"data":"IrresoluteSoul","floor":23.0,"key":"SMITH"},{"data":"HumanKnowledgeSword","floor":25.0,"key":"SMITH"},{"floor":32.0,"key":"REST"},{"data":"Apotheosis","floor":40.0,"key":"SMITH"},{"data":"REME_FirmDetermination","floor":46,"key":"SMITH"},{"floor":49,"key":"RECALL"},{"data":"MostiFishMod:PerfectForm","floor":52,"key":"SMITH"}],"circlet_count":1,"master_deck":["Strike_YM+1","Strike_YM+1","Strike_YM+1","Defend_YM+1","Defend_YM+1","Defend_YM+1","Defend_YM+1","SlashOfPresentWorld","WheelOfPainOfLivingAndDead","SlashOfSaigyouSpringWind+1","MostiFishMod:PerfectForm+1","SlashOfDepartureFromHesitation","TransmigrationSlash","SwordExtraction","PreachingAvici","RapidSlash","EchoesOfTheInclemencyOfAllBeings","HellFireSword","TurningAngelCut+1","DeadlyForm","SlashOfAscensionToBuddhahood+1","IrresoluteSoul+1","PreachingAvici","HumanKnowledgeSword+1","HellFireSword","SanzenSekai","FastingOfTheYoungPreta","Apotheosis+1","ThoughtCuttingSword","AsuraSword","LightFlashOfTheNetherworld+1","ASingleThoughtAndInfiniteKalpas","LotusPostureSlash+1","HumanKnowledgeSword+1","HumanGodSword","REME_FirmDetermination+1","BloodOfAsura","FiveSignsOfTheDyingDeva"],"relics":["HalfPhantom","REME_ComplimentaryCards","DaveBox","GreenFoldingFan","Circlet","Question Card","Odd Mushroom","ImportantClient","GuanYuAspect","vexMod:BarristanHead","Roukanken","Gremlin Horn","BirthdayGift-Tetrahedron","vexMod:MemoryStick"],"acts_visited":["TheCity","TheBeyond","TheEnding"],"potions_floor_usage":[42],"damage_taken":[{"damage":8.0,"enemies":"Jaw Worm","floor":1.0,"turns":3.0},{"damage":11.0,"enemies":"Small Slimes","floor":3.0,"turns":4.0},{"damage":6.0,"enemies":"2 Louse","floor":4.0,"turns":2.0},{"damage":5.0,"enemies":"Gremlin Nob","floor":7.0,"turns":3.0},{"damage":14.0,"enemies":"Looter","floor":8.0,"turns":3.0},{"damage":36.0,"enemies":"The Mushroom Lair","floor":10.0,"turns":4.0},{"damage":5.0,"enemies":"3 Louse","floor":12.0,"turns":3.0},{"damage":2.0,"enemies":"Red Slaver","floor":13.0,"turns":1.0},{"damage":2.0,"enemies":"Lots of Slimes","floor":14.0,"turns":1.0},{"damage":8.0,"enemies":"Hexaghost","floor":16.0,"turns":5.0},{"damage":32.0,"enemies":"Shell Parasite","floor":18.0,"turns":4.0},{"damage":7.0,"enemies":"2 Thieves","floor":24.0,"turns":3.0},{"damage":6.0,"enemies":"Sentry and Sphere","floor":27.0,"turns":3.0},{"damage":8.0,"enemies":"Shelled Parasite and Fungi","floor":29.0,"turns":2.0},{"damage":43.0,"enemies":"REME_1_Revenger","floor":30.0,"turns":4.0},{"damage":32.0,"enemies":"Automaton","floor":33.0,"turns":6.0},{"damage":7.0,"enemies":"3 Shapes","floor":35.0,"turns":2.0},{"damage":15.0,"enemies":"Orb Walker","floor":39.0,"turns":2.0},{"damage":10,"enemies":"Reptomancer","floor":41,"turns":3},{"damage":10,"enemies":"Sphere and 2 Shapes","floor":42,"turns":3},{"damage":14,"enemies":"4 Shapes","floor":44,"turns":2},{"damage":6,"enemies":"Jaw Worm Horde","floor":48,"turns":2},{"damage":25,"enemies":"Awakened One","floor":50,"turns":6},{"damage":26,"enemies":"Shield and Spear","floor":54,"turns":3},{"damage":36,"enemies":"The Heart","floor":55,"turns":5}],"seed_played":"-6797626590397950973","potions_obtained":[{"floor":7.0,"key":"ColorlessPotion"},{"floor":8.0,"key":"AttackPotion"},{"floor":10.0,"key":"ColorlessPotion"},{"floor":12.0,"key":"SkillPotion"},{"floor":13.0,"key":"PhantomPosion"},{"floor":16.0,"key":"Strength Potion"},{"floor":29.0,"key":"PhantomPosion"},{"floor":30.0,"key":"Block Potion"},{"floor":48,"key":"PhantomPosion"}],"is_trial":false,"path_per_floor":["M","?","M","M","?","R","E","M","T","?","R","M","M","M","R","B",null,"M","?","?","$","?","R","M","R","T","M","?","M","E","$","R","B",null,"M","$","?","?","M","R","E","M","T","M","?","R","$","M","R","B",null,"R","$","E","B",null],"character_chosen":"YOUMU","items_purchased":["vexMod:BarristanHead","IrresoluteSoul","PreachingAvici","CultistPotion","Apotheosis","ThoughtCuttingSword","ASingleThoughtAndInfiniteKalpas","BloodOfAsura","FiveSignsOfTheDyingDeva"],"campfire_rested":2,"item_purchase_floors":[21,21,21,21,31,31,36,47,53],"current_hp_per_floor":[56,56,55,59,59,59,64,60,60,34,56,61,69,75,75,75,38,21,21,14,14,14,14,24,24,24,38,38,42,13,13,19,32,43,43,43,43,43,39,39,43,43,43,43,43,43,43,43,43,43,43,43,43,43,43],"gold":59,"neow_bonus":"THREE_RARE_CARDS","is_daily":false,"chose_seed":false,"campfire_upgraded":7,"win_rate":0.0,"timestamp":1608363088,"path_taken":["M","?","M","M","?","R","E","M","T","?","R","M","M","?","R","BOSS","M","?","?","$","?","R","M","R","T","M","?","?","E","$","R","BOSS","M","?","?","?","?","R","E","M","T","M","?","R","$","M","R","BOSS","R","$","E","BOSS"],"items_purchased_type":["Relic","Card","Card","Potion","Card","Card","Card","Card","Card"],"build_version":"2020-12-13","purchased_purges":1,"victory":true,"max_hp_per_floor":[75,75,75,75,75,75,75,75,75,75,75,75,75,75,75,75,38,38,38,43,43,43,43,43,43,43,43,43,43,43,43,43,43,43,43,43,43,43,43,43,43,43,43,43,43,43,43,43,43,43,43,43,43,43,43],"card_choices":[{"not_picked":["ReincarnationSword","HeavenGodSword"],"picked":"SlashOfSaigyouSpringWind","floor":0.0},{"not_picked":["HellGodSword","HeartExcerptSlash"],"picked":"HumanRealmSword","floor":1.0},{"not_picked":["HumanKnowledgeSword","SwordOfBindingDesires","SwordExtraction"],"picked":"SlashOfDepartureFromHesitation","floor":3.0},{"not_picked":["DispleasureOfTheSevenHakus","SwordExtraction","LowerRealmReflectionSlash"],"picked":"TransmigrationSlash","floor":4.0},{"not_picked":["FlashingScatteredFlowers","HesitationCuttingSword","SpiderLilyBurial"],"picked":"SwordExtraction","floor":7.0},{"not_picked":["LowerRealmReflectionSlash","SwordExtraction","SlashOfDepartureFromHesitation"],"picked":"PreachingAvici","floor":8.0},{"not_picked":["SwordOfBindingDesires","ObsessionWithThePresentWorld","SlashOfAscensionToBuddhahood"],"picked":"RapidSlash","floor":10.0},{"not_picked":["LowerRealmReflectionSlash","SanzenSekai","LightFlashOfTheNetherworld"],"picked":"EchoesOfTheInclemencyOfAllBeings","floor":12.0},{"not_picked":["SanzenSekai","FantasyOfEnteringEnlightenment","SpiritCuttingSword"],"picked":"HellFireSword","floor":13.0},{"not_picked":["ConstancyOfTheConventionalTruth","ThreeKonsSevenHakus","SwordExtraction"],"picked":"TurningAngelCut","floor":14.0},{"not_picked":["VoidnessSword","CelestialStarSword","IrresoluteSoul"],"picked":"DeadlyForm","floor":16.0},{"not_picked":["SwordExtraction","PhosphoricSlash+1","HesitationCuttingSword"],"picked":"SlashOfAscensionToBuddhahood+1","floor":18.0},{"not_picked":["ConstancyOfTheConventionalTruth+1","SwordExtraction","HellFireSword"],"picked":"HumanKnowledgeSword","floor":24.0},{"not_picked":["LifeCuttingSword+1","FlashingScatteredFlowers","HeartExcerptSlash"],"picked":"HellFireSword","floor":27.0},{"not_picked":["PhosphoricSlash+1","SpiritCuttingSword+1","SlashClearingTheSixSenses"],"picked":"SanzenSekai","floor":29.0},{"not_picked":["ThreeKonsSevenHakus","TurningAngelCut","SlashOfDepartureFromHesitation"],"picked":"FastingOfTheYoungPreta","floor":30.0},{"not_picked":["HeavenGodSword","ReincarnationSword","VoidnessSword"],"picked":"AsuraSword","floor":33.0},{"not_picked":["DispleasureOfTheSevenHakus+1","TwoHundredYojanaInOneSlash","SwordOfBindingDesires+1"],"picked":"LightFlashOfTheNetherworld+1","floor":35.0},{"not_picked":["SwordOfBindingDesires+1","HellFireSword","AsTheSilentNirvana"],"picked":"LotusPostureSlash+1","floor":39.0},{"not_picked":["SlashClearingTheSixSenses","VoidnessSword","DispleasureOfTheSevenHakus"],"picked":"HumanKnowledgeSword+1","floor":41},{"not_picked":["PhosphoricSlash+1","FiveSignsOfTheDyingDeva+1","HiganSword"],"picked":"HumanGodSword","floor":42},{"not_picked":["HellFireSword","SwordExtraction","HeartExcerptSlash","SlashOfMeditation+1"],"picked":"SKIP","floor":44},{"not_picked":["Discovery","PanicButton","REME_TwoStrings"],"picked":"REME_FirmDetermination","floor":45},{"not_picked":["SpiritCuttingSword","HesitationCuttingSword","SwordExtraction+1","SlashOfAscensionToBuddhahood"],"picked":"SKIP","floor":48},{"not_picked":["FlashingScatteredFlowers+1","HeavenlyHaloSlash","HumanKnowledgeSword","CherryBlossomFlashing"],"picked":"SKIP","floor":54}],"player_experience":17642,"relics_obtained":[{"floor":1.0,"key":"Baka"},{"floor":1.0,"key":"Question Card"},{"floor":7.0,"key":"Circlet"},{"floor":10.0,"key":"Odd Mushroom"},{"floor":16.0,"key":"ImportantClient"},{"floor":26.0,"key":"Circlet"},{"floor":30.0,"key":"Gremlin Horn"},{"floor":41,"key":"vexMod:MemoryStick"},{"floor":43,"key":"Circlet"},{"floor":54,"key":"Circlet"}],"event_choices":[{"damage_healed":0.0,"max_hp_gain":0.0,"max_hp_loss":0.0,"gold_gain":65.0,"event_name":"Golden Wing","player_choice":"Gained Gold","floor":5.0,"gold_loss":0.0,"damage_taken":0.0},{"damage_healed":0.0,"max_hp_gain":0.0,"max_hp_loss":0.0,"gold_gain":0.0,"event_name":"Mushrooms","player_choice":"Fought Mushrooms","floor":10.0,"gold_loss":0.0,"damage_taken":0.0},{"damage_healed":0.0,"max_hp_gain":0.0,"max_hp_loss":0.0,"gold_gain":0.0,"event_name":"Back to Basics","player_choice":"Simplicity","floor":19.0,"gold_loss":0.0,"damage_taken":0.0,"cards_upgraded":["Strike_YM","Strike_YM","Strike_YM","Strike_YM","Defend_YM","Defend_YM","Defend_YM","Defend_YM"]},{"damage_healed":0.0,"max_hp_gain":5.0,"max_hp_loss":0.0,"gold_gain":0.0,"event_name":"Forgotten Altar","player_choice":"Shed Blood","floor":20.0,"gold_loss":0.0,"damage_taken":10.0},{"damage_healed":0.0,"max_hp_gain":0.0,"max_hp_loss":0.0,"gold_gain":0.0,"event_name":"The Mausoleum","player_choice":"Opened","floor":22.0,"gold_loss":0.0,"damage_taken":0.0,"relics_obtained":["Roukanken"]},{"damage_healed":0.0,"max_hp_gain":0.0,"max_hp_loss":0.0,"gold_gain":100.0,"event_name":"The Joust","player_choice":"Bet on Murderer","floor":28.0,"gold_loss":50.0,"damage_taken":0.0},{"damage_healed":0,"gold_gain":0,"player_choice":"Memory 1","damage_taken":0,"max_hp_gain":0,"max_hp_loss":0,"event_name":"SensoryStone","floor":45,"gold_loss":0}],"is_beta":false,"boss_relics":[{"not_picked":["Empty Cage","BloodWine"],"picked":"GuanYuAspect"},{"not_picked":["Circlet","Circlet"],"picked":"BirthdayGift-Tetrahedron"}],"items_purged_floors":[31],"is_endless":false,"potions_floor_spawned":[7,8,10,12,13,16,29,30,41,48],"ascension_level":1}}