{"host":"cvi30shpqg1ukvbr","time":1608339106,"event":{"mods":["Act Like it!","BaseMod","Better Altar","Better Match","Better Note","Better Sensory Stone","Better Skull","Better Third Choice","Conspire","GifTheSpireLib","Hubris","Infinite Spire","Minty Spire (QoL Compilation)","Relic Stats","Replay The Spire","Shop Mod","Spicy Shops","StSLib","Stuff the Spire"],"gold_per_floor":[111,131,145,165,175,205,205,234,234,250,0,11,43,43,43,146,146,156,431,449,9,9,44,59,84,138,158,172,172,182,217,217,312,312,332,387,387,399,409,409,434,434,458,483,483,483,483,483,483,483,483,483,113,155,155,155],"floor_reached":55,"playtime":2022,"items_purged":[],"score":1184,"play_id":"6c6e5cce-671d-4687-9c5a-8047ccb1e010","local_time":"20201219095146","is_ascension_mode":true,"campfire_choices":[{"data":"Sword Boomerang","floor":7,"key":"SMITH"},{"data":"hubris:DuctTapeCard","floor":15,"key":"SMITH"},{"floor":32,"key":"DIG"},{"floor":40,"key":"RECALL"},{"data":"Double Tap","floor":42,"key":"SMITH"},{"floor":46,"key":"REST"},{"data":"Limit Break","floor":49,"key":"SMITH"},{"data":"ReplayTheSpireMod:LeadingStrike","floor":52,"key":"SMITH"}],"circlet_count":0,"master_deck":["Defend_R","Defend_R","Defend_R","Defend_R","Bash","conspire:NecroticWound","Cleave","Wild Strike","ReplayTheSpireMod:LeadingStrike+1","Cleave","conspire:ExplosiveBarrier","Sword Boomerang+1","True Grit","hubris:DuctTapeCard+2","Demon Form","Whirlwind","Regret","Heavy Blade+1","Power Through","Flex+1","Uppercut+1","ReplayTheSpireMod:Stacked","Cleave+1","Power Through","Double Tap+1","Shrug It Off+1","Immolate+1","Anger+1","Rage","True Grit+1","Armaments+1","Flex","StuffTheSpire:Pyroclast+1","AscendersBane","Limit Break+1","Juggernaut"],"relics":["Burning Blood","Du-Vu Doll","conspire:BottledYoYo","StuffTheSpire:CocoNut","StuffTheSpire:Mouthbags","Meat on the Bone","hubris:DuctTape","hubris:Backtick","hubris:IronBody","Torii","Brimstone","StuffTheSpire:Gunfinga","Molten Egg 2","Replay:Rubber Ducky","Mummified Hand","Another Sword","Astrolabe","infinitespire:Joker Card","StuffTheSpire:HeavyRock","Dream Catcher","Juzu Bracelet","infinitespire:EvilPickle","hubris:SlimyHat","Bag of Preparation","Replay:Bottled Steam"],"acts_visited":["Exordium","TheCity","TheBeyond","TheEnding"],"potions_floor_usage":[6,8,12,16,18,31,33,50,54,55,55,55],"damage_taken":[{"damage":10,"enemies":"Cultist","floor":1,"turns":4},{"damage":0,"enemies":"2 Louse","floor":2,"turns":4},{"damage":8,"enemies":"Small Slimes","floor":3,"turns":3},{"damage":12,"enemies":"Blue Slaver","floor":4,"turns":2},{"damage":11,"enemies":"Red Slaver","floor":5,"turns":3},{"damage":26,"enemies":"3 Sentries","floor":6,"turns":7},{"damage":16,"enemies":"Lagavulin","floor":8,"turns":4},{"damage":7,"enemies":"3 Louse","floor":10,"turns":2},{"damage":0,"enemies":"Gremlin Gang","floor":12,"turns":2},{"damage":14,"enemies":"Gremlin Nob","floor":13,"turns":3},{"damage":32,"enemies":"The Guardian","floor":16,"turns":7},{"damage":16,"enemies":"Chosen","floor":18,"turns":5},{"damage":21,"enemies":"2 Thieves","floor":20,"turns":3},{"damage":13,"enemies":"Book of Stabbing","floor":23,"turns":4},{"damage":7,"enemies":"Cultist and Chosen","floor":24,"turns":2},{"damage":1,"enemies":"conspire:SneckoGhost","floor":25,"turns":4},{"damage":10,"enemies":"Snake Plant","floor":27,"turns":3},{"damage":2,"enemies":"Centurion and Healer","floor":28,"turns":4},{"damage":7,"enemies":"Cultist and Chosen","floor":30,"turns":2},{"damage":12,"enemies":"Slavers","floor":31,"turns":3},{"damage":30,"enemies":"Pondfish","floor":33,"turns":7},{"damage":7,"enemies":"Orb Walker","floor":35,"turns":2},{"damage":25,"enemies":"2 Orb Walkers","floor":36,"turns":3},{"damage":4,"enemies":"3 Darklings","floor":38,"turns":3},{"damage":1,"enemies":"Maw","floor":39,"turns":6},{"damage":20,"enemies":"Giant Head","floor":41,"turns":6},{"damage":34,"enemies":"Nemesis","floor":44,"turns":7},{"damage":2,"enemies":"hubris:GrandSnecko","floor":50,"turns":6},{"damage":0,"enemies":"Shield and Spear","floor":54,"turns":3},{"damage":92,"enemies":"The Heart","floor":55,"turns":6}],"seed_played":"6691518138005910168","potions_obtained":[{"floor":1,"key":"Weak Potion"},{"floor":2,"key":"Swift Potion"},{"floor":3,"key":"DuplicationPotion"},{"floor":6,"key":"Swift Potion"},{"floor":10,"key":"BlessingOfTheForge"},{"floor":20,"key":"ColorlessPotion"},{"floor":23,"key":"Dexterity Potion"},{"floor":30,"key":"Energy Potion"},{"floor":33,"key":"LifebloodPotion"},{"floor":36,"key":"GamblersBrew"},{"floor":39,"key":"Strength Potion"},{"floor":54,"key":"Block Potion"}],"is_trial":false,"path_per_floor":["M","M","M","M","M","E","R","E","T","M","$","M","E","$","R","B",null,"M","?","M","$","?","E","M","E","T","M","M","?","M","E","R","B",null,"M","?","AVR","M","M","R","E","R","T","E","?","R","?","?","R","B",null,"R","$","E","B"],"character_chosen":"IRONCLAD","items_purchased":["Meat on the Bone","Torii","Brimstone","hubris:SlimyHat","Bag of Preparation","Languid Potion"],"campfire_rested":1,"item_purchase_floors":[11,21,21,53,53,53],"current_hp_per_floor":[76,80,78,72,67,47,47,44,44,43,43,61,53,53,53,39,87,77,77,62,62,62,55,54,59,59,55,59,59,58,52,52,40,87,86,67,67,69,74,74,60,60,60,44,44,70,70,75,75,79,87,87,87,87,0,0],"gold":155,"neow_bonus":"ONE_RARE_RELIC","is_daily":false,"chose_seed":false,"campfire_upgraded":5,"win_rate":0.0,"timestamp":1608339106,"path_taken":["M","M","M","?","M","E","R","E","T","M","$","M","E","$","R","BOSS","M","?","M","$","?","E","M","E","T","M","?","?","M","E","R","BOSS","M","?","AVR","M","M","R","E","R","T","E","?","R","?","?","R","BOSS","R","$","E","BOSS"],"items_purchased_type":["Relic","Relic","Relic","Relic","Relic","Potion"],"build_version":"2020-12-13","purchased_purges":0,"victory":false,"max_hp_per_floor":[80,80,80,80,80,80,80,87,87,87,87,87,87,87,87,87,87,87,87,87,87,87,87,87,87,87,87,87,87,87,87,87,87,87,87,87,87,87,87,87,87,87,87,87,87,87,87,87,87,87,87,87,87,87,87,87],"relic_stats":{"Dream Catcher":1,"Torii":49,"counters":[22,93],"Mummified Hand":[15],"Astrolabe":["Shrug It Off","Immolate","Anger"],"Juzu Bracelet":1,"Bag of Preparation":[4],"obtain_stats":[{"Darkstone Periapt":27,"Golden Egg":9,"ReplayTheSpireMod:Ninjato":6,"The Courier":27,"hubris:SlimyHat":53,"Bag of Preparation":53,"Question Card":2,"Burning Blood":0,"StuffTheSpire:RunicConfusion":19,"FaceOfCleric":20,"Sundial":14,"Molten Egg 2":8,"Black Star":17,"conspire:DeflatedDodgeball":26,"StrikeDummy":19,"Replay:Bottled Steam":54},{"Darkstone Periapt":15,"Golden Egg":6,"ReplayTheSpireMod:Ninjato":5,"The Courier":15,"hubris:SlimyHat":20,"Bag of Preparation":20,"Question Card":2,"Burning Blood":0,"StuffTheSpire:RunicConfusion":12,"FaceOfCleric":12,"Sundial":10,"Molten Egg 2":6,"Black Star":11,"conspire:DeflatedDodgeball":14,"StrikeDummy":12,"Replay:Bottled Steam":21},{"Darkstone Periapt":63,"Golden Egg":25,"ReplayTheSpireMod:Ninjato":19,"The Courier":63,"hubris:SlimyHat":84,"Bag of Preparation":84,"Question Card":10,"Burning Blood":0,"StuffTheSpire:RunicConfusion":53,"FaceOfCleric":53,"Sundial":39,"Molten Egg 2":25,"Black Star":48,"conspire:DeflatedDodgeball":59,"StrikeDummy":53,"Replay:Bottled Steam":87}],"Burning Blood":114,"Meat on the Bone":48},"card_choices":[{"not_picked":["Shrug It Off","Perfected Strike"],"picked":"Cleave","floor":1},{"not_picked":["ReplayReversal","Perfected Strike"],"picked":"Sword Boomerang","floor":2},{"not_picked":["Thunderclap","Replay:Undeath\u0027s Touch"],"picked":"Wild Strike","floor":3},{"not_picked":["Clash","Wild Strike"],"picked":"Feel No Pain","floor":4},{"not_picked":["True Grit","ReplayReversal"],"picked":"ReplayTheSpireMod:LeadingStrike","floor":5},{"not_picked":["Abandon","Pommel Strike"],"picked":"Cleave","floor":6},{"not_picked":["Seeing Red","Fiend Fire"],"picked":"conspire:ExplosiveBarrier","floor":8},{"not_picked":["Clash","Sword Boomerang"],"picked":"True Grit","floor":10},{"not_picked":["Perfected Strike","Body Slam","Heavy Blade"],"picked":"SKIP","floor":12},{"not_picked":["Twin Strike","ReplayTheSpireMod:Limb From Limb"],"picked":"Fire Breathing","floor":13},{"not_picked":["Limit Break","Demonic Infusion"],"picked":"Demon Form","floor":16},{"not_picked":["Replay:Undeath\u0027s Touch","Sword Boomerang+1"],"picked":"Whirlwind","floor":18},{"not_picked":["Wild Strike","StuffTheSpire:BloodClot+1"],"picked":"Heavy Blade+1","floor":20},{"not_picked":["Fire Breathing","ReplayTheSpireMod:Corrosion Curse"],"picked":"Power Through","floor":23},{"not_picked":["Clash","Warcry","ReplayTheSpireMod:Strike From Hell"],"picked":"SKIP","floor":24},{"not_picked":["Heavy Blade+1","ReplayTheSpireMod:Muscle Training"],"picked":"Flex+1","floor":25},{"not_picked":["Warcry","Dark Embrace"],"picked":"Uppercut+1","floor":27},{"not_picked":["ReplayTheSpireMod:Strike From Hell+1","Heavy Blade+1"],"picked":"ReplayTheSpireMod:Stacked","floor":28},{"not_picked":["ReplayReversal","hubris:SharpeningStone+1"],"picked":"Cleave+1","floor":30},{"not_picked":["Anger+1","Wild Strike+1"],"picked":"Power Through","floor":31},{"not_picked":["Immolate+1","Eclipse"],"picked":"Double Tap","floor":33},{"not_picked":["Warcry","Cleave+1","Dual Wield"],"picked":"SKIP","floor":35},{"not_picked":["Run Through+1","Dropkick+1"],"picked":"Rage","floor":36},{"not_picked":["Rampage+1","ReplayReversal+1"],"picked":"True Grit+1","floor":38},{"not_picked":["ReplayReversal","Warcry"],"picked":"Armaments+1","floor":39},{"not_picked":["Burning Pact","ReplayTheSpireMod:Muscle Training"],"picked":"Flex","floor":41},{"not_picked":["Iron Wave+1","Perfected Strike+1"],"picked":"StuffTheSpire:Pyroclast+1","floor":44},{"not_picked":["hubris:ReadiedAction","StuffTheSpire:RockThrow+1"],"picked":"Juggernaut","floor":54}],"player_experience":1755324,"relics_obtained":[{"floor":6,"key":"conspire:BottledYoYo"},{"floor":8,"key":"StuffTheSpire:CocoNut"},{"floor":9,"key":"StuffTheSpire:Mouthbags"},{"floor":13,"key":"hubris:DuctTape"},{"floor":23,"key":"StuffTheSpire:Gunfinga"},{"floor":25,"key":"Molten Egg 2"},{"floor":26,"key":"Replay:Rubber Ducky"},{"floor":31,"key":"Mummified Hand"},{"floor":32,"key":"Another Sword"},{"floor":36,"key":"infinitespire:Joker Card"},{"floor":41,"key":"Dream Catcher"},{"floor":44,"key":"Juzu Bracelet"},{"floor":54,"key":"Replay:Bottled Steam"}],"event_choices":[{"damage_healed":0,"gold_gain":275,"player_choice":"Desecrate","damage_taken":0,"max_hp_gain":0,"max_hp_loss":0,"event_name":"Golden Shrine","floor":19,"gold_loss":0,"cards_obtained":["Regret"]},{"cards_removed":["Strike_R"],"damage_healed":0,"gold_gain":0,"player_choice":"Purged","damage_taken":0,"max_hp_gain":0,"max_hp_loss":0,"event_name":"Purifier","floor":22,"gold_loss":0},{"cards_removed":["Demon Form"],"damage_healed":0,"gold_gain":0,"player_choice":"Give","damage_taken":0,"max_hp_gain":0,"max_hp_loss":0,"event_name":"betterNote:BetterNote","floor":29,"gold_loss":0,"cards_obtained":["None"]},{"damage_healed":0,"gold_gain":0,"player_choice":"Fight","damage_taken":0,"max_hp_gain":0,"max_hp_loss":0,"event_name":"Mysterious Sphere","floor":36,"gold_loss":0},{"cards_removed":["Strike_R"],"damage_healed":0,"gold_gain":0,"player_choice":"Offered Basic","damage_taken":0,"max_hp_gain":0,"max_hp_loss":0,"event_name":"Bonfire Elementals","floor":45,"gold_loss":0},{"damage_healed":0,"gold_gain":3,"player_choice":"3","damage_taken":0,"max_hp_gain":0,"max_hp_loss":0,"event_name":"betterStone:BetterStone","floor":47,"gold_loss":0,"cards_obtained":["Limit Break"]},{"damage_healed":5,"gold_gain":0,"player_choice":"LEAVE ","damage_taken":0,"relics_obtained":[],"max_hp_gain":0,"max_hp_loss":0,"event_name":"betterSkull:BetterSkull","floor":48,"gold_loss":0,"cards_upgraded":[]}],"is_beta":false,"boss_relics":[{"not_picked":["Sozu","Snecko Heart"],"picked":"hubris:Backtick"},{"not_picked":["Replay:Wanted Poster","conspire:RoyalGoblet"],"picked":"Astrolabe"}],"items_purged_floors":[],"is_endless":false,"potions_floor_spawned":[1,2,3,6,10,20,23,30,33,36,38,39,54],"killed_by":"The Heart","ascension_level":1}}