{"host":"pew4fjlaqz7m1maf","time":1608372014,"event":{"mods":["AchievementEnabler","Bartender","BaseMod","Bestiary","Colored Map","Colored Powertips","DeckTracker","Duelist Mod","GifTheSpireLib","Hero for Fun","Hyrulean Relics","Jedi Mod","Kalas","LagranYue(ùfäiòNÅEåé)","Magitek Elite","MarisaÅiñ∂âJÅ@ñÇóùçπÅj","Minty Spire (QoL Compilation)","Prisma Mod","Quick Restart","Random Character Button","Rare Cards Sparkle","Relic Stats","Replay The Spire","SOSÅiézîb?îVéqÅj","StSLib","Steal the Spire","Td1madao Mod","The Animator","The Bug Knight","The Mystic","The Senshi","The Servant 0.9.4","The Wild Card","TheHero","Åyå˜î\ModÅz?ñæìIç≈?Boss"],"gold_per_floor":[131,143,158,4,28,57,57,75,128,128,128,180,196,206,206,305,305,320,320,348,348,33,33,45,45,45,45,10,10,10,25,25,25,25],"floor_reached":33,"playtime":2140,"items_purged":["animator:Defend","ReplayTheSpireMod:Restless Dread"],"score":247,"play_id":"8ec1e741-a168-4fb9-95a3-8a5491441f0a","local_time":"20201219030014","is_ascension_mode":false,"campfire_choices":[{"floor":7,"key":"REST"},{"data":"animator:Aqua","floor":11,"key":"SMITH"},{"floor":15,"key":"DIG"},{"floor":23,"key":"REST"},{"floor":25,"key":"REST"},{"floor":27,"key":"REST"},{"data":"animator:DolaSchwi","floor":29,"key":"SMITH"},{"floor":32,"key":"REST"}],"circlet_count":0,"master_deck":["animator:Strike_Konosuba","animator:Defend_Konosuba","animator:Strike","animator:Defend","animator:Defend","animator:Kazuma","animator:Aqua+1","animator:Lancer","animator:SakuraMatou","animator:NarberalGamma","animator:Archer","animator:Rider","animator:DolaSchwi","animator:Tyuule+1","animator:DolaSchwi+1","animator:UneriGinkaku","animator:Archer","animator:Rider","animator:Biyorigo","animator:UneriGinkaku+1","animator:Shichika+1","animator:Entoma+1","Necronomicurse","animator:Vanir+1","animator:UneriGinkaku+1","jedi:BattleThirst","animator:Shinoa","animator:Mitsuba+1","animator:Illya+1"],"relics":["animator:LivingPicture","animator:ColorlessFragment","LagranYue:RandomDrawCardRelic","NeowsBlessing","Ancient Tea Set","jedi:cryingmask","Quantum Egg","Protect_Vest","Astrolabe","Necronomicon","Happy Flower","jedi:arcanewood","ReplayTheSpireMod:CursedCoin"],"acts_visited":["Exordium","TheCity"],"potions_floor_usage":[6,6,16,18,20,24],"damage_taken":[{"damage":0,"enemies":"Cultist","floor":1,"turns":1},{"damage":0,"enemies":"Small Slimes","floor":2,"turns":1},{"damage":0,"enemies":"Jaw Worm","floor":3,"turns":1},{"damage":14,"enemies":"Red Slaver","floor":5,"turns":3},{"damage":23,"enemies":"Lagavulin","floor":6,"turns":8},{"damage":0,"enemies":"3 Louse","floor":8,"turns":2},{"damage":0,"enemies":"2 Fungi Beasts","floor":13,"turns":2},{"damage":14,"enemies":"Looter","floor":14,"turns":3},{"damage":26,"enemies":"Hexaghost","floor":16,"turns":8},{"damage":23,"enemies":"Shell Parasite","floor":18,"turns":6},{"damage":22,"enemies":"2 Thieves","floor":20,"turns":3},{"damage":11,"enemies":"Centurion and Healer","floor":24,"turns":4},{"damage":31,"enemies":"3 Cultists","floor":31,"turns":4},{"damage":81,"enemies":"Champ","floor":33,"turns":7}],"seed_played":"-1848249803151834576","potions_obtained":[{"floor":3,"key":"Fire Potion"},{"floor":5,"key":"Explosive Potion"},{"floor":8,"key":"ColorlessPotion"},{"floor":16,"key":"Explosive Potion"},{"floor":18,"key":"Fruit Juice"},{"floor":20,"key":"LiquidMemories"}],"is_trial":false,"path_per_floor":["M","M","M","$","M","E","R","M","T","?","R","?","M","M","R_BF","B",null,"M","?","M","?","$","R","M","R","T","R","$","R","$","M","R","B"],"character_chosen":"THE_ANIMATOR","items_purchased":["animator:Archer","animator:ColorlessFragment","Happy Flower","ReplayTheSpireMod:CursedCoin","animator:Shinoa","animator:Mitsuba+1"],"campfire_rested":5,"item_purchase_floors":[4,22,22,28,28,28],"current_hp_per_floor":[66,67,67,67,55,34,54,56,56,56,56,56,56,45,45,22,67,49,33,14,14,14,35,27,48,48,69,69,69,69,41,63,0,0],"gold":25,"neow_bonus":"THREE_ENEMY_KILL","is_daily":false,"chose_seed":false,"campfire_upgraded":2,"win_rate":0.0,"timestamp":1608372014,"path_taken":["M","M","M","$","M","E","R","M","T","?","R","?","M","M","R_BF","BOSS","M","?","M","?","$","R","M","R","T","R","$","R","$","M","R","BOSS"],"items_purchased_type":["Card","Relic","Relic","Relic","Card","Card"],"build_version":"2020-12-13","purchased_purges":2,"victory":false,"max_hp_per_floor":[66,67,67,67,67,67,67,67,67,67,67,67,67,67,67,67,67,72,72,72,72,72,72,72,72,72,72,72,72,72,75,75,75,75],"relic_stats":{"Happy Flower":[5],"counters":[14,52],"Astrolabe":["animator:UneriGinkaku","animator:Shichika","ReplayTheSpireMod:Restless Dread"],"Necronomicon":[0],"obtain_stats":[{"LagranYue:RandomDrawCardRelic":0,"NeowsBlessing":0,"Happy Flower":22,"animator:ColorlessFragment":22,"ReplayTheSpireMod:CursedCoin":28,"animator:TheMissingPiece":0,"Quantum Egg":12,"Astrolabe":17,"Protect_Vest":15,"Ancient Tea Set":6,"jedi:cryingmask":9,"animator:LivingPicture":0,"Necronomicon":19,"jedi:arcanewood":26},{"LagranYue:RandomDrawCardRelic":0,"NeowsBlessing":0,"Happy Flower":11,"animator:ColorlessFragment":11,"ReplayTheSpireMod:CursedCoin":12,"animator:TheMissingPiece":0,"Quantum Egg":6,"Astrolabe":9,"Protect_Vest":8,"Ancient Tea Set":5,"jedi:cryingmask":6,"animator:LivingPicture":0,"Necronomicon":10,"jedi:arcanewood":12},{"LagranYue:RandomDrawCardRelic":0,"NeowsBlessing":0,"Happy Flower":37,"animator:ColorlessFragment":37,"ReplayTheSpireMod:CursedCoin":41,"animator:TheMissingPiece":0,"Quantum Egg":16,"Astrolabe":28,"Protect_Vest":21,"Ancient Tea Set":14,"jedi:cryingmask":16,"animator:LivingPicture":0,"Necronomicon":34,"jedi:arcanewood":41}]},"card_choices":[{"not_picked":["animator:Shinoa","animator:Megumin"],"picked":"animator:Lancer","floor":1},{"not_picked":["animator:Entoma","animator:Mitsurugi"],"picked":"animator:SakuraMatou","floor":2},{"not_picked":["animator:Caster","animator:DolaRiku"],"picked":"animator:NarberalGamma","floor":3},{"not_picked":["animator:Lancer","animator:Assassin"],"picked":"animator:Rider","floor":5},{"not_picked":["animator:HiiragiShinya","animator:Emonzaemon"],"picked":"animator:DolaSchwi","floor":6},{"not_picked":["animator:Cocytus","animator:Mitsurugi"],"picked":"animator:Tyuule","floor":8},{"not_picked":["animator:DolaCouronne","animator:CrowleyEusford"],"picked":"animator:DolaSchwi","floor":12},{"not_picked":["animator:Mikaela","animator:Konayuki"],"picked":"animator:UneriGinkaku","floor":12},{"not_picked":["animator:Kuribayashi","animator:ItamiYouji"],"picked":"animator:Archer","floor":13},{"not_picked":["animator:Alexander","animator:ShinjiMatou"],"picked":"animator:Rider","floor":14},{"not_picked":["animator:PinaCoLada","animator:Eris"],"picked":"animator:Biyorigo","floor":16},{"not_picked":["animator:Cocytus","animator:Mikaela"],"picked":"animator:Entoma","floor":18},{"not_picked":["animator:UneriGinkaku+1","animator:LeleiLaLalena"],"picked":"animator:Vanir+1","floor":20},{"not_picked":["animator:Berserker","animator:ZankiKiguchi+1"],"picked":"animator:UneriGinkaku+1","floor":24},{"not_picked":["animator:Jibril","animator:ShinjiMatou"],"picked":"animator:Illya+1","floor":31}],"player_experience":35389,"relics_obtained":[{"floor":6,"key":"Ancient Tea Set"},{"floor":9,"key":"jedi:cryingmask"},{"floor":12,"key":"Quantum Egg"},{"floor":15,"key":"Protect_Vest"},{"floor":19,"key":"Necronomicon"},{"floor":26,"key":"jedi:arcanewood"}],"event_choices":[{"damage_healed":0,"gold_gain":0,"player_choice":"Obtained Book","damage_taken":16,"max_hp_gain":0,"max_hp_loss":0,"event_name":"Cursed Tome","floor":19,"gold_loss":0},{"damage_healed":0,"gold_gain":0,"player_choice":"Ignored","damage_taken":0,"max_hp_gain":0,"max_hp_loss":0,"event_name":"Beggar","floor":21,"gold_loss":0}],"is_beta":false,"boss_relics":[{"not_picked":["Ring of Chaos","ChewingGum"],"picked":"Astrolabe"}],"items_purged_floors":[4,28],"is_endless":false,"potions_floor_spawned":[3,5,8,16,18,20],"killed_by":"Champ","ascension_level":0}}