{"host":"ac6e1xz8pi3qqstb","time":1608392801,"event":{"mods":["BaseMod","Lobotomy","LobotomyExtend","Minty Spire (QoL Compilation)","MostiFishMod","Relic Stats","Replay The Spire","StSLib","vexMod"],"gold_per_floor":[116,116,129,129,129,129,129,129,175,194,194,32,45,57,57,157,157,168,143,159,174,190,190,38,48,72,72,88,108,108,150,150,262,262,285,311,331,123,147,190,190,190,272,272,298,322,322,344,344,344],"floor_reached":51,"playtime":2254,"items_purged":[],"score":943,"play_id":"537d5490-5398-4173-a5cd-74be9e4e3864","local_time":"20201219234641","is_ascension_mode":false,"campfire_choices":[{"data":"Redo","floor":6,"key":"SMITH"},{"data":"Stack","floor":11,"key":"SMITH"},{"data":"MostiFishMod:IntelligentEquipment","floor":15,"key":"SMITH"},{"data":"MostiFishMod:Overload","floor":23,"key":"SMITH"},{"data":"White Noise","floor":30,"key":"SMITH"},{"data":"MostiFishMod:UniBlue","floor":41,"key":"SMITH"},{"data":"MostiFishMod:SeaWaves","floor":44,"key":"SMITH"}],"circlet_count":0,"master_deck":["Strike_B","Strike_B","Strike_B","Defend_B","Defend_B+1","Defend_B","Defend_B","Zap","Dualcast+1","Steam","Redo+1","Stack+1","MostiFishMod:ActiveDefenseSystem","MostiFishMod:IntelligentEquipment+1","MostiFishMod:Overload+1","Go for the Eyes","Hologram+1","Cold Snap","Hyperbeam","Turbo","White Noise+1","Coolheaded+1","Undo+1","MostiFishMod:SeaWaves+1","Chill","Steam+1","MostiFishMod:UniBlue+1","Sweeping Beam+1","Hello World+1","Steam+1","Turbo+1","Redo+1"],"relics":["Cracked Core","DaveBox","ArrowTower","Question Card","LetterFromLob","Replay:Rubber Ducky","ImportantClient","vexMod:CursedCompass","DataDisk","War Paint","CeramicFish","Transparent","HornCleat","Bag of Preparation","Eternal Feather"],"acts_visited":["Exordium","TheCity","TheBeyond"],"potions_floor_usage":[31],"damage_taken":[{"damage":0.0,"enemies":"Small Slimes","floor":1.0,"turns":2.0},{"damage":0,"enemies":"2 Louse","floor":3,"turns":2},{"damage":0,"enemies":"Cultist","floor":10,"turns":3},{"damage":3,"enemies":"Red Slaver","floor":13,"turns":2},{"damage":4,"enemies":"Gremlin Gang","floor":14,"turns":3},{"damage":0,"enemies":"Fading Forest","floor":16,"turns":11},{"damage":4,"enemies":"2 Thieves","floor":18,"turns":3},{"damage":0,"enemies":"Spheric Guardian","floor":20,"turns":4},{"damage":0,"enemies":"3 Cultists","floor":21,"turns":5},{"damage":9,"enemies":"Centurion and Healer","floor":22,"turns":5},{"damage":5,"enemies":"Chosen and Byrds","floor":25,"turns":4},{"damage":0,"enemies":"Sentry and Sphere","floor":28,"turns":3},{"damage":0,"enemies":"Snecko","floor":29,"turns":4},{"damage":4,"enemies":"Slavers","floor":31,"turns":4},{"damage":0,"enemies":"Champ","floor":33,"turns":6},{"damage":16,"enemies":"3 Shapes","floor":35,"turns":2},{"damage":8,"enemies":"3 Darklings","floor":36,"turns":4},{"damage":8,"enemies":"Jaw Worm Horde","floor":37,"turns":1},{"damage":8,"enemies":"4 Shapes","floor":39,"turns":2},{"damage":16,"enemies":"Nemesis","floor":40,"turns":3},{"damage":24,"enemies":"Transient","floor":45,"turns":5},{"damage":16,"enemies":"3 Darklings","floor":46,"turns":2},{"damage":24,"enemies":"Sphere and 2 Shapes","floor":48,"turns":3},{"damage":8,"enemies":"Awakened One","floor":50,"turns":6},{"damage":16,"enemies":"Malkuth","floor":51,"turns":8},{"damage":8,"enemies":"Netzach","floor":51,"turns":8},{"damage":24,"enemies":"Chesed","floor":51,"turns":9},{"damage":27,"enemies":"Binah","floor":51,"turns":11},{"damage":16,"enemies":"Angela","floor":51,"turns":7}],"seed_played":"-3660327328213621070","potions_obtained":[{"floor":1.0,"key":"EssenceOfDarkness"},{"floor":13,"key":"Adrenaline Potion"},{"floor":18,"key":"EssenceOfDarkness"},{"floor":31,"key":"Fruit Juice"},{"floor":35,"key":"Dexterity Potion"},{"floor":49,"key":"FairyPotion"}],"is_trial":false,"path_per_floor":["M","?","M","$","?","R","M","?","T","M","R","$","M","M","R","B",null,"M","?","M","M","M","R","$","M","T","?","M","M","R","E","R","B",null,"M","M","M","$","M","E","R","?","T","R","M","M","?","M","R","B",null],"character_chosen":"DEFECT","items_purchased":["MostiFishMod:ActiveDefenseSystem","Hyperbeam","Turbo","HornCleat"],"campfire_rested":0,"item_purchase_floors":[12,24,24,38],"current_hp_per_floor":[75,75,75,75,75,75,75,75,75,75,75,75,72,68,68,68,75,71,71,71,71,62,62,62,57,57,57,57,57,57,58,80,80,80,80,80,80,80,80,80,80,80,80,80,80,80,80,80,80,80],"gold":344,"neow_bonus":"","is_daily":false,"chose_seed":false,"campfire_upgraded":7,"win_rate":0.0,"timestamp":1608392801,"path_taken":["M","?","M","$","?","R","M","?","T","?","R","?","?","M","R","BOSS","M","?","M","M","M","R","$","M","T","?","M","?","R","E","R","BOSS","M","M","M","$","M","E","R","?","T","R","?","M","?","M","R","BOSS"],"items_purchased_type":["Card","Card","Card","Relic"],"build_version":"2020-12-13","purchased_purges":0,"victory":true,"max_hp_per_floor":[75,75,75,75,75,75,75,75,75,75,75,75,75,75,75,75,75,75,75,75,75,75,75,75,75,75,75,75,75,75,80,80,80,80,80,80,80,80,80,80,80,80,80,80,80,80,80,80,80,80],"relic_stats":{"counters":[29,126],"CeramicFish":90,"Eternal Feather":0,"Bag of Preparation":[18],"War Paint":["Defend_B","Dualcast"],"Question Card":22,"obtain_stats":[{"DaveBox":0,"CeramicFish":31,"Eternal Feather":43,"Bag of Preparation":40,"War Paint":27,"Question Card":1,"Replay:Rubber Ducky":9,"CogitoBucket":0,"DataDisk":26,"HornCleat":38,"Transparent":34,"LetterFromLob":1,"vexMod:CursedCompass":17,"Cracked Core":0,"ArrowTower":0,"ImportantClient":16},{"DaveBox":0,"CeramicFish":14,"Eternal Feather":20,"Bag of Preparation":20,"War Paint":11,"Question Card":1,"Replay:Rubber Ducky":2,"CogitoBucket":0,"DataDisk":11,"HornCleat":18,"Transparent":15,"LetterFromLob":1,"vexMod:CursedCompass":6,"Cracked Core":0,"ArrowTower":0,"ImportantClient":6},{"DaveBox":0,"CeramicFish":52,"Eternal Feather":70,"Bag of Preparation":70,"War Paint":41,"Question Card":2,"Replay:Rubber Ducky":4,"CogitoBucket":0,"DataDisk":41,"HornCleat":65,"Transparent":58,"LetterFromLob":2,"vexMod:CursedCompass":22,"Cracked Core":0,"ArrowTower":0,"ImportantClient":22}]},"card_choices":[{"not_picked":["Reprogram","Beam Cell"],"picked":"Steam","floor":1.0},{"not_picked":["ReplayGash","Rebound","Self Repair"],"picked":"Redo","floor":3},{"not_picked":["ReplaySolidLightProjector","Leap","Reinforced Body"],"picked":"Stack","floor":10},{"not_picked":["Streamline","ReplayTheSpireMod:GoodbyeWorld","Hologram"],"picked":"MostiFishMod:IntelligentEquipment","floor":13},{"not_picked":["Barrage","ReplayTheSpireMod:Calculation Training","ReplayTheSpireMod:System Scan","Rebound"],"picked":"SKIP","floor":14},{"not_picked":["ReplayRNGCard","MostiFishMod:Exploitation","MostiFishMod:Distribution"],"picked":"MostiFishMod:Overload","floor":16},{"not_picked":["Steam+1","Conserve Battery+1","Sweeping Beam"],"picked":"Go for the Eyes","floor":18},{"not_picked":["Tempest","Coolheaded+1","Echo Form"],"picked":"Hologram+1","floor":20},{"not_picked":["Sweeping Beam","Panic Button+1","Loop","Coolheaded+1"],"picked":"SKIP","floor":21},{"not_picked":["Go for the Eyes","Skim","ReplayTheSpireMod:System Scan+1"],"picked":"Cold Snap","floor":22},{"not_picked":["Ball Lightning","Go for the Eyes+1","Panic Button+1"],"picked":"White Noise","floor":25},{"not_picked":["Compile Driver+1","Cold Snap+1","FTL","Double Energy"],"picked":"SKIP","floor":28},{"not_picked":["Beam Cell","Rebound","Ball Lightning"],"picked":"Coolheaded","floor":29},{"not_picked":["MostiFishMod:LinkProtocol","ReplaySort","Hologram"],"picked":"Undo+1","floor":31},{"not_picked":["MostiFishMod:STOP","MostiFishMod:Culaccino","Thunder Strike"],"picked":"MostiFishMod:SeaWaves","floor":33},{"not_picked":["ReplayTheSpireMod:GoodbyeWorld+1","Compile Driver","Streamline+1"],"picked":"Chill","floor":35},{"not_picked":["ReplayTheSpireMod:Calculation Training","Gash","Defragment+1"],"picked":"Steam+1","floor":36},{"not_picked":["Reprogram","Steam Power","Beam Cell"],"picked":"MostiFishMod:UniBlue","floor":37},{"not_picked":["Undo+1","Redo","Gash"],"picked":"Sweeping Beam+1","floor":39},{"not_picked":["Crystallizer+1","Biased Cognition","Heatsinks+1"],"picked":"Hello World+1","floor":40},{"not_picked":["Compile Driver+1","Coolheaded","Leap+1"],"picked":"Steam+1","floor":45},{"not_picked":["MostiFishMod:ReprogramOld","ReplaySort+1","Barrage+1"],"picked":"Turbo+1","floor":46},{"not_picked":["Steam","Consume","Glacier"],"picked":"Redo+1","floor":48}],"player_experience":382180,"relics_obtained":[{"floor":1.0,"key":"Question Card"},{"floor":1.0,"key":"LetterFromLob"},{"floor":9,"key":"Replay:Rubber Ducky"},{"floor":16,"key":"ImportantClient"},{"floor":26,"key":"DataDisk"},{"floor":31,"key":"CeramicFish"},{"floor":40,"key":"Bag of Preparation"},{"floor":43,"key":"Eternal Feather"}],"event_choices":[{"cards_removed":["Strike_B"],"damage_healed":0,"gold_gain":0,"player_choice":"Card Removal","damage_taken":0,"max_hp_gain":0,"max_hp_loss":0,"event_name":"Wheel of Change","floor":8,"gold_loss":0},{"damage_healed":0,"gold_gain":0,"player_choice":"Opened","damage_taken":0,"relics_obtained":["War Paint"],"max_hp_gain":0,"max_hp_loss":0,"event_name":"The Mausoleum","floor":27,"gold_loss":0},{"damage_healed":0,"gold_gain":0,"player_choice":"Ignored","damage_taken":0,"max_hp_gain":0,"max_hp_loss":0,"event_name":"SecretPortal","floor":42,"gold_loss":0},{"damage_healed":0,"gold_gain":0,"player_choice":"Ignored","damage_taken":0,"max_hp_gain":0,"max_hp_loss":0,"event_name":"NoteForYourself","floor":47,"gold_loss":0},{"damage_healed":0,"gold_gain":0,"player_choice":"Got Potions","damage_taken":0,"max_hp_gain":0,"max_hp_loss":0,"event_name":"Lab","floor":49,"gold_loss":0}],"is_beta":false,"boss_relics":[{"not_picked":["Honey Jar","vexMod:EndlessSickness"],"picked":"vexMod:CursedCompass"},{"not_picked":["MoonlightInvasionPlan","ChewingGum"],"picked":"Transparent"}],"items_purged_floors":[],"is_endless":false,"potions_floor_spawned":[1,13,18,22,25,31,35,45,48],"ascension_level":0}}