{"host":"sav7uxregyirlf69","time":1608340370,"event":{"mods":["AchievementEnabler","BaseMod","Colored Map","DeckTracker","Keyboard Shortcuts","Minty Spire (QoL Compilation)","READ ME - Guardian Mod","StSLib","SuperFastMode"],"gold_per_floor":[119,138,138,138,6,42,60,23,23,23,23,36,36,76,76,169,169,189,189,213,8,23,23,44,44,68,111,54,69,69,88,88,181,181,204,79,79,79,99,99,133,147,225,225,250,270,270,311,311,311,311],"floor_reached":50,"playtime":1163,"items_purged":["Strike_R","Cleave","Rupture"],"score":1110,"play_id":"625731a9-7726-4086-ba7e-2627f6b1abb4","local_time":"20201219101250","is_ascension_mode":true,"campfire_choices":[{"data":"Evolve","floor":11,"key":"SMITH"},{"data":"Wild Strike","floor":13,"key":"SMITH"},{"floor":15,"key":"REST"},{"floor":23,"key":"REST"},{"data":"Corruption","floor":25,"key":"SMITH"},{"floor":32,"key":"REST"},{"data":"Burning Pact","floor":40,"key":"SMITH"},{"floor":44,"key":"REST"},{"data":"Feel No Pain","floor":47,"key":"SMITH"},{"floor":49,"key":"REST"}],"circlet_count":0,"master_deck":["AscendersBane","Bash+1","Shrug It Off","Wild Strike+1","Evolve+1","Reckless Charge","Shockwave","Feel No Pain+1","Impervious","Havoc","Blood for Blood","Hemokinesis","Berserk","Burning Pact+1","Shrug It Off","Fire Breathing","Flash of Steel","Intimidate","Corruption+1","Second Wind+1","Armaments","Shrug It Off","Jack Of All Trades","Violence","Second Wind+1","Rage","Ghostly Armor","Warcry"],"relics":["Burning Blood","NeowsBlessing","Golden Idol","Prayer Wheel","CaptainsWheel","Charon\u0027s Ashes","Pandora\u0027s Box","Bag of Marbles","Bird Faced Urn","Busted Crown","Champion Belt","Potion Belt"],"acts_visited":["Exordium","TheCity","TheBeyond"],"potions_floor_usage":[14,16,27,29,31,33,41,42,48],"damage_taken":[{"damage":0,"enemies":"2 Louse","floor":1,"turns":1},{"damage":0,"enemies":"Jaw Worm","floor":2,"turns":1},{"damage":0,"enemies":"Gremlin Nob","floor":6,"turns":1},{"damage":3,"enemies":"Small Slimes","floor":7,"turns":4},{"damage":3,"enemies":"Exordium Wildlife","floor":12,"turns":3},{"damage":35,"enemies":"Lagavulin","floor":14,"turns":6},{"damage":9,"enemies":"Slime Boss","floor":16,"turns":8},{"damage":30,"enemies":"2 Thieves","floor":18,"turns":4},{"damage":0,"enemies":"Chosen","floor":20,"turns":4},{"damage":16,"enemies":"Centurion and Healer","floor":22,"turns":5},{"damage":30,"enemies":"Snake Plant","floor":24,"turns":5},{"damage":32,"enemies":"Slavers","floor":27,"turns":4},{"damage":15,"enemies":"Shelled Parasite and Fungi","floor":29,"turns":5},{"damage":14,"enemies":"Centurion and Healer","floor":31,"turns":4},{"damage":16,"enemies":"Champ","floor":33,"turns":7},{"damage":21,"enemies":"Orb Walker","floor":35,"turns":4},{"damage":19,"enemies":"3 Shapes","floor":39,"turns":3},{"damage":38,"enemies":"Nemesis","floor":41,"turns":7},{"damage":28,"enemies":"3 Darklings","floor":42,"turns":4},{"damage":6,"enemies":"Jaw Worm Horde","floor":45,"turns":3},{"damage":31,"enemies":"Writhing Mass","floor":46,"turns":8},{"damage":49,"enemies":"Reptomancer","floor":48,"turns":5},{"damage":43,"enemies":"Awakened One","floor":50,"turns":3}],"seed_played":"-1042161806245391709","potions_obtained":[{"floor":1,"key":"ColorlessPotion"},{"floor":12,"key":"Swift Potion"},{"floor":16,"key":"Ancient Potion"},{"floor":18,"key":"SpeedPotion"},{"floor":20,"key":"Strength Potion"},{"floor":30,"key":"Strength Potion"},{"floor":33,"key":"AttackPotion"},{"floor":39,"key":"BloodPotion"},{"floor":46,"key":"DistilledChaos"}],"is_trial":false,"path_per_floor":["M","M","?","?","$","E","M","$","T","?","R","M","R","E","R","B",null,"M","?","M","$","M","R","M","R","T","E","$","M","?","M","R","B",null,"M","$","?","?","M","R","E","M","T","R","M","M","R","E","R","B"],"character_chosen":"IRONCLAD","items_purchased":["Wild Strike","Reckless Charge","Flash of Steel","BloodPotion"],"campfire_rested":5,"item_purchase_floors":[5,8,21,28],"current_hp_per_floor":[74,75,49,49,49,55,58,58,58,35,35,38,38,9,31,28,63,39,39,45,45,35,57,33,33,33,7,7,21,21,21,43,45,68,61,61,51,51,44,44,22,23,23,45,55,40,40,7,29,0,0],"gold":311,"neow_bonus":"THREE_ENEMY_KILL","is_daily":false,"chose_seed":false,"campfire_upgraded":5,"win_rate":0.0,"timestamp":1608340370,"path_taken":["M","M","?","?","$","E","M","?","T","?","R","?","R","E","R","BOSS","M","?","?","?","M","R","M","R","T","E","$","M","?","M","R","BOSS","M","?","?","?","M","R","E","M","T","R","M","?","R","E","R","BOSS"],"items_purchased_type":["Card","Card","Card","Potion"],"build_version":"2020-12-13","purchased_purges":3,"victory":false,"max_hp_per_floor":[75,75,75,75,75,75,75,75,75,75,75,75,75,75,75,75,75,75,75,75,75,75,75,75,75,75,75,75,75,75,75,75,75,75,75,75,75,75,75,75,75,75,75,75,75,75,75,75,75,75,75],"card_choices":[{"not_picked":["Bloodletting","Flex"],"picked":"Cleave","floor":1},{"not_picked":["Battle Trance","Heavy Blade"],"picked":"Shrug It Off","floor":2},{"not_picked":["Dropkick","Flex"],"picked":"Evolve","floor":6},{"not_picked":["Clash","Perfected Strike","Havoc"],"picked":"SKIP","floor":7},{"not_picked":["Clash","Cleave","Thunderclap"],"picked":"SKIP","floor":7},{"not_picked":["Wild Strike","Armaments"],"picked":"Shockwave","floor":12},{"not_picked":["Battle Trance","Perfected Strike","Juggernaut"],"picked":"SKIP","floor":12},{"not_picked":["Wild Strike","Whirlwind"],"picked":"Feel No Pain","floor":14},{"not_picked":["Immolate","Fiend Fire"],"picked":"Impervious","floor":16},{"not_picked":["Twin Strike","Combust"],"picked":"Shrug It Off","floor":18},{"not_picked":["Reckless Charge","Perfected Strike","Anger"],"picked":"SKIP","floor":18},{"not_picked":["Heavy Blade","Anger"],"picked":"Fire Breathing","floor":20},{"not_picked":["Anger","Armaments","Rampage+1"],"picked":"SKIP","floor":20},{"not_picked":["Shockwave","Sword Boomerang+1"],"picked":"Intimidate","floor":22},{"not_picked":["Cleave","Iron Wave","Ghostly Armor"],"picked":"SKIP","floor":22},{"not_picked":["Reckless Charge","Cleave"],"picked":"Corruption","floor":24},{"not_picked":["Headbutt","Heavy Blade+1","Flex"],"picked":"SKIP","floor":24},{"not_picked":["Whirlwind+1","True Grit"],"picked":"Second Wind+1","floor":27},{"not_picked":["Carnage","Perfected Strike","Second Wind"],"picked":"SKIP","floor":29},{"not_picked":["Whirlwind+1","Cleave","Headbutt"],"picked":"SKIP","floor":29},{"not_picked":["Warcry+1","Heavy Blade","Armaments"],"picked":"SKIP","floor":31},{"not_picked":["Pommel Strike","Limit Break","Inflame"],"picked":"SKIP","floor":31},{"not_picked":["Warcry+1","Heavy Blade"],"picked":"Armaments","floor":31},{"not_picked":["Pommel Strike","Limit Break","Inflame"],"picked":"SKIP","floor":31},{"not_picked":[],"picked":"Shrug It Off","floor":35},{"not_picked":["Dropkick"],"picked":"SKIP","floor":35},{"not_picked":[],"picked":"Jack Of All Trades","floor":37},{"not_picked":[],"picked":"Blind","floor":37},{"not_picked":["Havoc"],"picked":"SKIP","floor":39},{"not_picked":["Perfected Strike+1"],"picked":"SKIP","floor":39},{"not_picked":[],"picked":"Second Wind+1","floor":41},{"not_picked":[],"picked":"Rage","floor":42},{"not_picked":["Iron Wave"],"picked":"SKIP","floor":42},{"not_picked":[],"picked":"Ghostly Armor","floor":45},{"not_picked":["Twin Strike"],"picked":"SKIP","floor":45},{"not_picked":["Uppercut"],"picked":"SKIP","floor":46},{"not_picked":["Thunderclap"],"picked":"SKIP","floor":46},{"not_picked":[],"picked":"Warcry","floor":48}],"player_experience":945926,"relics_obtained":[{"floor":6,"key":"Prayer Wheel"},{"floor":9,"key":"CaptainsWheel"},{"floor":14,"key":"Charon\u0027s Ashes"},{"floor":26,"key":"Bag of Marbles"},{"floor":27,"key":"Bird Faced Urn"},{"floor":41,"key":"Champion Belt"},{"floor":48,"key":"Potion Belt"}],"event_choices":[{"damage_healed":0,"gold_gain":0,"player_choice":"Take Damage","damage_taken":26,"relics_obtained":["Golden Idol"],"max_hp_gain":0,"max_hp_loss":0,"event_name":"Golden Idol","floor":3,"gold_loss":0},{"cards_removed":["Strike_R"],"damage_healed":0,"gold_gain":0,"player_choice":"Forget","damage_taken":0,"max_hp_gain":0,"max_hp_loss":0,"event_name":"Living Wall","floor":4,"gold_loss":0},{"damage_healed":0,"gold_gain":0,"player_choice":"Entered Light","damage_taken":23,"max_hp_gain":0,"max_hp_loss":0,"event_name":"Shining Light","floor":10,"gold_loss":0,"cards_upgraded":["Bash","Defend_R"]},{"cards_removed":["Demon Form"],"damage_healed":0,"gold_gain":0,"player_choice":"Purged","damage_taken":0,"max_hp_gain":0,"max_hp_loss":0,"event_name":"Purifier","floor":19,"gold_loss":0},{"damage_healed":0,"gold_gain":0,"player_choice":"Got Potions","damage_taken":0,"max_hp_gain":0,"max_hp_loss":0,"event_name":"Lab","floor":30,"gold_loss":0},{"damage_healed":0,"gold_gain":0,"player_choice":"Memory 3","damage_taken":10,"max_hp_gain":0,"max_hp_loss":0,"event_name":"SensoryStone","floor":37,"gold_loss":0},{"damage_healed":0,"gold_gain":0,"cards_transformed":["Blind"],"player_choice":"Transformed","damage_taken":0,"max_hp_gain":0,"max_hp_loss":0,"event_name":"Transmorgrifier","floor":38,"gold_loss":0,"cards_obtained":["Violence"]}],"is_beta":false,"boss_relics":[{"not_picked":["Calling Bell","Runic Cube"],"picked":"Pandora\u0027s Box"},{"not_picked":["SlaversCollar","Black Star"],"picked":"Busted Crown"}],"items_purged_floors":[5,21,36],"is_endless":false,"potions_floor_spawned":[1,12,16,18,20,22,33,39,46],"killed_by":"Awakened One","ascension_level":20}}