{"host":"sv2o2io561l6x04h","time":1608410714,"event":{"mods":["BaseMod","Bestiary","Better Altar","Better Match","Better Note","Better Sensory Stone","Colored Map","Conspire","Custom Start","DeckTracker","Highlight Path","Hubris","Minty Spire (QoL Compilation)","Replay The Spire","Shop Mod","StSLib","The Runesmith"],"gold_per_floor":[110,35,35,35,45,45,57,57,57,88,88,88,88,101,101,196,196,178,195,205,218,218,218],"floor_reached":22,"playtime":1830,"items_purged":["Runesmith:Defend_RS"],"score":211,"play_id":"d1707031-483c-43a8-a6b0-ad7465456dd2","local_time":"20201219154514","is_ascension_mode":false,"campfire_choices":[{"data":"Runesmith:Grindstone","floor":6.0,"key":"SMITH"},{"data":"ReplayTheSpireMod:Private Reserves","floor":8.0,"key":"SMITH"},{"data":"Runesmith:OneForEveryone","floor":13.0,"key":"SMITH"},{"data":"Runesmith:Grindstone","floor":15.0,"key":"SMITH"}],"circlet_count":0,"master_deck":["conspire:GhostlyStrike","conspire:GhostlyStrike","conspire:GhostlyStrike","conspire:GhostlyStrike","conspire:GhostlyDefend","conspire:GhostlyDefend","Runesmith:CraftFirestone","Runesmith:Fortify","ReplayTheSpireMod:Private Reserves+1","Runesmith:Grindstone+1","Runesmith:EarthShield","Runesmith:OneForEveryone+1","Runesmith:Grindstone+1","AbeCurse","Runesmith:Empowerment+1","Runesmith:LithiumIon+1"],"relics":["Runesmith:BrokenRuby","hubris:TinFlute","Blood Vial","Replay:Grab Bag","Fusion Hammer","Abe\u0027s Treasure","Runic Pyramid","hubris:HollowSoul"],"acts_visited":["Exordium","TheCity"],"potions_floor_usage":[21],"damage_taken":[{"damage":0.0,"enemies":"Cultist","floor":1.0,"turns":4.0},{"damage":1.0,"enemies":"Jaw Worm","floor":5.0,"turns":4.0},{"damage":0.0,"enemies":"2 Louse","floor":7.0,"turns":5.0},{"damage":22.0,"enemies":"Gremlin Nob","floor":10.0,"turns":4.0},{"damage":3.0,"enemies":"Exordium Wildlife","floor":14.0,"turns":4.0},{"damage":15.0,"enemies":"The Guardian","floor":16.0,"turns":14.0},{"damage":21,"enemies":"2 Thieves","floor":18,"turns":5},{"damage":12,"enemies":"Spheric Guardian","floor":19,"turns":4},{"damage":9,"enemies":"Shelled Parasite and Fungi","floor":20,"turns":7},{"damage":17,"enemies":"3 Cultists","floor":21,"turns":7},{"damage":17,"enemies":"Snecko","floor":22,"turns":4}],"seed_played":"-1309300697832329575","potions_obtained":[{"floor":7.0,"key":"ColorlessPotion"},{"floor":14.0,"key":"Dexterity Potion"},{"floor":20,"key":"Strength Potion"},{"floor":21,"key":"Dexterity Potion"}],"is_trial":false,"path_per_floor":["M","$","?","$","M","R","M","R","T","E","T","?","R","M","R","B",null,"M","M","M","M","M"],"character_chosen":"RUNESMITH_CLASS","items_purchased":[],"campfire_rested":0,"item_purchase_floors":[],"current_hp_per_floor":[70,70,70,70,69,69,69,69,69,47,47,52,52,51,51,38,70,49,39,32,17,0,0],"gold":218,"neow_bonus":"RANDOM_COLORLESS","is_daily":false,"chose_seed":false,"campfire_upgraded":4,"win_rate":0.0,"timestamp":1608410714,"path_taken":["M","$","?","$","M","R","M","R","T","E","?","?","R","M","R","BOSS","M","?","M","M","?"],"items_purchased_type":[],"build_version":"2020-12-13","purchased_purges":1,"victory":false,"max_hp_per_floor":[70,70,70,70,70,70,70,70,70,70,70,70,70,70,70,70,70,70,70,70,70,70,70],"card_choices":[{"not_picked":["Bandage Up","ReplayTheSpireMod:Trickstab"],"picked":"ReplayTheSpireMod:Private Reserves","floor":0.0},{"not_picked":["Runesmith:NegativeSpace","Runesmith:HeatExchange"],"picked":"Runesmith:Grindstone","floor":1.0},{"not_picked":["Runesmith:RuneHurl","Runesmith:MakeshiftArmor"],"picked":"Runesmith:EarthShield","floor":5.0},{"not_picked":["Runesmith:Firewall","Runesmith:HeatExchange","Runesmith:EnergizedChisel"],"picked":"SKIP","floor":7.0},{"not_picked":["Runesmith:CraftSpiculum","Runesmith:BackupBattery"],"picked":"Runesmith:OneForEveryone","floor":10.0},{"not_picked":["Runesmith:Accelerate","Runesmith:ChiselStab"],"picked":"Runesmith:Grindstone","floor":14.0},{"not_picked":["Runesmith:Overpower","Runesmith:Prism","Runesmith:RuneHurl"],"picked":"SKIP","floor":18},{"not_picked":["Runesmith:Overpower+1","Runesmith:HeatedChisel+1","Runesmith:ShiftingStrike+1"],"picked":"SKIP","floor":19},{"not_picked":["Runesmith:FrozenChisel","Runesmith:CraftIncendium"],"picked":"Runesmith:Empowerment+1","floor":20},{"not_picked":["Runesmith:StaticCage","Runesmith:EarthShield+1"],"picked":"Runesmith:LithiumIon+1","floor":21}],"player_experience":208171,"relics_obtained":[{"floor":10.0,"key":"hubris:TinFlute"},{"floor":11.0,"key":"Blood Vial"}],"event_choices":[{"damage_healed":0.0,"max_hp_gain":0.0,"max_hp_loss":0.0,"gold_gain":0.0,"event_name":"conspire:LoneGhost","player_choice":"Agree","floor":3.0,"gold_loss":0.0,"damage_taken":0.0},{"cards_removed":["conspire:GhostlyDefend"],"damage_healed":5.0,"max_hp_gain":0.0,"max_hp_loss":0.0,"gold_gain":0.0,"event_name":"Bonfire Elementals","player_choice":"Offered Special","floor":12.0,"gold_loss":0.0,"damage_taken":0.0}],"is_beta":false,"boss_relics":[{"not_picked":["Empty Cage","Astrolabe"],"picked":"Replay:Grab Bag"},{"not_picked":["conspire:SeveredTorchhead","Replay:Bronze Core"],"picked":"Fusion Hammer"},{"not_picked":["ReplayTheSpireMod:DimensionalGlitch","Cursed Key"],"picked":"Abe\u0027s Treasure"},{"not_picked":["Ring of Chaos","Calling Bell"],"picked":"Runic Pyramid"},{"not_picked":["hubris:Stopwatch","Snecko Eye"],"picked":"hubris:HollowSoul"}],"items_purged_floors":[2],"is_endless":false,"potions_floor_spawned":[7,14,20,21],"killed_by":"Snecko","ascension_level":0}}