{"host":"56r0xio184xezcbq","time":1608350406,"event":{"mods":["2.2 Compatiblity","BaseMod","Colored Powertips","Minty Spire (QoL Compilation)","Relic Stats","Slay-I","StSLib"],"gold_per_floor":[109,36,36,36,52,52,73,97,97,115,115,140,140,181,181,300,300,324,61,84,0,0,0,0],"floor_reached":23,"playtime":536,"items_purged":["Strike_B"],"score":191,"play_id":"1797684c-d3ed-428a-b9ce-8a7601ddaccb","local_time":"20201218220006","is_ascension_mode":false,"campfire_choices":[{"data":"Self Repair","floor":6,"key":"SMITH"},{"data":"Self Repair","floor":11,"key":"SMITH"},{"data":"1","floor":15,"key":"LIFT"}],"circlet_count":0,"master_deck":["Strike_B","Strike_B","Strike_B","Defend_B","Defend_B","Defend_B","Defend_B","Zap","Dualcast","Self Repair+1","FTL","Compile Driver","Cold Snap","Self Repair+1","Rip and Tear","Buffer","Coolheaded+1","Glacier","Coolheaded"],"relics":["Cracked Core","NeowsBlessing","Golden Idol","Ice Cream","Girya","Regal Pillow","Eternal Feather","Nuclear Battery","Potion Belt"],"acts_visited":["Exordium","TheCity"],"potions_floor_usage":[16],"damage_taken":[{"damage":0,"enemies":"Cultist","floor":1,"turns":1},{"damage":0,"enemies":"Small Slimes","floor":5,"turns":1},{"damage":0,"enemies":"2 Louse","floor":7,"turns":1},{"damage":13,"enemies":"Exordium Thugs","floor":8,"turns":5},{"damage":7,"enemies":"Blue Slaver","floor":10,"turns":3},{"damage":10,"enemies":"3 Louse","floor":12,"turns":3},{"damage":24,"enemies":"Gremlin Nob","floor":14,"turns":5},{"damage":15,"enemies":"Slime Boss","floor":16,"turns":8},{"damage":15,"enemies":"Spheric Guardian","floor":18,"turns":4},{"damage":13,"enemies":"Chosen","floor":20,"turns":5},{"damage":63,"enemies":"Book of Stabbing","floor":23,"turns":7}],"seed_played":"4610489978675305326","potions_obtained":[{"floor":1,"key":"Ancient Potion"},{"floor":8,"key":"FearPotion"},{"floor":14,"key":"LiquidMemories"}],"is_trial":false,"path_per_floor":["M","$","?","?","M","R","M","M","T","M","R","M","?","E","R","B",null,"M","$","M","?","?","E"],"character_chosen":"DEFECT","items_purchased":["Self Repair","Potion Belt","Glacier"],"campfire_rested":0,"item_purchase_floors":[2,19,19],"current_hp_per_floor":[75,75,69,62,62,62,62,59,59,62,62,69,69,65,69,69,69,69,69,69,69,60,0,0],"gold":0,"neow_bonus":"THREE_ENEMY_KILL","is_daily":false,"chose_seed":false,"campfire_upgraded":2,"win_rate":0.0,"timestamp":1608350406,"path_taken":["M","?","?","?","M","R","M","?","T","M","R","M","?","E","R","BOSS","M","$","M","?","?","E"],"items_purchased_type":["Card","Relic","Card"],"build_version":"2020-12-13","purchased_purges":1,"victory":false,"max_hp_per_floor":[75,75,69,69,69,69,69,69,69,69,69,69,69,69,69,69,69,69,69,69,69,69,69,69],"relic_stats":{"Regal Pillow":0,"counters":[11,43],"Golden Idol":63,"Eternal Feather":4,"obtain_stats":[{"Ice Cream":4,"Potion Belt":19,"Girya":9,"Regal Pillow":13,"NeowsBlessing":0,"Golden Idol":3,"Eternal Feather":14,"Cracked Core":0,"Nuclear Battery":17},{"Ice Cream":1,"Potion Belt":9,"Girya":4,"Regal Pillow":6,"NeowsBlessing":0,"Golden Idol":1,"Eternal Feather":7,"Cracked Core":0,"Nuclear Battery":8},{"Ice Cream":1,"Potion Belt":31,"Girya":8,"Regal Pillow":14,"NeowsBlessing":0,"Golden Idol":1,"Eternal Feather":19,"Cracked Core":0,"Nuclear Battery":27}]},"card_choices":[{"not_picked":["Rip and Tear","Barrage","Rebound"],"picked":"SKIP","floor":1},{"not_picked":["Stack","Melter"],"picked":"FTL","floor":5},{"not_picked":["Darkness","Gash"],"picked":"Compile Driver","floor":7},{"not_picked":["Redo","Hologram"],"picked":"Cold Snap","floor":8},{"not_picked":["Gash","Steam"],"picked":"Self Repair","floor":10},{"not_picked":["Streamline","Sweeping Beam"],"picked":"Rip and Tear","floor":12},{"not_picked":["Tempest","Steam Power","Aggregate"],"picked":"SKIP","floor":14},{"not_picked":["Multi-Cast","Rainbow"],"picked":"Buffer","floor":16},{"not_picked":["Static Discharge","Capacitor"],"picked":"Coolheaded+1","floor":18},{"not_picked":["Capacitor","Streamline"],"picked":"Coolheaded","floor":20}],"player_experience":9628,"relics_obtained":[{"floor":9,"key":"Girya"},{"floor":14,"key":"Eternal Feather"}],"event_choices":[{"damage_healed":0,"gold_gain":0,"player_choice":"Lose Max HP","damage_taken":0,"relics_obtained":["Golden Idol"],"max_hp_gain":0,"max_hp_loss":6,"event_name":"Golden Idol","floor":3,"gold_loss":0},{"damage_healed":0,"gold_gain":0,"player_choice":"Success","damage_taken":7,"relics_obtained":["Ice Cream"],"max_hp_gain":0,"max_hp_loss":0,"event_name":"Scrap Ooze","floor":4,"gold_loss":0},{"damage_healed":0,"gold_gain":0,"player_choice":"Searched \u00271\u0027 times","damage_taken":0,"relics_obtained":["Regal Pillow"],"max_hp_gain":0,"max_hp_loss":0,"event_name":"Dead Adventurer","floor":13,"gold_loss":0},{"damage_healed":0,"gold_gain":0,"player_choice":"Paid Fearfully","damage_taken":0,"max_hp_gain":0,"max_hp_loss":0,"event_name":"Masked Bandits","floor":21,"gold_loss":84},{"damage_healed":0,"gold_gain":0,"player_choice":"Stopped","damage_taken":9,"max_hp_gain":0,"max_hp_loss":0,"event_name":"Cursed Tome","floor":22,"gold_loss":0}],"is_beta":false,"boss_relics":[{"not_picked":["Coffee Dripper","Busted Crown"],"picked":"Nuclear Battery"}],"items_purged_floors":[19],"is_endless":false,"potions_floor_spawned":[1,8,14],"killed_by":"Book of Stabbing","ascension_level":0}}