{"host":"dt8tt9y5uobrbn6j","time":1608351579,"event":{"mods":["Act Like it!","Aspiration","BaseMod","Better Third Choice","BetterRewards","Card Forge","Colored Powertips","Conspire","Hubris","Infinite Spire","Minty Spire (QoL Compilation)","Quick Restart","Relic Stats","Replay The Spire","Retaliation","Shop Mod","StSLib","vexMod","óô»ðÖ¸ÄÏ"],"gold_per_floor":[107,124,141,159,159,159,184,184,211,246,46,139,139,183,183,298,298,351,398,100,198,198,302,327,411,437,354,431,46,114,304,304,408,408,449,449,504,523,579,640,453,481,481,481,553,74,142,203,203,224,224,224,224,8,42,50],"floor_reached":57,"playtime":4482,"items_purged":["Strike_P","Strike_P","Regret","Pot Of Greed"],"score":4336,"play_id":"503d2fc1-f97d-49e3-8df8-b5b4c07be1ee","local_time":"20201219121939","is_ascension_mode":true,"campfire_choices":[{"data":"PathToVictory","floor":6.0,"key":"SMITH"},{"data":"PathToVictory","floor":13.0,"key":"SMITH"},{"data":"Meditate","floor":15.0,"key":"SMITH"},{"floor":32.0,"key":"DIG"},{"floor":49.0,"key":"RECALL"}],"circlet_count":0,"master_deck":["AscendersBane","conspire:GhostlyStrike","conspire:GhostlyStrike","conspire:GhostlyDefend","conspire:GhostlyDefend","conspire:GhostlyDefend","conspire:GhostlyDefend","Eruption+1","Vigilance","Protect","FearNoEvil+1","Enlightenment","Replay:DivineShield","PathToVictory+1","Collect+1","PathToVictory+1","PathToVictory","FlurryOfBlows+1","PathToVictory+1","PathToVictory+1","Pray","BowlingBash+1","Replay:AtTheReady","Study","DevaForm","Evaluate","Scrawl","conspire:SpireCoStock","conspire:SpireCoStock","conspire:SpireCoStock","conspire:SpireCoStock","Meditate+1","Wish","WaveOfTheHand","PathToVictory+1","InnerPeace","InnerPeace","Pot Of Greed+1","Pot Of Greed","Pot Of Greed+1","ThirdEye","EmptyMind+1","Scrawl","Replay:Vibes+1","Fasting2+1","Scrawl","Study+1"],"relics":["PureWater","Hammer of Thor","Seething Fire","Anvil of the Gods","Potion Belt","Lantern","Sling","hubris:PeanutButter","BargainBundle","hubris:CrystalStatue","conspire:TreasureMap","Molten Egg 2","HornCleat","Mango","Orrery","Replay:Bottled Flurry","Bottled Flame","Torii","Pear","Black Star","Happy Flower","Replay:Bottled Snecko","vexMod:ScavengeHelm","Bag of Preparation","Replay:Rubber Ducky","Whetstone","aspiration:TomeofQuesting","Frozen Egg 2","hubris:Zylophone","Grinning Jar","Garlic","Girya","The Courier","Eternal Feather","vexMod:ImprovementManual","GoldenEye","Pantograph","Bronze Scales","hubris:BottledRain","StoneCalendar","hubris:Icosahedron","Blood Vial","hubris:ToyBattleship","hubris:EmptyBottle","Strawberry","Replay:Accelerometer","Pet Ghost","aspiration:SeaSaltIceCream","aspiration:Nostalgia","Ring of the Snake","Medical Kit","Snack Pack","conspire:Dentures"],"acts_visited":["Exordium","TheCity","TheBeyond","TheEnding"],"potions_floor_usage":[50,50,50,50,56,56,56,56],"damage_taken":[{"damage":0.0,"enemies":"Jaw Worm","floor":1.0,"turns":3.0},{"damage":0.0,"enemies":"2 Louse","floor":2.0,"turns":2.0},{"damage":0.0,"enemies":"Cultist","floor":3.0,"turns":3.0},{"damage":0.0,"enemies":"Looter","floor":4.0,"turns":2.0},{"damage":0.0,"enemies":"Lagavulin","floor":7.0,"turns":3.0},{"damage":0.0,"enemies":"3 Sentries","floor":10.0,"turns":5.0},{"damage":17.0,"enemies":"Nightmare","floor":12.0,"turns":8.0},{"damage":0.0,"enemies":"Large Slime","floor":14.0,"turns":6.0},{"damage":0.0,"enemies":"Hexaghost","floor":16.0,"turns":9.0},{"damage":0.0,"enemies":"3 Byrds","floor":18.0,"turns":3.0},{"damage":0.0,"enemies":"Shell Parasite","floor":19.0,"turns":3.0},{"damage":0.0,"enemies":"Centurion and Healer","floor":21.0,"turns":6.0},{"damage":1.0,"enemies":"Gremlin Leader","floor":23.0,"turns":7.0},{"damage":1.0,"enemies":"Snecko","floor":24.0,"turns":5.0},{"damage":4.0,"enemies":"Book of Stabbing","floor":25.0,"turns":5.0},{"damage":26.0,"enemies":"Slavers","floor":28.0,"turns":5.0},{"damage":2.0,"enemies":"conspire:Head Lice","floor":30.0,"turns":2.0},{"damage":2.0,"enemies":"Colosseum Slavers","floor":31.0,"turns":5.0},{"damage":1.0,"enemies":"Colosseum Nobs","floor":31.0,"turns":5.0},{"damage":1.0,"enemies":"hubris:MusketHawk","floor":33.0,"turns":6.0},{"damage":7.0,"enemies":"3 Darklings","floor":35.0,"turns":5.0},{"damage":10.0,"enemies":"3 Shapes","floor":37.0,"turns":8.0},{"damage":38.0,"enemies":"Spire Growth","floor":38.0,"turns":5.0},{"damage":0.0,"enemies":"4 Shapes","floor":39.0,"turns":8.0},{"damage":6.0,"enemies":"R_Hoarder","floor":40.0,"turns":4.0},{"damage":0.0,"enemies":"Nemesis","floor":42.0,"turns":1.0},{"damage":1.0,"enemies":"R_Hoarder","floor":45.0,"turns":5.0},{"damage":0.0,"enemies":"Giant Head","floor":47.0,"turns":4.0},{"damage":1.0,"enemies":"Sphere and 2 Shapes","floor":48.0,"turns":5.0},{"damage":0,"enemies":"Donu and Deca","floor":50,"turns":6},{"damage":10,"enemies":"Time Eater","floor":51,"turns":5},{"damage":3,"enemies":"Shield and Spear","floor":55,"turns":6},{"damage":90,"enemies":"The Heart","floor":56,"turns":8}],"seed_played":"1265954203300987857","potions_obtained":[{"floor":1.0,"key":"SmokeBomb"},{"floor":2.0,"key":"BottledMiracle"},{"floor":10.0,"key":"LiquidBronze"},{"floor":14.0,"key":"EssenceOfSteel"},{"floor":16.0,"key":"Elixir"},{"floor":18.0,"key":"PowerPotion"},{"floor":24.0,"key":"DistilledChaos"},{"floor":25.0,"key":"SteroidPotion"},{"floor":28.0,"key":"LifebloodPotion"},{"floor":35.0,"key":"BlessingOfTheForge"},{"floor":45.0,"key":"Energy Potion"},{"floor":55,"key":"Toxic Potion"}],"is_trial":false,"path_per_floor":["M","M","M","M","?","R","E","?","T","E","?","NM","R","M","R","B",null,"M","M","$","M","?","E","M","E","T","$","E","$","E","?","R","B",null,"M","?","M","M","M","E","R","E","T","?","E","$","E","M","R","B","B",null,"R","$","E","B",null],"character_chosen":"WATCHER","items_purchased":["Potion Belt","Lantern","Sling","hubris:PeanutButter","BargainBundle","Protect","Strength Potion","AttackPotion","Adrenaline Potion","FearNoEvil","hubris:CrystalStatue","Enlightenment","conspire:TreasureMap","Replay:DivineShield","PathToVictory+1","Molten Egg 2","Collect","HornCleat","Mango","PathToVictory","Orrery","Happy Flower","GamblersBrew","hubris:Zylophone","InnerPeace","Fasting2+1","hubris:EmptyBottle","Strawberry","Replay:Accelerometer","Medical Kit","Doom Potion"],"campfire_rested":0,"item_purchase_floors":[0,0,0,0,0,0,0,0,0,0,0,0,0,0,0,0,0,0,0,0,0,20,27,29,29,41,46,46,46,54,54],"current_hp_per_floor":[33,33,33,33,33,33,33,33,33,33,33,26,26,26,26,26,76,76,76,76,76,76,75,74,70,70,70,44,44,42,39,39,38,79,72,72,62,24,24,18,45,45,45,45,44,51,53,54,81,99,89,97,99,99,96,9],"gold":50,"neow_bonus":"","is_daily":false,"chose_seed":false,"campfire_upgraded":3,"win_rate":0.0,"timestamp":1608351579,"path_taken":["M","M","M","M","?","R","E","?","T","E","?","NM","R","M","R","BOSS","M","M","$","M","?","E","M","E","T","$","E","?","E","?","R","BOSS","M","?","M","M","M","E","R","E","T","?","E","$","E","M","R","BOSS","BOSS","R","$","E","BOSS"],"items_purchased_type":["Relic","Relic","Relic","Relic","Relic","Card","Potion","Potion","Potion","Card","Relic","Card","Relic","Card","Card","Relic","Card","Relic","Relic","Card","Relic","Relic","Potion","Relic","Card","Card","Relic","Relic","Relic","Relic","Potion"],"build_version":"2020-12-13","purchased_purges":4,"victory":true,"max_hp_per_floor":[82,82,82,82,82,82,82,82,82,82,82,92,92,92,92,92,92,92,92,92,92,92,92,92,92,92,92,92,92,92,92,92,92,92,92,92,92,92,92,92,92,92,92,92,92,99,99,99,99,99,99,99,99,99,99,99],"relic_stats":{"Torii":39,"Happy Flower":[38],"counters":[104,446],"Eternal Feather":56,"StoneCalendar":[0],"Bag of Preparation":[36],"Whetstone":["Eruption","FearNoEvil"],"GoldenEye":[10],"Medical Kit":[6],"Blood Vial":8,"Pantograph":17,"Bronze Scales":[176],"Black Star":9,"obtain_stats":[{"Golden Egg":5,"Replay:Accelerometer":46,"infinitespire:Cubic Diamond":13,"Whetstone":26,"hubris:MysteriousPyramids":54,"Sling":0,"Blood Vial":45,"vexMod:CardConverter":0,"Sundial":0,"Replay:Bottled Flurry":5,"MerchantsRug":0,"conspire:TreasureMap":0,"Pear":12,"Counterbalance":22,"Eternal Feather":40,"Pen Nib":39,"vexMod:GhostlyGear":0,"hubris:TenFootPole":0,"conspire:BottledYoYo":47,"Unceasing Top":25,"infinitespire:PuzzleCube":42,"vexMod:ImprovementManual":34,"vexMod:PlasmaPancake":0,"Lantern":0,"aspiration:Lifesprig":29,"Singing Bowl":40,"Torii":10,"Magic Flower":26,"Blue Doll":0,"StoneCalendar":43,"Replay:Multitool":8,"Bag of Preparation":25,"hubris:EmptyBottle":46,"Burning Blood":0,"Pet Ghost":0,"Replay:Rubber Ducky":4,"Shovel":6,"Ninja Scroll":0,"Ring of the Snake":0,"Potion Belt":0,"Golden Idol":11,"PreservedInsect":5,"infinitespire:Joker Card":45,"The Courier":31,"Seething Fire":0,"infinitespire:CheckeredPen":46,"Frozen Egg 2":28,"GoldenEye":40,"Replay:Arrowhead":0,"Ornamental Fan":0,"Orrery":0,"Ectoplasm":4,"Garlic":53,"Art of War":48,"conspire:DeflatedDodgeball":55,"ReplayTheSpireMod:Lightbulb":0,"infinitespire:Midas Blood":53,"hubris:BottledRain":9,"Tiny House":34,"hubris:CrystalStatue":43,"Gremlin Horn":0,"conspire:RoyalGoblet":13,"Hammer of Thor":0,"aspiration:Stabinomicon":24,"Sozu":34,"Centennial Puzzle":0,"HornCleat":0,"Strawberry":8,"Toxic Egg 2":2,"conspire:Dentures":0,"Girya":31,"Happy Flower":20,"aspiration:Nostalgia":0,"ReplayTheSpireMod:CursedCoin":0,"vexMod:ScavengeHelm":23,"Oddly Smooth Stone":47,"aspiration:SeaSaltIceCream":47,"aspiration:HiddenCompartment":42,"hubris:Zylophone":29,"OrangePellets":0,"Replay:Baseball":21,"ReplayTheSpireMod:Spearhead":44,"Bottled Flame":7,"Anvil of the Gods":0,"Bronze Scales":0,"hubris:PeanutButter":0,"Molten Egg 2":0,"Black Star":17,"hubris:ToyBattleship":45,"Grinning Jar":10,"aspiration:HatOfInfinitePower":49,"Pocketwatch":48,"Mango":0,"aspiration:TomeofQuesting":28,"Juzu Bracelet":10,"Dream Catcher":24,"Replay:Bandana":28,"hubris:Icosahedron":44,"Mummified Hand":25,"hubris:Stopwatch":17,"Pantograph":40,"hubris:IronBody":43,"Replay:Bottled Snecko":23,"Cracked Core":0,"BargainBundle":54,"aspiration:FetidBarrel":0,"Orichalcum":23,"Medical Kit":0,"White Beast Statue":9,"Strange Spoon":0,"hubris:GrandSneckoEye":17,"Snack Pack":55,"Membership Card":0,"PureWater":0,"hubris:OldNail":0},{"Golden Egg":33,"Replay:Accelerometer":98,"infinitespire:Cubic Diamond":8,"Whetstone":86,"hubris:MysteriousPyramids":27,"Sling":71,"Blood Vial":98,"vexMod:CardConverter":29,"Sundial":2,"Replay:Bottled Flurry":75,"MerchantsRug":0,"conspire:TreasureMap":29,"Pear":78,"Counterbalance":43,"Eternal Feather":54,"Pen Nib":53,"vexMod:GhostlyGear":2,"hubris:TenFootPole":2,"conspire:BottledYoYo":58,"Unceasing Top":14,"infinitespire:PuzzleCube":22,"vexMod:ImprovementManual":91,"vexMod:PlasmaPancake":2,"Lantern":2,"aspiration:Lifesprig":16,"Singing Bowl":21,"Torii":77,"Magic Flower":14,"Blue Doll":0,"StoneCalendar":97,"Replay:Multitool":7,"Bag of Preparation":86,"hubris:EmptyBottle":98,"Burning Blood":0,"Pet Ghost":29,"Replay:Rubber Ducky":1,"Shovel":34,"Ninja Scroll":63,"Ring of the Snake":0,"Potion Belt":71,"Golden Idol":70,"PreservedInsect":1,"infinitespire:Joker Card":57,"The Courier":90,"Seething Fire":0,"infinitespire:CheckeredPen":58,"Frozen Egg 2":87,"GoldenEye":96,"Replay:Arrowhead":29,"Ornamental Fan":2,"Orrery":71,"Ectoplasm":1,"Garlic":27,"Art of War":59,"conspire:DeflatedDodgeball":62,"ReplayTheSpireMod:Lightbulb":2,"infinitespire:Midas Blood":61,"hubris:BottledRain":69,"Tiny House":17,"hubris:CrystalStatue":55,"Gremlin Horn":29,"conspire:RoyalGoblet":37,"Hammer of Thor":0,"aspiration:Stabinomicon":43,"Sozu":49,"Centennial Puzzle":29,"HornCleat":2,"Strawberry":69,"Toxic Egg 2":1,"conspire:Dentures":29,"Girya":90,"Happy Flower":82,"aspiration:Nostalgia":29,"ReplayTheSpireMod:CursedCoin":29,"vexMod:ScavengeHelm":84,"Oddly Smooth Stone":23,"aspiration:SeaSaltIceCream":99,"aspiration:HiddenCompartment":55,"hubris:Zylophone":87,"OrangePellets":0,"Replay:Baseball":12,"ReplayTheSpireMod:Spearhead":23,"Bottled Flame":76,"Anvil of the Gods":0,"Bronze Scales":2,"hubris:PeanutButter":71,"Molten Egg 2":71,"Black Star":80,"hubris:ToyBattleship":98,"Grinning Jar":70,"aspiration:HatOfInfinitePower":24,"Pocketwatch":24,"Mango":71,"aspiration:TomeofQuesting":87,"Juzu Bracelet":8,"Dream Catcher":14,"Replay:Bandana":46,"hubris:Icosahedron":97,"Mummified Hand":44,"hubris:Stopwatch":10,"Pantograph":96,"hubris:IronBody":22,"Replay:Bottled Snecko":84,"Cracked Core":29,"BargainBundle":61,"aspiration:FetidBarrel":29,"Orichalcum":43,"Medical Kit":2,"White Beast Statue":7,"Strange Spoon":2,"hubris:GrandSneckoEye":39,"Snack Pack":103,"Membership Card":2,"PureWater":0,"hubris:OldNail":2},{"Golden Egg":127,"Replay:Accelerometer":412,"infinitespire:Cubic Diamond":39,"Whetstone":353,"hubris:MysteriousPyramids":105,"Sling":283,"Blood Vial":412,"vexMod:CardConverter":114,"Sundial":13,"Replay:Bottled Flurry":293,"MerchantsRug":0,"conspire:TreasureMap":114,"Pear":309,"Counterbalance":173,"Eternal Feather":205,"Pen Nib":202,"vexMod:GhostlyGear":13,"hubris:TenFootPole":13,"conspire:BottledYoYo":218,"Unceasing Top":60,"infinitespire:PuzzleCube":94,"vexMod:ImprovementManual":376,"vexMod:PlasmaPancake":13,"Lantern":13,"aspiration:Lifesprig":73,"Singing Bowl":93,"Torii":301,"Magic Flower":60,"Blue Doll":0,"StoneCalendar":407,"Replay:Multitool":36,"Bag of Preparation":353,"hubris:EmptyBottle":412,"Burning Blood":0,"Pet Ghost":114,"Replay:Rubber Ducky":4,"Shovel":134,"Ninja Scroll":237,"Ring of the Snake":0,"Potion Belt":283,"Golden Idol":280,"PreservedInsect":4,"infinitespire:Joker Card":216,"The Courier":370,"Seething Fire":0,"infinitespire:CheckeredPen":218,"Frozen Egg 2":358,"GoldenEye":406,"Replay:Arrowhead":114,"Ornamental Fan":13,"Orrery":283,"Ectoplasm":4,"Garlic":105,"Art of War":222,"conspire:DeflatedDodgeball":232,"ReplayTheSpireMod:Lightbulb":13,"infinitespire:Midas Blood":229,"hubris:BottledRain":270,"Tiny House":79,"hubris:CrystalStatue":209,"Gremlin Horn":114,"conspire:RoyalGoblet":142,"Hammer of Thor":0,"aspiration:Stabinomicon":173,"Sozu":189,"Centennial Puzzle":114,"HornCleat":13,"Strawberry":270,"Toxic Egg 2":4,"conspire:Dentures":114,"Girya":370,"Happy Flower":330,"aspiration:Nostalgia":114,"ReplayTheSpireMod:CursedCoin":114,"vexMod:ScavengeHelm":343,"Oddly Smooth Stone":97,"aspiration:SeaSaltIceCream":416,"aspiration:HiddenCompartment":209,"hubris:Zylophone":358,"OrangePellets":0,"Replay:Baseball":51,"ReplayTheSpireMod:Spearhead":97,"Bottled Flame":296,"Anvil of the Gods":0,"Bronze Scales":13,"hubris:PeanutButter":283,"Molten Egg 2":283,"Black Star":324,"hubris:ToyBattleship":412,"Grinning Jar":280,"aspiration:HatOfInfinitePower":98,"Pocketwatch":98,"Mango":283,"aspiration:TomeofQuesting":358,"Juzu Bracelet":39,"Dream Catcher":60,"Replay:Bandana":183,"hubris:Icosahedron":407,"Mummified Hand":178,"hubris:Stopwatch":46,"Pantograph":406,"hubris:IronBody":94,"Replay:Bottled Snecko":343,"Cracked Core":114,"BargainBundle":229,"aspiration:FetidBarrel":114,"Orichalcum":173,"Medical Kit":13,"White Beast Statue":36,"Strange Spoon":13,"hubris:GrandSneckoEye":154,"Snack Pack":438,"Membership Card":13,"PureWater":0,"hubris:OldNail":13}],"Ring of the Snake":[26]},"card_choices":[{"not_picked":["TalkToTheHand+1","Prostrate"],"picked":"FlurryOfBlows+1","floor":0.0},{"not_picked":["CutThroughFate+1","EmptyFist+1"],"picked":"PathToVictory","floor":0.0},{"not_picked":["Halt","Indignation"],"picked":"PathToVictory","floor":0.0},{"not_picked":["Prostrate","Replay:Hum"],"picked":"Pray","floor":0.0},{"not_picked":["TalkToTheHand+1","ConjureBlade"],"picked":"BowlingBash+1","floor":0.0},{"not_picked":["Crescendo","Replay:ManipulateFuture"],"picked":"Replay:AtTheReady","floor":1.0},{"not_picked":["CutThroughFate+1","Replay:AtTheReady"],"picked":"Study","floor":2.0},{"not_picked":["Protect","Halt"],"picked":"DevaForm","floor":3.0},{"not_picked":["Replay:ManipulateFuture","Adaptation"],"picked":"Evaluate","floor":4.0},{"not_picked":["ClearTheMind","TalkToTheHand+1","Replay:AtTheReady"],"picked":"SKIP","floor":7.0},{"not_picked":["ThirdEye","WreathOfFlame"],"picked":"Scrawl","floor":10.0},{"not_picked":["Replay:AtTheReady","TalkToTheHand+1","CutThroughFate+1"],"picked":"SKIP","floor":12.0},{"not_picked":["SignatureMove+1","SashWhip+1"],"picked":"Meditate","floor":14.0},{"not_picked":["Brilliance+1","Blasphemy"],"picked":"Wish","floor":16.0},{"not_picked":["FollowUp+1","Wireheading","Crescendo"],"picked":"SKIP","floor":18.0},{"not_picked":["FlyingSleeves+1","ClearTheMind"],"picked":"WaveOfTheHand","floor":19.0},{"not_picked":["BattleHymn","Wireheading","CutThroughFate+1"],"picked":"SKIP","floor":21.0},{"not_picked":["FlyingSleeves+1","EmptyFist+1"],"picked":"PathToVictory","floor":23.0},{"not_picked":["Crescendo","BowlingBash+1","FollowUp+1"],"picked":"SKIP","floor":24.0},{"not_picked":["Fasting2","WindmillStrike+1","Weave+1"],"picked":"SKIP","floor":25.0},{"not_picked":["Replay:ManipulateFuture","CrushJoints+1","EmptyFist+1"],"picked":"SKIP","floor":28.0},{"not_picked":["Protect","LessonLearned+1"],"picked":"ThirdEye","floor":30.0},{"not_picked":["Replay:BluntJabs+1","ThirdEye"],"picked":"EmptyMind","floor":31.0},{"not_picked":["DeusExMachina","Brilliance+1"],"picked":"Scrawl","floor":33.0},{"not_picked":["Halt","Conclude+1"],"picked":"Replay:Vibes+1","floor":35.0},{"not_picked":["FlyingSleeves+1","Replay:ManipulateFuture+1","FlurryOfBlows+1"],"picked":"SKIP","floor":37.0},{"not_picked":["Replay:BluntJabs+1","FollowUp+1","Perseverance"],"picked":"SKIP","floor":38.0},{"not_picked":["Protect","WheelKick+1","Replay:BluntJabs+1"],"picked":"SKIP","floor":39.0},{"not_picked":["ForeignInfluence","FlurryOfBlows+1","SashWhip+1"],"picked":"SKIP","floor":40.0},{"not_picked":["ThirdEye+1","Wallop+1"],"picked":"Scrawl","floor":42.0},{"not_picked":["SashWhip+1","Halt","LessonLearned+1"],"picked":"SKIP","floor":45.0},{"not_picked":["Replay:Anticipation","Replay:AtTheReady"],"picked":"Study+1","floor":47.0},{"not_picked":["SandsOfTime+1","EmptyBody","Replay:ManipulateFuture"],"picked":"SKIP","floor":48.0},{"not_picked":["FlyingSleeves+1","WindmillStrike+1","InnerPeace+1"],"picked":"SKIP","floor":55}],"player_experience":796105,"relics_obtained":[{"floor":7.0,"key":"Bottled Flame"},{"floor":10.0,"key":"Torii"},{"floor":12.0,"key":"Pear"},{"floor":23.0,"key":"Replay:Bottled Snecko"},{"floor":23.0,"key":"vexMod:ScavengeHelm"},{"floor":25.0,"key":"Bag of Preparation"},{"floor":25.0,"key":"Replay:Rubber Ducky"},{"floor":26.0,"key":"Whetstone"},{"floor":28.0,"key":"aspiration:TomeofQuesting"},{"floor":28.0,"key":"Frozen Egg 2"},{"floor":30.0,"key":"Grinning Jar"},{"floor":30.0,"key":"Garlic"},{"floor":31.0,"key":"Girya"},{"floor":31.0,"key":"The Courier"},{"floor":32.0,"key":"Eternal Feather"},{"floor":40.0,"key":"GoldenEye"},{"floor":40.0,"key":"Pantograph"},{"floor":42.0,"key":"Bronze Scales"},{"floor":42.0,"key":"hubris:BottledRain"},{"floor":43.0,"key":"StoneCalendar"},{"floor":45.0,"key":"Blood Vial"},{"floor":45.0,"key":"hubris:ToyBattleship"},{"floor":47.0,"key":"Pet Ghost"},{"floor":47.0,"key":"aspiration:SeaSaltIceCream"},{"floor":55,"key":"Snack Pack"},{"floor":55,"key":"conspire:Dentures"}],"event_choices":[{"damage_healed":0.0,"max_hp_gain":0.0,"max_hp_loss":0.0,"gold_gain":0.0,"event_name":"Big Fish","player_choice":"Box","floor":5.0,"gold_loss":0.0,"damage_taken":0.0,"relics_obtained":["Replay:Bottled Flurry"],"cards_obtained":["Regret"]},{"damage_healed":0.0,"max_hp_gain":0.0,"max_hp_loss":0.0,"gold_gain":0.0,"event_name":"conspire:LoneGhost","player_choice":"Agree","floor":8.0,"gold_loss":0.0,"damage_taken":0.0},{"damage_healed":0.0,"max_hp_gain":0.0,"max_hp_loss":0.0,"gold_gain":0.0,"event_name":"conspire:Investor","player_choice":"Invest 4","floor":11.0,"gold_loss":0.0,"damage_taken":0.0},{"damage_healed":0.0,"max_hp_gain":0.0,"max_hp_loss":0.0,"gold_gain":0.0,"event_name":"Accursed Blacksmith","player_choice":"Forge","floor":22.0,"gold_loss":0.0,"damage_taken":0.0,"cards_upgraded":["Collect"]},{"damage_healed":0.0,"max_hp_gain":0.0,"max_hp_loss":0.0,"gold_gain":0.0,"event_name":"Colosseum","player_choice":"Fight","floor":31.0,"gold_loss":0.0,"damage_taken":0.0},{"damage_healed":0.0,"max_hp_gain":0.0,"max_hp_loss":0.0,"gold_gain":0.0,"event_name":"Colosseum","player_choice":"Fought Nobs","floor":31.0,"gold_loss":0.0,"damage_taken":0.0},{"damage_healed":0.0,"max_hp_gain":0.0,"max_hp_loss":0.0,"gold_gain":0.0,"event_name":"Tomb of Lord Red Mask","player_choice":"Ignored","floor":36.0,"gold_loss":0.0,"damage_taken":0.0}],"is_beta":false,"boss_relics":[{"not_picked":["Ring of Chaos","vexMod:NewClearReactor"],"picked":"Black Star"},{"not_picked":["Philosopher\u0027s Stone","Painkiller Herb"],"picked":"vexMod:ImprovementManual"}],"items_purged_floors":[0,0,20,41],"is_endless":false,"potions_floor_spawned":[1,2,10,14,16,18,24,25,28,31,33,35,38,40,45,47,55],"ascension_level":20}}