{"host":"hfvpa4llnnjpeawn","time":1608412841,"event":{"mods":["2.2 Compatiblity","AchievementEnabler","Act Like it!","Aspiration","Bard","BaseMod","Beaked The Cultist","Better Sensory Stone","Better Skull","Better Third Choice","BetterRewards","CapriCore","Conspire","Downfall","Elementarium","Energized Spire","Hermit","Hubris","Jorbs\u0027s Wanderer Trilogy","Koishi","Lobotomy","LobotomyExtend","Minty Spire (QoL Compilation)","Replay The Spire","Shade Mod","Spicy Shops","StSLib","The Bladedancer","The Factory","The Gatherer","The Jungle","Waifu the Spire","Wandering Minibosses"],"gold_per_floor":[272,44,62,285,301,333,333,333,333,347,347,347,21,53,53,53,53],"floor_reached":16,"playtime":856,"items_purged":[],"score":158,"play_id":"1f4a4778-b99b-4e68-a6fd-9df7f6f038ce","local_time":"20201219162041","is_ascension_mode":false,"campfire_choices":[{"floor":12,"key":"RECALL"}],"circlet_count":0,"master_deck":["CrumblingArmor","PathToVictory+1","Transmutation","SashWhip"],"relics":["PureWater","CogitoBucket","LetterFromLob","Bag of Preparation","RedMistMask","hubris:SlimyHat","hubris:FruitBowl","Letter Opener","Lee\u0027s Waffle","Ice Cream","Pet Ghost"],"acts_visited":["Exordium"],"potions_floor_usage":[6,14,16],"damage_taken":[{"damage":1,"enemies":"Jaw Worm","floor":1,"turns":4},{"damage":0,"enemies":"Cultist","floor":3,"turns":2},{"damage":0,"enemies":"Small Slimes","floor":5,"turns":1},{"damage":0,"enemies":"3 Sentries","floor":6,"turns":2},{"damage":0,"enemies":"Exordium Wildlife","floor":10,"turns":1},{"damage":0,"enemies":"Lagavulin","floor":14,"turns":2},{"damage":75,"enemies":"Fading Forest","floor":16,"turns":9}],"seed_played":"5311734113335692088","potions_obtained":[{"floor":1,"key":"Adrenaline Potion"},{"floor":5,"key":"FearPotion"},{"floor":14,"key":"DuplicationPotion"}],"is_trial":false,"path_per_floor":["M","$","M","?","M","E","$","?","T","M","?","R","$","E","R","B"],"character_chosen":"WATCHER","items_purchased":["SandsOfTime+1","Bag of Preparation","hubris:FruitBowl","Lee\u0027s Waffle","Transmutation"],"campfire_rested":0,"item_purchase_floors":[2,2,7,13,13],"current_hp_per_floor":[71,71,71,57,57,57,38,70,70,70,56,56,82,82,64,0,0],"gold":53,"neow_bonus":"","is_daily":false,"chose_seed":false,"campfire_upgraded":0,"win_rate":0.0,"timestamp":1608412841,"path_taken":["M","$","M","?","M","E","?","?","T","?","?","R","$","E","R","BOSS"],"items_purchased_type":["Card","Relic","Relic","Relic","Card"],"build_version":"2020-12-13","purchased_purges":0,"victory":false,"max_hp_per_floor":[72,72,72,72,72,72,72,72,72,72,72,72,82,82,82,82,82],"card_choices":[{"not_picked":["Wellcheers","DreamingCurrent"],"picked":"QueenOfHatred","floor":1},{"not_picked":["WaveOfTheHand","Consecrate"],"picked":"TalkToTheHand","floor":1},{"not_picked":["MHz","HeroicMonk"],"picked":"Porccubus","floor":3},{"not_picked":["Pray","SashWhip"],"picked":"ForeignInfluence","floor":3},{"not_picked":["BowlingBash","ClearTheMind"],"picked":"CrushJoints","floor":5},{"not_picked":["RedShoes","DreamingCurrent","OldLady"],"picked":"Singing Bowl","floor":5},{"not_picked":["Funeral","SpiderBud"],"picked":"BigBadWolf","floor":5},{"not_picked":["Freischutz","Rudolta"],"picked":"MeatLantern","floor":6},{"not_picked":["EmptyFist","WaveOfTheHand","ReachHeaven"],"picked":"SKIP","floor":6},{"not_picked":["WallGazer","SpiderBud","GreedKing"],"picked":"Singing Bowl","floor":10},{"not_picked":["LaLuna","Variant"],"picked":"CrumblingArmor","floor":10},{"not_picked":["Replay:ManipulateFuture","EmptyFist"],"picked":"PathToVictory","floor":10},{"not_picked":["EmptyFist","CutThroughFate"],"picked":"SashWhip","floor":14},{"not_picked":["Bloodbath","LittlePrince","ShyLook"],"picked":"Singing Bowl","floor":14}],"player_experience":278340,"relics_obtained":[{"floor":1,"key":"LetterFromLob"},{"floor":3,"key":"RedMistMask"},{"floor":6,"key":"hubris:SlimyHat"},{"floor":9,"key":"Letter Opener"},{"floor":14,"key":"Ice Cream"}],"event_choices":[{"damage_healed":0,"gold_gain":223,"player_choice":"GO GO ","damage_taken":16,"relics_obtained":[],"max_hp_gain":0,"max_hp_loss":0,"event_name":"betterSkull:BetterSkull","floor":4,"gold_loss":0,"cards_upgraded":[]},{"damage_healed":70,"gold_gain":0,"player_choice":"Upgrade","damage_taken":14,"max_hp_gain":0,"max_hp_loss":72,"event_name":"betterThird:BetterShining","floor":11,"gold_loss":0,"cards_upgraded":["PathToVictory"]},{"damage_healed":0,"gold_gain":0,"player_choice":"Relic ","damage_taken":18,"max_hp_gain":0,"max_hp_loss":0,"event_name":"betterThird:BetterScrap","floor":15,"gold_loss":0,"cards_obtained":["Crystallizer"]}],"is_beta":false,"boss_relics":[],"items_purged_floors":[],"is_endless":false,"potions_floor_spawned":[1,5,14],"killed_by":"Fading Forest","ascension_level":0}}