{"host":"dwyzfvnzfcqffr30","time":1608360559,"event":{"mods":["2.2 Compatiblity","Act Like it!","BaseMod","Beaked The Cultist","Better Altar","Better Sensory Stone","Better Third Choice","Clockwork Mod","Colored Map","Colored Powertips","Conspire","Downfall","Elementarium","GifTheSpireLib","Halation","Hermit","Hubris","Jedi Mod","Menagerie","Mimic Mod","Minty Spire (QoL Compilation)","Permanent Neow","Random Character Button","Replay The Spire","Spicy Shops","StSLib","Stuff the Spire","The Construct","The Druid","TheFirefly","Trackpad","vexMod"],"gold_per_floor":[113,27,38,38,38,68,86,86,134,134,154,170,205,225,225,323,323,335,335,349,55,73,101,101,127,127,117,117,137,164,180,180,281,281,292,304,221,237,248,280,280,307,340,340,340,358,368,403,403,403,403,403,31,64,64],"floor_reached":56,"playtime":4447,"items_purged":["Doubt","Strike_R+1"],"score":1763,"play_id":"1d2f16b7-3c88-499e-bead-6222181c1987","local_time":"20201218224919","is_ascension_mode":true,"campfire_choices":[{"floor":15,"key":"RECALL"},{"floor":32,"key":"REST"},{"floor":41,"key":"REST"},{"data":"StuffTheSpire:BrainWave","floor":49,"key":"SMITH"},{"floor":52,"key":"REST"}],"circlet_count":0,"master_deck":["Strike_R+1","Strike_R+1","Strike_R+1","Strike_R+1","Defend_R+1","Defend_R+1","Defend_R+1","Defend_R+1","Bash+1","Replay:Many Hands+1","MasterReality+1","Iron Wave+1","Replay:SS_forest_2+1","Dual Wield+1","Shrug It Off+1","jedi:collectorstrike+1","Demon Form+1","Limit Break+1","Immolate+1","Limit Break+1","Elementarium:GildedEssence+1","Sword Boomerang+1","StuffTheSpire:BrainWave+1","ReplayTheSpireMod:LeadingStrike+1","ReplayTheSpireMod:Limb From Limb+1"],"relics":["Burning Blood","Juzu Bracelet","Molten Egg 2","Toxic Egg 2","Frozen Egg 2","Quantum Egg","Bottled Tornado","Garlic","Menagerie:ShiftingBlessing","hubris:Towel","trackpad:Mousetrap","Electric Blood","Meat on the Bone","hubris:MedicalManual","StuffTheSpire:ForceGauntlet","jedi:heavyjacket","Elementarium:ElementariumTrophy","conspire:SpecialSausage","Replay:Wax Seal","sneckomod:BlankCard","Potion Belt","Torii","Prayer Wheel","Darkstone Periapt","StuffTheSpire:Mouthbags","trackpad:AdjectivePendant","StuffTheSpire:GrapeVine","trackpad:FieryHotPepper"],"acts_visited":["Menagerie:Menagerie","Elementarium:Elementarium","TheBeyond","TheEnding"],"potions_floor_usage":[13,16,23,30,33,33,39,42,42,50,55],"damage_taken":[{"damage":5,"enemies":"Menagerie:2_RABBITS","floor":1,"turns":4},{"damage":6,"enemies":"Menagerie:StygianBoar","floor":3,"turns":4},{"damage":8,"enemies":"Menagerie:MaskedSummoner","floor":6,"turns":5},{"damage":0,"enemies":"Menagerie:WhisperingWraith","floor":7,"turns":4},{"damage":4,"enemies":"Menagerie:BEAST_MAGE_AND_PROWLING_AMALGAM","floor":11,"turns":6},{"damage":2,"enemies":"Menagerie:RedMage","floor":12,"turns":4},{"damage":11,"enemies":"Menagerie:VoidReaper","floor":13,"turns":3},{"damage":0,"enemies":"Menagerie:DREAD_MOTH_AND_GRAFTED_WORMS","floor":14,"turns":3},{"damage":13,"enemies":"Menagerie:Chimera","floor":16,"turns":6},{"damage":6,"enemies":"Elementarium:2_ELEMENTALS","floor":18,"turns":2},{"damage":8,"enemies":"Elementarium:VoidCorruption","floor":20,"turns":2},{"damage":13,"enemies":"Elementarium:VoidBeast","floor":22,"turns":3},{"damage":27,"enemies":"Elementarium:FIRE_NOBILITY","floor":23,"turns":5},{"damage":28,"enemies":"Elementarium:WarGolem","floor":25,"turns":3},{"damage":19,"enemies":"Elementarium:CYCLONE_AND_ORB_OF_FIRE","floor":29,"turns":3},{"damage":13,"enemies":"Elementarium:FIRE_NOBILITY","floor":30,"turns":3},{"damage":5,"enemies":"Elementarium:3_ELEMENTALS","floor":31,"turns":3},{"damage":25,"enemies":"Elementarium:GolemEmperor","floor":33,"turns":4},{"damage":18,"enemies":"3 Darklings","floor":35,"turns":3},{"damage":14,"enemies":"3 Shapes","floor":36,"turns":3},{"damage":16,"enemies":"Spire Growth","floor":38,"turns":4},{"damage":22,"enemies":"3 Darklings","floor":39,"turns":3},{"damage":19,"enemies":"Nemesis","floor":40,"turns":5},{"damage":17,"enemies":"beaked:SuperParasite","floor":42,"turns":7},{"damage":14,"enemies":"Jaw Worm Horde","floor":43,"turns":5},{"damage":4,"enemies":"Jaw Worm Horde","floor":46,"turns":2},{"damage":5,"enemies":"Spire Growth","floor":47,"turns":3},{"damage":14,"enemies":"Nemesis","floor":48,"turns":5},{"damage":28,"enemies":"Time Eater","floor":50,"turns":5},{"damage":22,"enemies":"Shield and Spear","floor":54,"turns":4},{"damage":57,"enemies":"The Heart","floor":55,"turns":8}],"seed_played":"4273485314058418528","potions_obtained":[{"floor":3,"key":"champ:CounterPotion"},{"floor":6,"key":"LiquidMemories"},{"floor":14,"key":"FearPotion"},{"floor":18,"key":"SpeedPotion"},{"floor":25,"key":"DuplicationPotion"},{"floor":30,"key":"ColorlessPotion"},{"floor":36,"key":"champ:CounterPotion"},{"floor":39,"key":"LiquidBronze"},{"floor":40,"key":"Energy Potion"},{"floor":42,"key":"EssenceOfSteel"},{"floor":46,"key":"LifebloodPotion"}],"is_trial":false,"path_per_floor":["M","$","M","?","$","E","M","?","T","?","M","M","E","M","R","B",null,"M","?","M","$","M","E","$","E","T","?","?","M","E","M","R","B",null,"M","M","$","M","M","E","R","E","MIM","?","?","M","M","E","R","B",null,"R","$","E","B",null],"character_chosen":"IRONCLAD","items_purchased":["Replay:SS_forest_2+1","Meat on the Bone","Replay:Wax Seal","StuffTheSpire:Mouthbags","trackpad:AdjectivePendant","StuffTheSpire:GrapeVine"],"campfire_rested":3,"item_purchase_floors":[2,21,37,53,53,53],"current_hp_per_floor":[73,73,73,78,78,76,82,73,73,73,75,79,74,80,80,73,82,82,82,80,80,73,59,59,49,49,49,49,48,53,54,81,62,85,73,65,65,55,51,50,77,66,58,58,67,69,70,62,62,52,82,92,92,76,37],"gold":64,"neow_bonus":"ONE_RANDOM_RARE_CARD","is_daily":false,"chose_seed":false,"campfire_upgraded":1,"win_rate":0.0,"timestamp":1608360559,"path_taken":["M","$","M","?","?","E","M","?","T","?","M","M","E","M","R","BOSS","M","?","M","$","M","E","$","E","T","?","?","M","E","M","R","BOSS","M","M","$","M","M","E","R","E","MIM","?","?","M","M","E","R","BOSS","R","$","E","BOSS"],"items_purchased_type":["Card","Relic","Relic","Relic","Relic","Relic"],"build_version":"2020-12-13","purchased_purges":2,"victory":true,"max_hp_per_floor":[80,80,80,85,85,85,85,85,85,85,85,85,85,85,85,85,85,85,85,85,85,85,92,92,92,92,92,92,92,92,92,92,92,92,92,92,92,92,92,92,92,92,92,92,92,92,92,92,92,92,92,92,92,92,92],"card_choices":[{"not_picked":["jedi:fear+1","StuffTheSpire:RockThrow+1"],"picked":"Iron Wave+1","floor":1},{"not_picked":["Wild Strike+1","ReplayTheSpireMod:Strike From Hell+1"],"picked":"Dual Wield+1","floor":3},{"not_picked":["Replay:Undeath\u0027s Touch+1","StuffTheSpire:Incineration+1"],"picked":"Shrug It Off+1","floor":6},{"not_picked":["Armaments+1","ReplayReversal+1"],"picked":"jedi:collectorstrike+1","floor":7},{"not_picked":["Run Through+1","True Grit+1"],"picked":"Demon Form+1","floor":11},{"not_picked":["Heavy Blade+1","Twin Strike+1"],"picked":"jedi:collectorstrike+1","floor":12},{"not_picked":["Twin Strike+1","Run Through+1"],"picked":"Limit Break+1","floor":13},{"not_picked":["Twin Strike+1","Warcry+1","Metallicize+1"],"picked":"SKIP","floor":14},{"not_picked":["Brutality+1","StuffTheSpire:TitanForm+1"],"picked":"Immolate+1","floor":16},{"not_picked":["Carnage+1","Abandon+1"],"picked":"ReplayTheSpireMod:Limb From Limb+1","floor":18},{"not_picked":["Sever Soul+1","Ghostly Armor+1"],"picked":"jedi:collectorstrike+1","floor":20},{"not_picked":["ReplayTheSpireMod:Muscle Training+1","Whirlwind+1"],"picked":"jedi:collectorstrike+1","floor":22},{"not_picked":["Brutality+1","Dark Embrace+1"],"picked":"jedi:collectorstrike+1","floor":23},{"not_picked":["Infernal Blade+1","StuffTheSpire:Incineration+1"],"picked":"jedi:collectorstrike+1","floor":25},{"not_picked":["Clothesline+1","Havoc+1"],"picked":"jedi:collectorstrike+1","floor":29},{"not_picked":["Pummel+1","Barricade+1"],"picked":"jedi:collectorstrike+1","floor":30},{"not_picked":["Reckless Charge+1","Shrug It Off+1"],"picked":"jedi:collectorstrike+1","floor":31},{"not_picked":["conspire:Purge+1","Brutality+1"],"picked":"jedi:collectorstrike+1","floor":33},{"not_picked":["Rupture+1","StuffTheSpire:BloodClot+1"],"picked":"jedi:collectorstrike+1","floor":35},{"not_picked":["Anger+1","Sword Boomerang+1"],"picked":"jedi:collectorstrike+1","floor":36},{"not_picked":["Fire Breathing+1","Reckless Charge+1"],"picked":"jedi:collectorstrike+1","floor":38},{"not_picked":["True Grit+1","Second Wind+1"],"picked":"jedi:collectorstrike+1","floor":39},{"not_picked":["jedi:collectorstrike+1","Run Through+1"],"picked":"Sword Boomerang+1","floor":40},{"not_picked":["Pummel+1","Brutality+1"],"picked":"jedi:collectorstrike+1","floor":42},{"not_picked":["Spot Weakness+1","conspire:HitWhereItHurts+1"],"picked":"jedi:collectorstrike+1","floor":43},{"not_picked":["StuffTheSpire:Ambrosia","StuffTheSpire:Rapture"],"picked":"StuffTheSpire:BrainWave","floor":44},{"not_picked":["jedi:collectorstrike+1","StuffTheSpire:RockThrow+1"],"picked":"ReplayTheSpireMod:LeadingStrike+1","floor":46},{"not_picked":["Run Through+1","Thunderclap+1"],"picked":"jedi:collectorstrike+1","floor":46},{"not_picked":["True Grit+1","Wild Strike+1"],"picked":"jedi:collectorstrike+1","floor":47},{"not_picked":["jedi:fear+1","Ghostly Armor+1"],"picked":"jedi:collectorstrike+1","floor":47},{"not_picked":["Anger+1","Searing Blow+1"],"picked":"jedi:collectorstrike+1","floor":48},{"not_picked":["Run Through+1","Shrug It Off+1"],"picked":"jedi:collectorstrike+1","floor":54}],"player_experience":2065761,"relics_obtained":[{"floor":6,"key":"Garlic"},{"floor":13,"key":"trackpad:Mousetrap"},{"floor":23,"key":"Strawberry"},{"floor":25,"key":"hubris:MedicalManual"},{"floor":26,"key":"StuffTheSpire:ForceGauntlet"},{"floor":40,"key":"sneckomod:BlankCard"},{"floor":42,"key":"Potion Belt"},{"floor":43,"key":"Torii"},{"floor":43,"key":"Prayer Wheel"},{"floor":48,"key":"Darkstone Periapt"},{"floor":54,"key":"trackpad:FieryHotPepper"}],"event_choices":[{"damage_healed":0,"gold_gain":0,"player_choice":"Upgraded","damage_taken":0,"max_hp_gain":0,"max_hp_loss":0,"event_name":"Upgrade Shrine","floor":0,"gold_loss":0,"cards_upgraded":["Bash"]},{"damage_healed":0,"gold_gain":0,"player_choice":"Upgraded","damage_taken":0,"max_hp_gain":0,"max_hp_loss":0,"event_name":"Upgrade Shrine","floor":0,"gold_loss":0,"cards_upgraded":["Replay:Many Hands"]},{"damage_healed":0,"gold_gain":0,"player_choice":"Simplicity","damage_taken":0,"max_hp_gain":0,"max_hp_loss":9,"event_name":"betterThird:BetterWriting","floor":0,"gold_loss":0},{"damage_healed":0,"gold_gain":0,"player_choice":"Shield","damage_taken":0,"max_hp_gain":5,"max_hp_loss":0,"event_name":"Menagerie:HarrowingRitual","floor":4,"gold_loss":0},{"damage_healed":0,"gold_gain":0,"player_choice":"Touch","damage_taken":9,"relics_obtained":["Menagerie:ShiftingBlessing"],"max_hp_gain":0,"max_hp_loss":0,"event_name":"Menagerie:LunarGift","floor":8,"gold_loss":0},{"damage_healed":0,"gold_gain":0,"player_choice":"Embrace","damage_taken":0,"max_hp_gain":0,"max_hp_loss":0,"event_name":"Elementarium:VoidShrine","floor":19,"gold_loss":0,"cards_obtained":["Doubt","Limit Break"]},{"damage_healed":0,"gold_gain":0,"player_choice":"Toss","damage_taken":0,"max_hp_gain":0,"max_hp_loss":0,"event_name":"Elementarium:OnrushingOffering","floor":27,"gold_loss":10,"cards_obtained":["Elementarium:GildedEssence"]}],"is_beta":false,"boss_relics":[{"not_picked":["Black Blood","Astrolabe"],"picked":"Electric Blood"},{"not_picked":["hubris:BlackHole","Runic Pyramid"],"picked":"conspire:SpecialSausage"}],"items_purged_floors":[21,21],"is_endless":false,"potions_floor_spawned":[3,6,14,18,25,30,31,33,36,39,40,42,46],"ascension_level":9}}