{"host":"i0avyit1s6jb1siw","time":1608400058,"event":{"mods":["BaseMod","DeckTracker","Dota2Spire","Highlight Path","Minty Spire (QoL Compilation)","Quick Restart","Replay The Spire","StSLib","SuperFastMode"],"gold_per_floor":[16,16,34,44,61,61,72,72,72,72,72],"floor_reached":10,"playtime":243,"items_purged":[],"score":120,"play_id":"417f3102-f29d-4dce-808a-82f959a0f3fb","local_time":"20201219184738","is_ascension_mode":true,"campfire_choices":[{"data":"ReplayTheSpireMod:From All Sides","floor":6,"key":"SMITH"},{"floor":8,"key":"REST"}],"circlet_count":0,"master_deck":["AscendersBane","Strike_G","Strike_G","Strike_G","Strike_G","Defend_G","Defend_G","Defend_G","Defend_G","Survivor","Neutralize","ReplayTheSpireMod:From All Sides+1","Deflect","Infinite Blades"],"relics":["Ring of the Snake","Ninja Scroll"],"acts_visited":["Exordium"],"potions_floor_usage":[7],"damage_taken":[{"damage":0,"enemies":"Cultist","floor":1,"turns":4},{"damage":0,"enemies":"Jaw Worm","floor":3,"turns":4},{"damage":2,"enemies":"Small Slimes","floor":4,"turns":4},{"damage":11,"enemies":"3 Louse","floor":5,"turns":5},{"damage":31,"enemies":"Large Slime","floor":7,"turns":10},{"damage":36,"enemies":"Gremlin Nob","floor":10,"turns":4}],"seed_played":"-7429135923812376509","potions_obtained":[{"floor":1,"key":"Fire Potion"},{"floor":3,"key":"Energy Potion"}],"is_trial":false,"path_per_floor":["M","?","M","M","M","R","M","R","T","E"],"character_chosen":"THE_SILENT","items_purchased":[],"campfire_rested":1,"item_purchase_floors":[],"current_hp_per_floor":[59,59,59,57,46,46,15,34,34,0,0],"gold":72,"neow_bonus":"TRANSFORM_TWO_CARDS","is_daily":false,"chose_seed":false,"campfire_upgraded":1,"win_rate":0.0,"timestamp":1608400058,"path_taken":["M","?","M","M","M","R","M","R","T","E"],"items_purchased_type":[],"build_version":"2020-12-13","purchased_purges":0,"victory":false,"max_hp_per_floor":[66,66,66,66,66,66,66,66,66,66,66],"card_choices":[{"not_picked":["Prepared","PiercingWail","Bane"],"picked":"SKIP","floor":1},{"not_picked":["Endless Agony","Quick Slash"],"picked":"Infinite Blades","floor":3},{"not_picked":["Infinite Blades","Flying Knee","Prepared"],"picked":"SKIP","floor":4},{"not_picked":["Hidden Blade","Prepared","Underhanded Strike"],"picked":"SKIP","floor":5},{"not_picked":["Slice","Flying Knee","Toxin Wave"],"picked":"SKIP","floor":7}],"player_experience":2085214,"relics_obtained":[{"floor":9,"key":"Ninja Scroll"}],"event_choices":[{"damage_healed":0,"gold_gain":0,"player_choice":"0 cards matched","damage_taken":0,"max_hp_gain":0,"max_hp_loss":0,"event_name":"Match and Keep!","floor":2,"gold_loss":0,"cards_obtained":[]}],"is_beta":false,"boss_relics":[],"items_purged_floors":[],"is_endless":false,"potions_floor_spawned":[1,3],"killed_by":"Gremlin Nob","ascension_level":20}}