{"host":"i9wanet4r0ff4t9y","time":1608384487,"event":{"mods":["2.2 Compatiblity","Act Like it!","BaseMod","Bestiary","Better Altar","Better Match","Better Note","Better Sensory Stone","Better Skull","Better Third Choice","Better Vampires","BetterRewards","CapriCore","Curses Come First","Downfall","Minty Spire (QoL Compilation)","Quick Restart","READ ME - Guardian Mod","READ ME - Snecko Mod","Relic Stats","Replay The Spire","Say the Spire","Spicy Shops","StSLib","The Disciple","Waifu the Spire"],"gold_per_floor":[99,111,111,126,57,57,104,104,131,56,14,24,39,139,150,246,246,246,261,261,274,19,19,67,84,103,103,126,126,126,151,170,270,270,359,381,381,381],"floor_reached":37,"playtime":1735,"items_purged":[],"score":421,"play_id":"fb5abfd9-de7e-44ea-9290-d43c6c1efac0","local_time":"20201219142807","is_ascension_mode":false,"campfire_choices":[{"floor":1.0,"key":"DIG"},{"floor":3.0,"key":"RECALL"},{"data":"hexamod:RainOfEmbers","floor":10.0,"key":"SMITH"},{"floor":18.0,"key":"DIG"},{"floor":23.0,"key":"REST"},{"data":"hexamod:Incineration","floor":27.0,"key":"SMITH"}],"circlet_count":0,"master_deck":["hexamod:Strike","hexamod:Strike","hexamod:Strike","hexamod:Strike","hexamod:Defend","hexamod:Defend","hexamod:Defend","hexamod:Defend","hexamod:Sear","hexamod:Float","hexamod:RainOfEmbers+1","hexamod:AdvancingGuard+1","hexamod:BurningTouch+1","hexamod:HeatCrush+1","hexamod:HeatMetal","hexamod:Again+1","hexamod:FastForward+1","hexamod:BurningTouch+1","hexamod:BurningTouch+1","hexamod:HeatMetal","hexamod:SpectralSpark+1","hexamod:TimeOfNeed+1","hexamod:Incineration+1","hexamod:CrushingStance+1","hexamod:NightmareStrike","hexamod:InspiringFlames+1","hexamod:GhostShield+1","hexamod:AdvancingGuard+1","hexamod:SecondSeal","hexamod:GhostflameBarrier+1","Mayhem+1","Shame","hexamod:NightmareGuise+1","hexamod:FastForward+1","hexamod:TurnItUp+1","hexamod:NightmareGuise+1"],"relics":["hexamod:SpiritBrand","Replay:Baseball","Toxic Egg 2","Replay:Mystery Machine","Blue Doll","downfall:HeartBlessingRed","Toy Ornithopter","Busted Crown","Gambling Chip","Kunai","Akabeko","Replay:WaspNest","Fusion Hammer"],"acts_visited":["Exordium","TheCity","TheBeyond"],"potions_floor_usage":[37],"damage_taken":[{"damage":3.0,"enemies":"2 Louse","floor":2.0,"turns":2.0},{"damage":0.0,"enemies":"Small Slimes","floor":4.0,"turns":3.0},{"damage":5.0,"enemies":"downfall:FleeingMerchant","floor":5.0,"turns":4.0},{"damage":0.0,"enemies":"Cultist","floor":8.0,"turns":1.0},{"damage":7.0,"enemies":"Lagavulin","floor":9.0,"turns":6.0},{"damage":0.0,"enemies":"downfall:FleeingMerchant","floor":11.0,"turns":4.0},{"damage":5.0,"enemies":"3 Louse","floor":12.0,"turns":4.0},{"damage":0.0,"enemies":"Exordium Thugs","floor":13.0,"turns":4.0},{"damage":2.0,"enemies":"downfall:LadyInBlue","floor":14.0,"turns":4.0},{"damage":0.0,"enemies":"Large Slime","floor":15.0,"turns":2.0},{"damage":31.0,"enemies":"downfall:Silent","floor":16.0,"turns":6.0},{"damage":7.0,"enemies":"3 Byrds","floor":19.0,"turns":4.0},{"damage":0.0,"enemies":"Snake Plant","floor":21.0,"turns":2.0},{"damage":9.0,"enemies":"downfall:FleeingMerchant","floor":22.0,"turns":4.0},{"damage":3.0,"enemies":"Shelled Parasite and Fungi","floor":25.0,"turns":3.0},{"damage":0.0,"enemies":"Chosen and Byrds","floor":26.0,"turns":4.0},{"damage":16.0,"enemies":"Snake Plant","floor":28.0,"turns":3.0},{"damage":6.0,"enemies":"Shelled Parasite and Fungi","floor":31.0,"turns":4.0},{"damage":9.0,"enemies":"Snecko","floor":32.0,"turns":3.0},{"damage":24.0,"enemies":"downfall:Ironclad","floor":33.0,"turns":4.0},{"damage":10.0,"enemies":"3 Darklings","floor":36.0,"turns":6.0},{"damage":74,"enemies":"Reptomancer","floor":37,"turns":3}],"seed_played":"4327812308770949742","potions_obtained":[{"floor":9.0,"key":"ColorlessPotion"},{"floor":12.0,"key":"Guardian:BlockOnCardUsePotion"},{"floor":14.0,"key":"Block Potion"},{"floor":14.0,"key":"hexamod:DoubleChargePotion"},{"floor":15.0,"key":"hexamod:DoubleChargePotion"},{"floor":16.0,"key":"Regen Potion"},{"floor":25.0,"key":"LifebloodPotion"},{"floor":31.0,"key":"CultistPotion"},{"floor":32.0,"key":"EntropicBrew"},{"floor":33.0,"key":"Block Potion"}],"is_trial":false,"path_per_floor":["R","M","R","M","$","?","T","M","E","R","$","M","M","?","M","B",null,"R","M","?","M","$","R","T","M","M","R","M","?","?","M","M","B",null,"R","M","E"],"character_chosen":"THE_SPIRIT","items_purchased":["hexamod:HeatCrush+1","hexamod:BurningTouch+1","Kunai"],"campfire_rested":1,"item_purchase_floors":[5,11,22],"current_hp_per_floor":[70,67,67,67,62,62,62,62,55,55,55,50,50,48,48,27,70,70,63,63,63,54,70,70,67,67,67,51,51,51,45,36,42,70,70,60,0,0],"gold":381,"neow_bonus":"RANDOM_COMMON_RELIC","is_daily":false,"chose_seed":false,"campfire_upgraded":2,"win_rate":0.0,"timestamp":1608384487,"path_taken":["R","M","R","M","$","?","T","M","E","R","$","M","M","?","M","BOSS","R","M","?","M","$","R","T","M","?","R","M","?","?","M","M","BOSS","R","M","E"],"items_purchased_type":["Card","Card","Relic"],"build_version":"2020-12-13","purchased_purges":0,"victory":false,"max_hp_per_floor":[70,70,70,70,70,70,70,70,70,70,70,70,70,70,70,70,70,70,70,70,70,70,70,70,70,70,70,70,70,70,70,70,70,70,70,70,70,70],"relic_stats":{"Busted Crown":20,"counters":[22,80],"Gambling Chip":[6],"Kunai":[5],"obtain_stats":[{"downfall:HeartBlessingRed":10,"Blue Doll":9,"Replay:WaspNest":30,"Replay:Mystery Machine":7,"Akabeko":24,"Replay:Baseball":0,"downfall:BrokenWingStatue":6,"Busted Crown":17,"Gambling Chip":18,"Fusion Hammer":34,"Kunai":22,"Toxic Egg 2":1,"hexamod:SpiritBrand":0,"Toy Ornithopter":14},{"downfall:HeartBlessingRed":5,"Blue Doll":5,"Replay:WaspNest":17,"Replay:Mystery Machine":3,"Akabeko":14,"Replay:Baseball":0,"downfall:BrokenWingStatue":3,"Busted Crown":11,"Gambling Chip":11,"Fusion Hammer":20,"Kunai":14,"Toxic Egg 2":0,"hexamod:SpiritBrand":0,"Toy Ornithopter":9},{"downfall:HeartBlessingRed":16,"Blue Doll":16,"Replay:WaspNest":60,"Replay:Mystery Machine":9,"Akabeko":50,"Replay:Baseball":0,"downfall:BrokenWingStatue":9,"Busted Crown":40,"Gambling Chip":40,"Fusion Hammer":71,"Kunai":50,"Toxic Egg 2":0,"hexamod:SpiritBrand":0,"Toy Ornithopter":32}],"Toy Ornithopter":45},"card_choices":[{"not_picked":["hexamod:FastForward+1","hexamod:Firestarter"],"picked":"hexamod:RainOfEmbers","floor":2.0},{"not_picked":["hexamod:Firestarter","hexamod:GhostShield+1"],"picked":"hexamod:AdvancingGuard+1","floor":4.0},{"not_picked":["hexamod:RainOfEmbers","hexamod:CatchUp+1"],"picked":"hexamod:BurningTouch+1","floor":5.0},{"not_picked":["hexamod:ShieldOfDarkness+1","hexamod:EmpoweredFlame"],"picked":"hexamod:HeatMetal","floor":8.0},{"not_picked":["hexamod:HauntingEcho","hexamod:RainOfEmbers"],"picked":"hexamod:Again+1","floor":9.0},{"not_picked":["hexamod:RainOfEmbers","hexamod:ThermalTransfer"],"picked":"hexamod:FastForward+1","floor":11.0},{"not_picked":["hexamod:Incineration","hexamod:GhostLash"],"picked":"hexamod:HeatMetal","floor":12.0},{"not_picked":["hexamod:GhostOfSpirePresent","hexamod:RainOfEmbers"],"picked":"hexamod:SpectralSpark+1","floor":13.0},{"not_picked":["hexamod:NightmareGuise+1","hexamod:RainOfEmbers"],"picked":"hexamod:TimeOfNeed+1","floor":14.0},{"not_picked":["hexamod:GhostLash","hexamod:FastForward+1"],"picked":"hexamod:Incineration","floor":15.0},{"not_picked":["hexamod:TimeWarp","hexamod:ParanormalForm"],"picked":"hexamod:CrushingStance","floor":16.0},{"not_picked":[],"picked":"hexamod:NightmareStrike","floor":19.0},{"not_picked":[],"picked":"hexamod:InspiringFlames+1","floor":21.0},{"not_picked":[],"picked":"hexamod:GhostShield+1","floor":22.0},{"not_picked":[],"picked":"hexamod:AdvancingGuard+1","floor":25.0},{"not_picked":[],"picked":"hexamod:SecondSeal","floor":26.0},{"not_picked":[],"picked":"hexamod:GhostflameBarrier+1","floor":28.0},{"not_picked":[],"picked":"hexamod:NightmareGuise+1","floor":31.0},{"not_picked":[],"picked":"hexamod:FastForward+1","floor":32.0},{"not_picked":[],"picked":"hexamod:TurnItUp+1","floor":33.0},{"not_picked":[],"picked":"hexamod:NightmareGuise+1","floor":36.0}],"player_experience":376270,"relics_obtained":[{"floor":1.0,"key":"Toxic Egg 2"},{"floor":7.0,"key":"Replay:Mystery Machine"},{"floor":9.0,"key":"Blue Doll"},{"floor":14.0,"key":"Toy Ornithopter"},{"floor":18.0,"key":"Gambling Chip"},{"floor":24.0,"key":"Akabeko"}],"event_choices":[{"damage_healed":0.0,"max_hp_gain":0.0,"max_hp_loss":0.0,"gold_gain":0.0,"event_name":"Upgrade Shrine","player_choice":"Upgraded","floor":20.0,"gold_loss":0.0,"damage_taken":0.0,"cards_upgraded":["hexamod:CrushingStance"]},{"cards_removed":["hexamod:TimeOfNeed"],"damage_healed":0.0,"max_hp_gain":0.0,"max_hp_loss":0.0,"gold_gain":0.0,"event_name":"betterNote:BetterNote","player_choice":"Take \u0026 Give","floor":29.0,"gold_loss":0.0,"damage_taken":0.0,"cards_obtained":["Mayhem"]},{"damage_healed":0.0,"max_hp_gain":0.0,"max_hp_loss":0.0,"gold_gain":0.0,"event_name":"Addict","player_choice":"Stole Relic","floor":30.0,"gold_loss":0.0,"damage_taken":0.0,"relics_obtained":["Replay:WaspNest"],"cards_obtained":["Shame"]}],"is_beta":false,"boss_relics":[{"not_picked":["Honey Jar","Sozu"],"picked":"Busted Crown"},{"not_picked":["Replay:Wanted Poster","Snecko Eye"],"picked":"Fusion Hammer"}],"items_purged_floors":[],"is_endless":false,"potions_floor_spawned":[9,12,15,16,25,31,32,33],"killed_by":"Reptomancer","ascension_level":0}}