{"host":"chv1qanoipyt46jc","time":1608357198,"event":{"mods":["2.2 Compatiblity","AchievementEnabler","BaseMod","BetterRewards","CapriCore","Card Filter","Conspire","Gold Saver","Grow up Mod","Kratos Character Expansion","Minty Spire (QoL Compilation)","Rare Cards Sparkle","Relic Filter","Remove Card Discount Mod","Reorder Act Four","StSLib"],"gold_per_floor":[948,966,966,984,1004,1004,1036,1036,1036,1034,1050,1050,1065,1091,1091,1187,1187,1199,1212,1227,1244,1254,1254,1286,1286,1311,1343,1358,1356,1356,1385,1385,1482,1482,1492,1507,1507,1518,1528,1562,1577,1630,1630,1660,1690,1704,1704,1734,1734,1734,1734,1734,1734,1762,1762],"floor_reached":56,"playtime":989,"items_purged":["KratosMod:Strike_K","KratosMod:Strike_K","KratosMod:Strike_K","KratosMod:Strike_K","KratosMod:Defend_K","KratosMod:Defend_K","KratosMod:Defend_K","KratosMod:Defend_K","KratosMod:BladeWhip","KratosMod:cyclone","KratosMod:BladeWhip+1"],"score":1811,"play_id":"84e64250-3976-435e-ae4b-039c80b6436f","local_time":"20201218235318","is_ascension_mode":false,"campfire_choices":[{"data":"KratosMod:BladeWhip","floor":6,"key":"SMITH"},{"data":"KratosMod:BladeWhip","floor":8,"key":"SMITH"},{"floor":15,"key":"RECALL"},{"floor":23,"key":"REST"},{"floor":25,"key":"REST"},{"floor":32,"key":"REST"},{"floor":47,"key":"REST"},{"floor":49,"key":"REST"},{"floor":53,"key":"REST"}],"circlet_count":0,"master_deck":["KratosMod:AthenaBane","KratosMod:BladeWhip+1","KratosMod:BladeWhip+1","KratosMod:Tempor+1","KratosMod:Revenge+1"],"relics":["KratosMod:eagle","Toxic Egg 2","Bronze Scales","conspire:DecoderRing","InkBottle","conspire:SpecialSausage","Akabeko","Vajra","Whetstone","Letter Opener","conspire:DeflatedDodgeball","Runic Pyramid","CaptainsWheel","Bird Faced Urn","Sundial","Juzu Bracelet","War Paint","Pen Nib","FossilizedHelix"],"acts_visited":["Exordium","TheCity","TheBeyond","TheEnding"],"potions_floor_usage":[],"damage_taken":[{"damage":0,"enemies":"Cultist","floor":1,"turns":2},{"damage":10,"enemies":"Small Slimes","floor":2,"turns":2},{"damage":0,"enemies":"2 Louse","floor":4,"turns":1},{"damage":7,"enemies":"Blue Slaver","floor":5,"turns":2},{"damage":9,"enemies":"3 Sentries","floor":7,"turns":2},{"damage":0,"enemies":"2 Fungi Beasts","floor":11,"turns":2},{"damage":14,"enemies":"3 Louse","floor":13,"turns":2},{"damage":0,"enemies":"Gremlin Nob","floor":14,"turns":2},{"damage":0,"enemies":"Slime Boss","floor":16,"turns":2},{"damage":20,"enemies":"2 Thieves","floor":18,"turns":2},{"damage":10,"enemies":"Chosen","floor":19,"turns":2},{"damage":16,"enemies":"Shelled Parasite and Fungi","floor":20,"turns":2},{"damage":8,"enemies":"Centurion and Healer","floor":21,"turns":2},{"damage":0,"enemies":"Snecko","floor":22,"turns":2},{"damage":4,"enemies":"Gremlin Leader","floor":24,"turns":2},{"damage":12,"enemies":"Book of Stabbing","floor":27,"turns":2},{"damage":0,"enemies":"Cultist and Chosen","floor":28,"turns":2},{"damage":25,"enemies":"Slavers","floor":31,"turns":2},{"damage":0,"enemies":"Collector","floor":33,"turns":2},{"damage":0,"enemies":"Orb Walker","floor":35,"turns":1},{"damage":0,"enemies":"3 Darklings","floor":36,"turns":2},{"damage":0,"enemies":"Sphere and 2 Shapes","floor":38,"turns":2},{"damage":28,"enemies":"4 Shapes","floor":39,"turns":2},{"damage":0,"enemies":"Giant Head","floor":40,"turns":2},{"damage":0,"enemies":"Writhing Mass","floor":41,"turns":1},{"damage":10,"enemies":"2 Orb Walkers","floor":42,"turns":2},{"damage":0,"enemies":"Nemesis","floor":44,"turns":1},{"damage":0,"enemies":"conspire:MimicChest","floor":45,"turns":2},{"damage":15,"enemies":"Sphere and 2 Shapes","floor":46,"turns":2},{"damage":0,"enemies":"Giant Head","floor":48,"turns":2},{"damage":108,"enemies":"conspire:OrnateMirror","floor":50,"turns":2},{"damage":12,"enemies":"Shield and Spear","floor":54,"turns":2},{"damage":87,"enemies":"The Heart","floor":55,"turns":4}],"seed_played":"317309365381744186","potions_obtained":[{"floor":2,"key":"DuplicationPotion"},{"floor":4,"key":"SteroidPotion"},{"floor":7,"key":"Regen Potion"},{"floor":28,"key":"BlessingOfTheForge"},{"floor":36,"key":"FairyPotion"},{"floor":42,"key":"Strength Potion"}],"is_trial":false,"path_per_floor":["M","M","?","M","M","R","E","R","T","$","M","?","M","E","R","B",null,"M","M","M","M","M","R","E","R","T","E","M","$","T","E","R","B",null,"M","M","$","M","M","E","M","?","T","E","?","M","R","E","R","B",null,"$","R","E","B",null],"character_chosen":"KRATOS","items_purchased":["KratosMod:BladeWhip","KratosMod:BladeWhip","KratosMod:BladeWhip","KratosMod:BladeWhip","Toxic Egg 2","Bronze Scales"],"campfire_rested":6,"item_purchase_floors":[0,0,0,0,0,0],"current_hp_per_floor":[44,44,54,64,67,77,78,88,98,108,118,128,124,134,144,154,240,230,230,224,226,236,300,306,320,330,328,338,348,358,343,390,400,410,420,430,440,450,432,442,452,452,462,472,482,477,540,550,560,462,580,590,600,598,521],"gold":1762,"neow_bonus":"","is_daily":false,"chose_seed":false,"campfire_upgraded":2,"win_rate":0.0,"timestamp":1608357198,"path_taken":["M","M","?","M","M","R","E","R","T","?","M","?","M","E","R","BOSS","M","M","M","M","M","R","E","R","T","E","M","$","?","E","R","BOSS","M","M","$","M","M","E","M","?","T","E","?","M","R","E","R","BOSS","$","R","E","BOSS"],"items_purchased_type":["Card","Card","Card","Card","Relic","Relic"],"build_version":"2020-12-13","purchased_purges":11,"victory":true,"max_hp_per_floor":[80,90,100,110,120,130,140,150,160,170,180,190,200,210,220,230,240,250,260,270,280,290,300,310,320,330,340,350,360,370,380,390,400,410,420,430,440,450,460,470,480,490,500,510,520,530,540,550,560,570,580,590,600,610,620],"card_choices":[{"not_picked":["KratosMod:conjuresoul","KratosMod:BladeWhip","KratosMod:Roll+1"],"picked":"SKIP","floor":1},{"not_picked":["KratosMod:Endure+1","KratosMod:rattle","KratosMod:SmashStone+1"],"picked":"SKIP","floor":2},{"not_picked":["KratosMod:Endure+1","KratosMod:BladeWhip"],"picked":"KratosMod:Tempor+1","floor":4},{"not_picked":["KratosMod:BladeWhip","KratosMod:Endure+1","KratosMod:Roll+1"],"picked":"SKIP","floor":5},{"not_picked":["KratosMod:BladeWhip","KratosMod:Roll+1","KratosMod:Endure+1"],"picked":"SKIP","floor":7},{"not_picked":["KratosMod:SmashStone+1","KratosMod:Roll+1","KratosMod:rattle"],"picked":"SKIP","floor":11},{"not_picked":["KratosMod:Roll+1","KratosMod:SmashStone+1","KratosMod:Endure+1"],"picked":"SKIP","floor":13},{"not_picked":["KratosMod:settle+1","KratosMod:Endure+1","KratosMod:ShieldBash"],"picked":"SKIP","floor":14},{"not_picked":["KratosMod:styx+1","KratosMod:blades"],"picked":"KratosMod:Revenge+1","floor":16},{"not_picked":["KratosMod:Endure+1","KratosMod:Tempor+1","KratosMod:Roll+1"],"picked":"SKIP","floor":18},{"not_picked":["KratosMod:rattle+1","KratosMod:clawsofhades","KratosMod:BladeWhip"],"picked":"SKIP","floor":19},{"not_picked":["KratosMod:BladeWhip+1","KratosMod:Endure+1","KratosMod:Roll+1"],"picked":"SKIP","floor":20},{"not_picked":["KratosMod:rattle+1","KratosMod:Endure+1","KratosMod:conjuresoul"],"picked":"SKIP","floor":21},{"not_picked":["KratosMod:conjuresoul","KratosMod:BladeWhip","KratosMod:Tempor+1"],"picked":"SKIP","floor":22},{"not_picked":["KratosMod:SmashStone+1","KratosMod:Roll+1","KratosMod:Tempor+1"],"picked":"SKIP","floor":24},{"not_picked":["KratosMod:ShieldBash+1","KratosMod:clawsofhades+1","KratosMod:conjuresoul+1"],"picked":"SKIP","floor":27},{"not_picked":["KratosMod:SmashStone+1","KratosMod:Roll+1","KratosMod:ShieldBash"],"picked":"SKIP","floor":28},{"not_picked":["KratosMod:Endure+1","KratosMod:tartarusrage","KratosMod:settle+1"],"picked":"SKIP","floor":31},{"not_picked":["KratosMod:settle+1","KratosMod:SmashStone+1","KratosMod:BladeWhip"],"picked":"SKIP","floor":35},{"not_picked":["KratosMod:clawsofhades","KratosMod:conjuresoul+1","KratosMod:Roll+1"],"picked":"SKIP","floor":36},{"not_picked":["KratosMod:Tempor+1","KratosMod:BladeWhip+1","KratosMod:Roll+1"],"picked":"SKIP","floor":38},{"not_picked":["KratosMod:SmashStone+1","KratosMod:kBerserk","KratosMod:rattle"],"picked":"SKIP","floor":39},{"not_picked":["KratosMod:tartarusrage","KratosMod:Endure+1","KratosMod:ShieldBash"],"picked":"SKIP","floor":40},{"not_picked":["KratosMod:conjuresoul","KratosMod:settle+1","KratosMod:Roll+1"],"picked":"SKIP","floor":41},{"not_picked":["KratosMod:rattle+1","KratosMod:BladeWhip","KratosMod:clawsofhades+1"],"picked":"SKIP","floor":44},{"not_picked":["KratosMod:Roll+1","KratosMod:SmashStone+1","KratosMod:ShieldBash"],"picked":"SKIP","floor":46},{"not_picked":["KratosMod:conjuresoul","KratosMod:ShieldBash","KratosMod:clawsofhades+1"],"picked":"SKIP","floor":48},{"not_picked":["KratosMod:blades","KratosMod:conjuresoul+1","KratosMod:clawsofhades"],"picked":"SKIP","floor":54}],"player_experience":293647,"relics_obtained":[{"floor":7,"key":"conspire:DecoderRing"},{"floor":14,"key":"InkBottle"},{"floor":24,"key":"Akabeko"},{"floor":26,"key":"Vajra"},{"floor":27,"key":"Whetstone"},{"floor":30,"key":"Letter Opener"},{"floor":31,"key":"conspire:DeflatedDodgeball"},{"floor":40,"key":"CaptainsWheel"},{"floor":42,"key":"Bird Faced Urn"},{"floor":43,"key":"Sundial"},{"floor":44,"key":"Juzu Bracelet"},{"floor":45,"key":"War Paint"},{"floor":48,"key":"Pen Nib"},{"floor":54,"key":"FossilizedHelix"}],"event_choices":[{"damage_healed":0,"gold_gain":0,"player_choice":"Forge","damage_taken":0,"max_hp_gain":0,"max_hp_loss":0,"event_name":"Accursed Blacksmith","floor":3,"gold_loss":0,"cards_upgraded":["KratosMod:BladeWhip"]},{"damage_healed":0,"gold_gain":0,"player_choice":"Leave","damage_taken":0,"max_hp_gain":0,"max_hp_loss":0,"event_name":"FaceTrader","floor":12,"gold_loss":0},{"damage_healed":0,"gold_gain":0,"player_choice":"Fight","damage_taken":0,"max_hp_gain":0,"max_hp_loss":0,"event_name":"Mysterious Sphere","floor":42,"gold_loss":0}],"is_beta":false,"boss_relics":[{"not_picked":["Empty Cage","conspire:SlowCooker"],"picked":"conspire:SpecialSausage"},{"not_picked":["Calling Bell","conspire:RoyalGoblet"],"picked":"Runic Pyramid"}],"items_purged_floors":[0,0,0,0,0,0,0,0,0,10,29],"is_endless":false,"potions_floor_spawned":[2,4,7,13,16,20,22,28,31,33,36,39,41,42,48,54],"ascension_level":0}}