{"host":"7pe9xwx78c6nlay8","time":1608400587,"event":{"mods":["BaseMod","Minty Spire (QoL Compilation)"],"gold_per_floor":[13,13,23,34,34,64,64,98,98,98,117,152,152,166,166,263,263,283,133,165,177,276,276,305,316,343,362,362,377,79,99,99,99,99],"floor_reached":33,"playtime":1339,"items_purged":["Strike_P"],"score":522,"play_id":"dd123261-51e9-4860-b377-05cb381ca8e6","local_time":"20201220015627","is_ascension_mode":true,"campfire_choices":[{"data":"Judgement","floor":7,"key":"SMITH"},{"data":"Vigilance","floor":10,"key":"SMITH"},{"data":"Evaluate","floor":13,"key":"SMITH"},{"data":"JustLucky","floor":15,"key":"SMITH"},{"data":"CutThroughFate","floor":23,"key":"SMITH"},{"floor":28,"key":"REST"},{"data":"Defend_P","floor":32,"key":"SMITH"}],"circlet_count":0,"master_deck":["AscendersBane","Strike_P","Strike_P","Strike_P","Defend_P+1","Defend_P+1","Defend_P","Defend_P+1","Eruption+1","Vigilance+1","Judgement+1","Evaluate+1","BattleHymn+1","JustLucky+1","CurseOfTheBell","JustLucky+1","LikeWater+1","CutThroughFate+1","Adaptation+1","LikeWater+1"],"relics":["PureWater","Frozen Egg 2","GoldenEye","Anchor","StoneCalendar","Nunchaku","Calling Bell","War Paint","StrikeDummy","TungstenRod","Red Mask","Bird Faced Urn","CeramicFish","Tiny Chest","Lee\u0027s Waffle"],"acts_visited":["Exordium","TheCity"],"potions_floor_usage":[6,8,8,12,18,29,33,33],"damage_taken":[{"damage":0,"enemies":"Small Slimes","floor":1,"turns":2},{"damage":0,"enemies":"Cultist","floor":3,"turns":2},{"damage":0,"enemies":"2 Louse","floor":4,"turns":2},{"damage":0,"enemies":"Gremlin Nob","floor":6,"turns":2},{"damage":2,"enemies":"Lagavulin","floor":8,"turns":4},{"damage":0,"enemies":"Exordium Wildlife","floor":11,"turns":3},{"damage":2,"enemies":"3 Sentries","floor":12,"turns":4},{"damage":0,"enemies":"Large Slime","floor":14,"turns":3},{"damage":47,"enemies":"The Guardian","floor":16,"turns":9},{"damage":5,"enemies":"3 Byrds","floor":18,"turns":4},{"damage":12,"enemies":"Masked Bandits","floor":20,"turns":5},{"damage":0,"enemies":"Chosen","floor":21,"turns":2},{"damage":0,"enemies":"Gremlin Leader","floor":24,"turns":6},{"damage":15,"enemies":"Centurion and Healer","floor":25,"turns":7},{"damage":10,"enemies":"Cultist and Chosen","floor":27,"turns":7},{"damage":14,"enemies":"3 Cultists","floor":29,"turns":6},{"damage":8,"enemies":"Centurion and Healer","floor":31,"turns":5},{"damage":93,"enemies":"Champ","floor":33,"turns":9}],"seed_played":"8981047841501885705","potions_obtained":[{"floor":1,"key":"AttackPotion"},{"floor":4,"key":"StancePotion"},{"floor":6,"key":"Weak Potion"},{"floor":8,"key":"LiquidBronze"},{"floor":11,"key":"Fire Potion"},{"floor":14,"key":"Dexterity Potion"},{"floor":24,"key":"Ancient Potion"},{"floor":31,"key":"ColorlessPotion"}],"is_trial":false,"path_per_floor":["M","?","M","M","?","E","R","E","T","R","M","E","R","M","R","B",null,"M","$","?","M","?","R","E","M","T","M","R","M","$","M","R","B"],"character_chosen":"WATCHER","items_purchased":["LikeWater+1","Tiny Chest","Lee\u0027s Waffle"],"campfire_rested":1,"item_purchase_floors":[19,30,30],"current_hp_per_floor":[65,65,65,65,65,65,65,63,63,63,63,61,61,61,61,14,58,53,53,41,41,41,41,41,30,30,26,47,41,79,73,73,0,0],"gold":99,"neow_bonus":"THREE_RARE_CARDS","is_daily":false,"chose_seed":false,"campfire_upgraded":6,"win_rate":0.0,"timestamp":1608400587,"path_taken":["M","?","M","M","?","E","R","E","T","R","M","E","R","?","R","BOSS","M","$","?","M","?","R","E","M","T","M","R","M","?","M","R","BOSS"],"items_purchased_type":["Card","Relic","Relic"],"build_version":"2020-12-13","purchased_purges":1,"victory":false,"max_hp_per_floor":[72,72,72,72,72,72,72,72,72,72,72,72,72,72,72,72,72,72,72,72,72,72,72,72,72,72,72,72,72,79,79,79,79,79],"card_choices":[{"not_picked":["Scrawl","Ragnarok"],"picked":"Judgement","floor":0},{"not_picked":["FlurryOfBlows","SandsOfTime","Meditate"],"picked":"SKIP","floor":1},{"not_picked":["ClearTheMind","Fasting2","SignatureMove"],"picked":"SKIP","floor":3},{"not_picked":["Consecrate","WheelKick"],"picked":"Evaluate","floor":4},{"not_picked":["FlyingSleeves","PathToVictory"],"picked":"BattleHymn+1","floor":6},{"not_picked":["Sanctity","Indignation","BowlingBash"],"picked":"SKIP","floor":8},{"not_picked":["CrushJoints","FlyingSleeves","SashWhip"],"picked":"SKIP","floor":11},{"not_picked":["Pray","FlyingSleeves"],"picked":"JustLucky","floor":12},{"not_picked":["FlyingSleeves","Prostrate","Scrawl"],"picked":"SKIP","floor":14},{"not_picked":["FlurryOfBlows+1","Crescendo"],"picked":"JustLucky+1","floor":18},{"not_picked":["PathToVictory","Indignation"],"picked":"CutThroughFate","floor":20},{"not_picked":["Indignation","FlyingSleeves","Crescendo+1"],"picked":"SKIP","floor":21},{"not_picked":["Crescendo+1","FlyingSleeves","EmptyMind+1"],"picked":"SKIP","floor":24},{"not_picked":["Prostrate","ConjureBlade"],"picked":"Adaptation+1","floor":25},{"not_picked":["Evaluate","SashWhip"],"picked":"LikeWater+1","floor":27},{"not_picked":["EmptyBody","Crescendo","WreathOfFlame+1"],"picked":"SKIP","floor":29},{"not_picked":["Evaluate","EmptyFist","Fasting2+1"],"picked":"SKIP","floor":31}],"player_experience":1541756,"relics_obtained":[{"floor":5,"key":"Frozen Egg 2"},{"floor":6,"key":"GoldenEye"},{"floor":8,"key":"Anchor"},{"floor":9,"key":"StoneCalendar"},{"floor":12,"key":"Nunchaku"},{"floor":17,"key":"War Paint"},{"floor":17,"key":"StrikeDummy"},{"floor":17,"key":"TungstenRod"},{"floor":20,"key":"Red Mask"},{"floor":24,"key":"Bird Faced Urn"},{"floor":26,"key":"CeramicFish"}],"event_choices":[{"damage_healed":0,"gold_gain":0,"player_choice":"Grow","damage_taken":0,"max_hp_gain":0,"max_hp_loss":0,"event_name":"Living Wall","floor":2,"gold_loss":0,"cards_upgraded":["Eruption"]},{"damage_healed":0,"gold_gain":0,"player_choice":"Relic","damage_taken":0,"max_hp_gain":0,"max_hp_loss":0,"event_name":"Wheel of Change","floor":5,"gold_loss":0},{"damage_healed":0,"gold_gain":0,"player_choice":"Fought Bandits","damage_taken":0,"max_hp_gain":0,"max_hp_loss":0,"event_name":"Masked Bandits","floor":20,"gold_loss":0},{"damage_healed":0,"gold_gain":99,"player_choice":"Stole From Cult","damage_taken":0,"max_hp_gain":0,"max_hp_loss":0,"event_name":"Nest","floor":22,"gold_loss":0}],"is_beta":false,"boss_relics":[{"not_picked":["SacredBark","HolyWater"],"picked":"Calling Bell"}],"items_purged_floors":[19],"is_endless":false,"potions_floor_spawned":[1,4,6,8,11,14,24,27,31],"killed_by":"Champ","ascension_level":11}}