{"host":"coame8l8goqx0svj","time":1608408519,"event":{"mods":["BaseMod","Downfall","Minty Spire (QoL Compilation)","StSLib"],"gold_per_floor":[99,374,702,702,470,470,547,581,506,534,534,47,32,32,48,148,148,148,163,189,189,189,189,189,189,221,221,221,59,76,20,34,133,133,133,149,175,175,185,185,185,110,127,127,127,55,55,103,118,118],"floor_reached":51,"playtime":2632,"items_purged":["Regret"],"score":1331,"play_id":"da1df9c6-954a-4303-a817-c153bea78403","local_time":"20201219210839","is_ascension_mode":true,"campfire_choices":[{"floor":1,"key":"RECALL"},{"floor":9,"key":"REST"},{"data":"champ:Control","floor":18,"key":"SMITH"},{"data":"champ:Improvising","floor":21,"key":"SMITH"},{"data":"champ:Improvising","floor":25,"key":"SMITH"},{"floor":27,"key":"REST"},{"data":"champ:PerfectForm","floor":35,"key":"SMITH"},{"data":"champ:EnchantShield","floor":40,"key":"SMITH"},{"data":"champ:BladeFlurry","floor":42,"key":"SMITH"},{"data":"champ:GladiatorStyle","floor":44,"key":"SMITH"}],"circlet_count":0,"master_deck":["AscendersBane","champ:Strike","champ:Strike+1","champ:Strike","champ:Defend","champ:Defend","champ:Defend","champ:Defend","champ:Execute+1","champ:Taunt","champ:IgnorePain","champ:BerserkerStyle","champ:GladiatorStyle","champ:Improvising+1","champ:FaceSlap","Parasite","champ:GladiatorStyle+1","Mayhem","champ:BladeFlurry+1","champ:Control+1","champ:Improvising+1","champ:Duel","champ:Improvising+1","champ:EnchantShield+1","champ:AdrenalArmor","champ:PerfectForm+1","champ:Improvising+1","champ:Lariat","champ:ShieldSlam","champ:Aggression+1","champ:GladiatorStyle","champ:GladiatorStyle","expansioncontent:PrepareCrush","expansioncontent:Hexaburn"],"relics":["champ:ChampionCrown","downfall:HeartsMalice","Old Coin","Lantern","Mummified Hand","Pear","downfall:HeartBlessingRed","Whetstone","Incense Burner","Runic Pyramid","Regal Pillow","Prayer Wheel","HornCleat","Gremlin Horn","DollysMirror","SlaversCollar","champ:DeflectingBracers","downfall:HeartBlessingBlue","Pocketwatch"],"acts_visited":["Exordium","TheCity","TheBeyond"],"potions_floor_usage":[10,20,37,50],"damage_taken":[{"damage":0,"enemies":"Gremlin Nob","floor":3,"turns":1},{"damage":0,"enemies":"Jaw Worm","floor":4,"turns":1},{"damage":0,"enemies":"downfall:FleeingMerchant","floor":5,"turns":1},{"damage":76,"enemies":"3 Sentries","floor":8,"turns":12},{"damage":57,"enemies":"Gremlin Nob","floor":10,"turns":6},{"damage":5,"enemies":"downfall:FleeingMerchant","floor":12,"turns":4},{"damage":10,"enemies":"downfall:FleeingMerchant","floor":13,"turns":4},{"damage":0,"enemies":"Cultist","floor":15,"turns":2},{"damage":42,"enemies":"downfall:Watcher","floor":16,"turns":5},{"damage":17,"enemies":"Chosen","floor":19,"turns":5},{"damage":32,"enemies":"Book of Stabbing","floor":20,"turns":5},{"damage":45,"enemies":"Slavers","floor":26,"turns":6},{"damage":2,"enemies":"downfall:FleeingMerchant","floor":29,"turns":4},{"damage":14,"enemies":"Centurion and Healer","floor":30,"turns":3},{"damage":0,"enemies":"downfall:FleeingMerchant","floor":31,"turns":4},{"damage":23,"enemies":"Snake Plant","floor":32,"turns":3},{"damage":20,"enemies":"downfall:Defect","floor":33,"turns":6},{"damage":22,"enemies":"3 Darklings","floor":36,"turns":5},{"damage":29,"enemies":"Giant Head","floor":37,"turns":4},{"damage":11,"enemies":"Orb Walker","floor":39,"turns":3},{"damage":16,"enemies":"Writhing Mass","floor":43,"turns":4},{"damage":15,"enemies":"2 Orb Walkers","floor":48,"turns":3},{"damage":22,"enemies":"Maw","floor":49,"turns":4},{"damage":63,"enemies":"downfall:Silent","floor":50,"turns":5}],"seed_played":"7667040721608270825","potions_obtained":[{"floor":8,"key":"LiquidBronze"},{"floor":10,"key":"SteroidPotion"},{"floor":15,"key":"EntropicBrew"},{"floor":16,"key":"Dexterity Potion"},{"floor":20,"key":"SpeedPotion"},{"floor":32,"key":"Strength Potion"},{"floor":39,"key":"DuplicationPotion"}],"is_trial":false,"path_per_floor":["R","?","E","M","$","?","T","E","R","E","?","$","$","?","M","B",null,"R","M","E","R","?","?","T","R","E","R","?","$","M","$","M","B",null,"R","M","E","?","M","R","T","R","M","R","?","$","?","?","M","B",null],"character_chosen":"THE_CHAMP","items_purchased":["Lantern","Incense Burner","Mayhem","champ:EnchantShield","Gremlin Horn","DollysMirror","champ:GladiatorStyle"],"campfire_rested":2,"item_purchase_floors":[5,12,12,29,31,31,46],"current_hp_per_floor":[81,81,81,81,81,81,81,39,69,19,44,44,44,44,50,35,84,84,75,54,54,54,54,54,54,14,59,59,59,45,45,45,45,86,86,86,89,89,89,89,89,99,98,98,98,98,93,78,81,62],"gold":118,"neow_bonus":"THREE_ENEMY_KILL","is_daily":false,"chose_seed":false,"campfire_upgraded":7,"win_rate":0.0,"timestamp":1608408519,"path_taken":["R","?","E","?","?","?","T","E","R","E","?","$","$","?","M","BOSS","R","M","E","R","?","?","T","R","E","R","?","$","?","?","M","BOSS","R","M","E","?","M","R","T","R","M","R","?","$","?","?","M","BOSS"],"items_purchased_type":["Relic","Relic","Card","Card","Relic","Relic","Card"],"build_version":"2020-12-13","purchased_purges":1,"victory":true,"max_hp_per_floor":[90,90,90,90,90,90,90,100,100,100,100,100,100,100,100,100,100,100,100,100,100,100,100,100,100,100,100,100,100,100,100,100,100,100,100,100,100,100,100,100,100,110,110,110,110,110,110,110,110,110],"card_choices":[{"not_picked":["champ:BerserkersShout","champ:EndlessRage"],"picked":"champ:IgnorePain","floor":3},{"not_picked":["champ:FlashCut","champ:Encircle"],"picked":"champ:BerserkerStyle","floor":4},{"not_picked":["champ:BerserkersShout","champ:AdrenalArmor"],"picked":"champ:GladiatorStyle","floor":5},{"not_picked":["champ:ArenaPreparation","champ:Encircle"],"picked":"champ:Improvising","floor":8},{"not_picked":["champ:GladiatorsShout","champ:GutPunch"],"picked":"champ:FaceSlap","floor":10},{"not_picked":["champ:ShieldSigil","champ:Haymaker"],"picked":"champ:GladiatorStyle","floor":12},{"not_picked":["champ:BerserkersShout","champ:EnGarde"],"picked":"champ:BladeFlurry","floor":13},{"not_picked":["champ:Duel","champ:DefensiveShout"],"picked":"champ:Control","floor":15},{"not_picked":["champ:SteelEdge","champ:ShieldSlam"],"picked":"champ:Improvising","floor":16},{"not_picked":["champ:BladeFlurry","champ:CrookedStrike+1"],"picked":"champ:Duel","floor":19},{"not_picked":["champ:TornadoPunch+1","champ:PerfectedStrike+1","champ:DefensiveShout"],"picked":"SKIP","floor":20},{"not_picked":["champ:IronFortress","champ:DefensiveShout","champ:FalseCounter+1"],"picked":"SKIP","floor":26},{"not_picked":["champ:FocusedDefense+1","champ:DefensiveShout+1","champ:CrookedStrike"],"picked":"SKIP","floor":29},{"not_picked":["champ:FlashCut","champ:BringItOn"],"picked":"champ:AdrenalArmor","floor":30},{"not_picked":["champ:FlashCut","champ:GladiatorsShout","champ:FalseCounter"],"picked":"SKIP","floor":30},{"not_picked":["champ:Haymaker","champ:EndlessRage"],"picked":"champ:PerfectForm","floor":31},{"not_picked":["champ:RapidStrikes+1","champ:SwordSigil+1"],"picked":"champ:Lariat","floor":32},{"not_picked":["champ:Haymaker","champ:Duel+1"],"picked":"champ:StanceDance","floor":32},{"not_picked":["champ:EnchantShield","champ:HoldFirm"],"picked":"champ:ShieldSlam","floor":33},{"not_picked":["champ:EndlessRage","champ:BerserkerStyle+1","champ:DefensiveShout+1"],"picked":"SKIP","floor":36},{"not_picked":["champ:AdrenalArmor+1","champ:FightOn","champ:ShieldSigil+1"],"picked":"SKIP","floor":36},{"not_picked":["champ:SteelEdge","champ:BladeFlurry+1"],"picked":"champ:Aggression+1","floor":37},{"not_picked":["champ:FocusedBerserking+1","champ:Balance"],"picked":"champ:GladiatorStyle","floor":39},{"not_picked":["champ:FlashCut","champ:EnragedBash","champ:AdrenalArmor+1"],"picked":"SKIP","floor":39},{"not_picked":["champ:PerfectedStrike","champ:FightOn","champ:FlashCut+1"],"picked":"SKIP","floor":43},{"not_picked":["champ:StanceDance","champ:ShieldSigil+1","champ:BladeFlurry+1"],"picked":"SKIP","floor":43},{"not_picked":["expansioncontent:FaceSlap","expansioncontent:HyperBeam"],"picked":"expansioncontent:PrepareCrush","floor":47},{"not_picked":["expansioncontent:DarkVoid","expansioncontent:DonusPower"],"picked":"expansioncontent:Hexaburn","floor":47},{"not_picked":["champ:ArenaPreparation+1","champ:RecklessLeap+1","champ:BringItOn+1"],"picked":"SKIP","floor":49},{"not_picked":["champ:SwordSigil","champ:EndlessRage","champ:RageSigil+1"],"picked":"SKIP","floor":49}],"player_experience":1669789,"relics_obtained":[{"floor":3,"key":"Old Coin"},{"floor":7,"key":"Mummified Hand"},{"floor":8,"key":"Pear"},{"floor":10,"key":"Whetstone"},{"floor":20,"key":"Regal Pillow"},{"floor":24,"key":"Prayer Wheel"},{"floor":26,"key":"HornCleat"},{"floor":37,"key":"champ:DeflectingBracers"},{"floor":48,"key":"Pocketwatch"}],"event_choices":[{"cards_removed":["champ:Strike"],"damage_healed":0,"gold_gain":0,"player_choice":"Card Removal","damage_taken":0,"max_hp_gain":0,"max_hp_loss":0,"event_name":"The Cleric","floor":6,"gold_loss":0},{"damage_healed":25,"gold_gain":0,"player_choice":"Healed and dodged fight","damage_taken":0,"max_hp_gain":0,"max_hp_loss":0,"event_name":"Mushrooms","floor":11,"gold_loss":0,"cards_obtained":["Parasite"]},{"damage_healed":0,"gold_gain":0,"player_choice":"Ignored","damage_taken":0,"max_hp_gain":0,"max_hp_loss":0,"event_name":"Ghosts","floor":22,"gold_loss":0},{"damage_healed":0,"gold_gain":0,"player_choice":"Copied","damage_taken":0,"max_hp_gain":0,"max_hp_loss":0,"event_name":"Duplicator","floor":28,"gold_loss":0,"cards_obtained":["champ:Improvising"]},{"cards_removed":["champ:StanceDance"],"damage_healed":0,"gold_gain":0,"player_choice":"Removed Skill","damage_taken":0,"max_hp_gain":0,"max_hp_loss":0,"event_name":"Falling","floor":45,"gold_loss":0},{"damage_healed":0,"gold_gain":0,"player_choice":"Fight","damage_taken":0,"max_hp_gain":0,"max_hp_loss":0,"event_name":"Mysterious Sphere","floor":48,"gold_loss":0}],"is_beta":false,"boss_relics":[{"not_picked":["Ectoplasm","Cursed Key"],"picked":"Runic Pyramid"},{"not_picked":["Runic Dome","Fusion Hammer"],"picked":"SlaversCollar"}],"items_purged_floors":[5],"is_endless":false,"potions_floor_spawned":[8,10,15,16,20,32,33,39,43,49],"ascension_level":11}}