{"host":"gc0hqzwg2gd3zszy","time":1608380024,"event":{"mods":["BaseMod","DeckTracker","Minty Spire (QoL Compilation)","Relic Stats","SuperFastMode"],"gold_per_floor":[119,0,14,14,30,30,64,64,112,112,126,156,173,184,184,255,255,266,316,333,86,98,98,98,98],"floor_reached":24,"playtime":952,"items_purged":["Strike_R"],"score":416,"play_id":"3267c23a-85f4-46a4-ad79-9e31ed503d25","local_time":"20201219211344","is_ascension_mode":true,"campfire_choices":[{"data":"Battle Trance","floor":6.0,"key":"SMITH"},{"floor":10.0,"key":"REST"},{"data":"Armaments","floor":15.0,"key":"SMITH"},{"data":"Burning Pact","floor":23.0,"key":"SMITH"}],"circlet_count":0,"master_deck":["AscendersBane","Strike_R","Strike_R","Strike_R","Strike_R","Defend_R","Defend_R","Defend_R","Defend_R","Bash+1","Pommel Strike","Feel No Pain","Shockwave","Battle Trance+1","Carnage","Bludgeon","Armaments+1","Feel No Pain","Barricade","Evolve","Fire Breathing","Burning Pact+1"],"relics":["Burning Blood","Toy Ornithopter","FossilizedHelix","Akabeko","Sozu","OrangePellets"],"acts_visited":["Exordium","TheCity"],"potions_floor_usage":[24],"damage_taken":[{"damage":14.0,"enemies":"Jaw Worm","floor":1.0,"turns":4.0},{"damage":10.0,"enemies":"2 Louse","floor":3.0,"turns":4.0},{"damage":4.0,"enemies":"Cultist","floor":5.0,"turns":3.0},{"damage":30.0,"enemies":"Lagavulin","floor":7.0,"turns":6.0},{"damage":0.0,"enemies":"Looter","floor":11.0,"turns":2.0},{"damage":14.0,"enemies":"3 Sentries","floor":12.0,"turns":7.0},{"damage":3.0,"enemies":"3 Louse","floor":13.0,"turns":4.0},{"damage":0.0,"enemies":"2 Fungi Beasts","floor":14.0,"turns":2.0},{"damage":42.0,"enemies":"Slime Boss","floor":16.0,"turns":15.0},{"damage":11.0,"enemies":"Shell Parasite","floor":18.0,"turns":4.0},{"damage":19.0,"enemies":"Spheric Guardian","floor":20.0,"turns":4.0},{"damage":16.0,"enemies":"Snake Plant","floor":22.0,"turns":3.0},{"damage":29,"enemies":"Gremlin Leader","floor":24,"turns":7}],"seed_played":"-2560728647196779999","potions_obtained":[{"floor":3.0,"key":"CultistPotion"},{"floor":5.0,"key":"SkillPotion"},{"floor":13.0,"key":"FearPotion"},{"floor":16.0,"key":"PowerPotion"}],"is_trial":false,"path_per_floor":["M","$","M","?","M","R","E","$","T","R","M","E","M","M","R","B",null,"M","?","M","$","M","R","E"],"character_chosen":"IRONCLAD","items_purchased":["Feel No Pain","Fire Breathing","OrangePellets"],"campfire_rested":1,"item_purchase_floors":[2,21,21],"current_hp_per_floor":[60,60,56,45,47,47,28,28,28,50,56,48,51,57,57,26,63,58,58,45,45,40,40,16,16],"gold":98,"neow_bonus":"UPGRADE_CARD","is_daily":false,"chose_seed":false,"campfire_upgraded":3,"win_rate":0.0,"timestamp":1608380024,"path_taken":["M","$","M","?","M","R","E","$","T","R","M","E","M","M","R","BOSS","M","?","?","$","M","R","E"],"items_purchased_type":["Card","Card","Relic"],"build_version":"2020-12-13","purchased_purges":1,"victory":false,"max_hp_per_floor":[75,75,75,75,75,75,75,75,75,75,75,75,75,75,75,75,75,75,75,75,75,75,75,75,75],"relic_stats":{"Sozu":1,"OrangePellets":[2],"counters":[13,65],"obtain_stats":[{"Sozu":17,"OrangePellets":21,"Burning Blood":0,"Toy Ornithopter":4,"FossilizedHelix":7,"Akabeko":12},{"Sozu":9,"OrangePellets":11,"Burning Blood":0,"Toy Ornithopter":2,"FossilizedHelix":4,"Akabeko":6},{"Sozu":47,"OrangePellets":55,"Burning Blood":0,"Toy Ornithopter":8,"FossilizedHelix":17,"Akabeko":26}],"Burning Blood":72,"Toy Ornithopter":20},"card_choices":[{"not_picked":["Warcry","Flex"],"picked":"Pommel Strike","floor":1.0},{"not_picked":["Anger","Blood for Blood"],"picked":"Shockwave","floor":3.0},{"not_picked":["Sword Boomerang","Armaments"],"picked":"Battle Trance","floor":5.0},{"not_picked":["Sword Boomerang","Shrug It Off"],"picked":"Carnage","floor":7.0},{"not_picked":["Uppercut","Clothesline"],"picked":"Bludgeon","floor":11.0},{"not_picked":["Infernal Blade","Pommel Strike"],"picked":"Armaments","floor":12.0},{"not_picked":["Armaments","Flex","Pommel Strike"],"picked":"SKIP","floor":13.0},{"not_picked":["Entrench","Body Slam"],"picked":"Feel No Pain","floor":14.0},{"not_picked":["Feed","Offering"],"picked":"Barricade","floor":16.0},{"not_picked":["Cleave","Sentinel","Sword Boomerang"],"picked":"SKIP","floor":18.0},{"not_picked":["Power Through","Cleave+1"],"picked":"Evolve","floor":20.0},{"not_picked":["Twin Strike+1","Anger"],"picked":"Burning Pact","floor":22.0}],"player_experience":1316607,"relics_obtained":[{"floor":7.0,"key":"FossilizedHelix"},{"floor":12.0,"key":"Akabeko"}],"event_choices":[{"damage_healed":0.0,"max_hp_gain":0.0,"max_hp_loss":0.0,"gold_gain":0.0,"event_name":"Scrap Ooze","player_choice":"Success","floor":4.0,"gold_loss":0.0,"damage_taken":11.0,"relics_obtained":["Toy Ornithopter"]},{"damage_healed":0.0,"max_hp_gain":0.0,"max_hp_loss":0.0,"gold_gain":100.0,"event_name":"The Joust","player_choice":"Bet on Murderer","floor":19.0,"gold_loss":50.0,"damage_taken":0.0}],"is_beta":false,"boss_relics":[{"not_picked":["Black Star","Ectoplasm"],"picked":"Sozu"}],"items_purged_floors":[2],"is_endless":false,"potions_floor_spawned":[3,5,13,14,16,22],"killed_by":"Gremlin Leader","ascension_level":20}}