{"host":"b4asi0laiv85suj9","time":1608351875,"event":{"mods":["BaseMod","Minty Spire (QoL Compilation)","MostiFishMod","Relic Stats","StSLib","TestMod","noobMod"],"gold_per_floor":[114,114,39,54,453,484,494,523,591,591,148,148,173,192,192,291,291,309,326,326,105,123,149,149,176,228,259,259,184,184,213,213,312,312,321,336,217,233,252,286,286,286,286,286,46,78,78,78,78,78,78,78,18,50,50],"floor_reached":56,"playtime":2528,"items_purged":["Strike_P","Defend_P","Strike_P","Defend_P"],"score":2800,"play_id":"812ad7fc-5c41-4466-8d66-b1935cb1348f","local_time":"20201219122435","is_ascension_mode":true,"campfire_choices":[{"data":"Turbo","floor":10.0,"key":"SMITH"},{"data":"Calculated Gamble","floor":12.0,"key":"SMITH"},{"data":"Eruption","floor":15.0,"key":"SMITH"},{"floor":24.0,"key":"RECALL"},{"floor":28.0,"key":"REST"},{"data":"Burning Pact","floor":30.0,"key":"SMITH"},{"data":"1","floor":32.0,"key":"LIFT"},{"data":"2","floor":41.0,"key":"LIFT"},{"data":"3","floor":44.0,"key":"LIFT"},{"data":"CarveReality","floor":47,"key":"SMITH"},{"floor":49,"key":"REST"},{"data":"testmod-PerfectCombo+8","floor":52,"key":"SMITH"}],"circlet_count":0,"master_deck":["AscendersBane","Strike_P","Defend_P","Eruption+1","Vigilance","CutThroughFate+1","Calculated Gamble+1","ClearTheMind","Well Laid Plans+1","MostiFishMod:SparklingWater+1","testmod-PerfectCombo+9","Acrobatics+1","Pray+1","Flash of Steel+1","Burning Pact+1","Shrug It Off+1","Die Die Die+1","MostiFishMod:LegendTransform","CarveReality+1","FearNoEvil+1"],"relics":["DaveBox","ice","testmod-BatchProcessingSystem","testmod-Charity","ShadowXiaoBlade","Question Card","PrismaticShard","Girya","Akabeko","Damaru","testmod-ArcanaOfDestiny","Happy Flower","Juzu Bracelet","ImportantClient","testmod-BloodSacrificeSpiritualization","ImprovedEquipment","Dream Catcher","Potion Belt","Bottled Tornado","TeardropLocket","VioletLotus","SynthV:C4","Anchor","Darkstone Periapt","HornCleat"],"acts_visited":["Exordium","TheCity","TheBeyond","TheEnding"],"potions_floor_usage":[55,55,55],"damage_taken":[{"damage":3.0,"enemies":"2 Louse","floor":1.0,"turns":3.0},{"damage":2.0,"enemies":"Jaw Worm","floor":4.0,"turns":2.0},{"damage":0.0,"enemies":"Lagavulin","floor":6.0,"turns":2.0},{"damage":0.0,"enemies":"Cultist","floor":7.0,"turns":2.0},{"damage":10.0,"enemies":"3 Sentries","floor":8.0,"turns":4.0},{"damage":0.0,"enemies":"Gremlin Nob","floor":13.0,"turns":2.0},{"damage":0.0,"enemies":"Looter","floor":14.0,"turns":1.0},{"damage":22.0,"enemies":"The Guardian","floor":16.0,"turns":5.0},{"damage":11.0,"enemies":"2 Thieves","floor":18.0,"turns":2.0},{"damage":11.0,"enemies":"3 Byrds","floor":19.0,"turns":2.0},{"damage":24.0,"enemies":"Snecko","floor":22.0,"turns":3.0},{"damage":11.0,"enemies":"Gremlin Leader","floor":23.0,"turns":1.0},{"damage":18.0,"enemies":"Slavers","floor":25.0,"turns":2.0},{"damage":12.0,"enemies":"Gremlin Leader","floor":27.0,"turns":2.0},{"damage":12.0,"enemies":"Slavers","floor":31.0,"turns":1.0},{"damage":12.0,"enemies":"Collector","floor":33.0,"turns":1.0},{"damage":16.0,"enemies":"3 Shapes","floor":35.0,"turns":1.0},{"damage":12.0,"enemies":"Orb Walker","floor":36.0,"turns":1.0},{"damage":12.0,"enemies":"Sphere and 2 Shapes","floor":38.0,"turns":1.0},{"damage":23.0,"enemies":"Spire Growth","floor":39.0,"turns":2.0},{"damage":12.0,"enemies":"Giant Head","floor":40.0,"turns":1.0},{"damage":12.0,"enemies":"Reptomancer","floor":46.0,"turns":1.0},{"damage":13,"enemies":"Awakened One","floor":50,"turns":2},{"damage":13,"enemies":"Shield and Spear","floor":54,"turns":2},{"damage":0,"enemies":"The Heart","floor":55,"turns":2}],"seed_played":"-3256874624997405823","potions_obtained":[{"floor":1.0,"key":"SteroidPotion"},{"floor":7.0,"key":"testmod-TestPotion"},{"floor":8.0,"key":"Fruit Juice"},{"floor":14.0,"key":"BlessingOfTheForge"},{"floor":18.0,"key":"EssenceOfSteel"},{"floor":25.0,"key":"Ambrosia"},{"floor":27.0,"key":"SpeedPotion"},{"floor":31.0,"key":"PowerPotion"},{"floor":35.0,"key":"SkillPotion"}],"is_trial":false,"path_per_floor":["M","?","$","M","?","E","M","E","T","R","$","R","E","M","R","B",null,"M","M","?","$","M","E","R","E","T","E","R","?","R","E","R","B",null,"M","M","$","M","M","E","R","?","T","R","$","E","R","?","R","B",null,"R","$","E","B",null],"character_chosen":"WATCHER","items_purchased":["MostiFishMod:SparklingWater","Happy Flower","testmod-SpacePotion","Pray","EntropicBrew","Swift Potion","Anchor","FearNoEvil"],"campfire_rested":2,"item_purchase_floors":[11,11,21,21,37,37,45,53],"current_hp_per_floor":[63,60,60,59,60,61,62,53,54,54,54,54,55,56,56,40,75,93,83,83,83,60,50,50,33,34,23,59,59,59,48,48,37,102,87,76,76,65,43,32,32,32,32,32,32,21,21,26,65,52,111,111,111,99,99],"gold":50,"neow_bonus":"BOSS_RELIC","is_daily":false,"chose_seed":false,"campfire_upgraded":6,"win_rate":0.0,"timestamp":1608351875,"path_taken":["M","?","$","M","?","E","M","E","T","R","$","R","E","M","R","BOSS","M","M","?","?","M","E","R","E","T","E","R","?","R","E","R","BOSS","M","M","$","M","M","E","R","?","T","R","$","E","R","?","R","BOSS","R","$","E","BOSS"],"items_purchased_type":["Card","Relic","Potion","Card","Potion","Potion","Relic","Card"],"build_version":"2020-12-13","purchased_purges":4,"victory":true,"max_hp_per_floor":[73,73,73,74,75,76,77,78,79,79,79,79,80,81,81,87,87,116,117,117,117,118,119,119,120,121,122,122,122,122,123,123,124,124,125,126,126,127,128,129,129,129,129,129,129,130,130,130,130,130,130,130,130,131,131],"relic_stats":{"Darkstone Periapt":0,"Dream Catcher":2,"Happy Flower":[11],"counters":[25,48],"VioletLotus":[9],"Juzu Bracelet":1,"Question Card":25,"obtain_stats":[{"Darkstone Periapt":46,"DaveBox":0,"testmod-BatchProcessingSystem":0,"ice":0,"Juzu Bracelet":13,"testmod-BloodSacrificeSpiritualization":17,"TeardropLocket":31,"Bottled Tornado":27,"PrismaticShard":1,"testmod-Charity":0,"SynthV:C4":40,"Dream Catcher":25,"HornCleat":54,"VioletLotus":34,"testmod-ArcanaOfDestiny":9,"ImportantClient":16,"Potion Belt":26,"Girya":2,"testmod-TestBox":0,"Happy Flower":11,"ImprovedEquipment":23,"Damaru":8,"ShadowXiaoBlade":0,"Question Card":1,"Akabeko":6,"Anchor":45,"PureWater":0},{"Darkstone Periapt":22,"DaveBox":0,"testmod-BatchProcessingSystem":0,"ice":0,"Juzu Bracelet":6,"testmod-BloodSacrificeSpiritualization":8,"TeardropLocket":15,"Bottled Tornado":14,"PrismaticShard":1,"testmod-Charity":0,"SynthV:C4":21,"Dream Catcher":13,"HornCleat":24,"VioletLotus":16,"testmod-ArcanaOfDestiny":5,"ImportantClient":8,"Potion Belt":13,"Girya":1,"testmod-TestBox":0,"Happy Flower":5,"ImprovedEquipment":12,"Damaru":5,"ShadowXiaoBlade":0,"Question Card":1,"Akabeko":3,"Anchor":21,"PureWater":0},{"Darkstone Periapt":42,"DaveBox":0,"testmod-BatchProcessingSystem":0,"ice":0,"Juzu Bracelet":15,"testmod-BloodSacrificeSpiritualization":21,"TeardropLocket":34,"Bottled Tornado":33,"PrismaticShard":3,"testmod-Charity":0,"SynthV:C4":41,"Dream Catcher":31,"HornCleat":46,"VioletLotus":35,"testmod-ArcanaOfDestiny":13,"ImportantClient":21,"Potion Belt":31,"Girya":3,"testmod-TestBox":0,"Happy Flower":13,"ImprovedEquipment":29,"Damaru":13,"ShadowXiaoBlade":0,"Question Card":3,"Akabeko":7,"Anchor":41,"PureWater":0}]},"card_choices":[{"not_picked":["Consecrate","Perseverance"],"picked":"CutThroughFate","floor":1.0},{"not_picked":["Dark Shackles","Headbutt","Protect"],"picked":"Calculated Gamble","floor":4.0},{"not_picked":["testmod-LifeRuler","Twin Strike","Sucker Punch"],"picked":"ClearTheMind","floor":6.0},{"not_picked":["Dagger Throw","Weave","Cold Snap"],"picked":"Turbo","floor":7.0},{"not_picked":["MostiFishMod:ActiveDefenseSystem","Inflame","MostiFishMod:PoisonShield"],"picked":"Well Laid Plans","floor":8.0},{"not_picked":["testmod-BackupPower","FlyingSleeves","Flex","Blizzard"],"picked":"SKIP","floor":13.0},{"not_picked":["Steam","Wild Strike","testmod-DeathImprint"],"picked":"testmod-PerfectCombo","floor":14.0},{"not_picked":["Limit Break","Sadistic Nature","Immolate"],"picked":"MostiFishMod:NeverNightCountry","floor":16.0},{"not_picked":["testmod-HeadAttack","Concentrate","Flame Barrier"],"picked":"Acrobatics","floor":18.0},{"not_picked":["PathToVictory","FlyingSleeves","Anger","Outmaneuver"],"picked":"SKIP","floor":19.0},{"not_picked":["Wild Strike","Acrobatics","MostiFishMod:SparklingWater","Body Slam"],"picked":"SKIP","floor":22.0},{"not_picked":["Ball Lightning","Force Field","testmod-PocketStoneCalender+1","Predator"],"picked":"SKIP","floor":23.0},{"not_picked":["Armaments","JustLucky","Backflip"],"picked":"Flash of Steel","floor":25.0},{"not_picked":["Reflex","BowlingBash","MostiFishMod:PerfectParry","Vengeance"],"picked":"SKIP","floor":27.0},{"not_picked":["Barrage","Noxious Fumes","Flying Knee"],"picked":"Burning Pact","floor":28.0},{"not_picked":["Devotion","Gash","Hyperbeam"],"picked":"Shrug It Off","floor":31.0},{"not_picked":["Devotion","MostiFishMod:DeathFromBelow","MostiFishMod:Exploitation"],"picked":"Die Die Die","floor":33.0},{"not_picked":["Combust","Thunderclap","FlyingSleeves+1","Rebound"],"picked":"SKIP","floor":35.0},{"not_picked":["testmod-Mystery","testmod-PerfectCombo","Flame Barrier","Armaments"],"picked":"SKIP","floor":36.0},{"not_picked":["Dodge and Roll+1","Beam Cell+1","Gash","Slice+1"],"picked":"SKIP","floor":38.0},{"not_picked":["Infernal Blade+1","Beam Cell","Acrobatics"],"picked":"MostiFishMod:LegendTransform","floor":39.0},{"not_picked":["Perfected Strike","Gash","Self Repair+1","Terror"],"picked":"SKIP","floor":40.0},{"not_picked":["Impervious","Reckless Charge","WaveOfTheHand"],"picked":"CarveReality","floor":46},{"not_picked":["Turbo","Force Field","MostiFishMod:Pointsdynamics","Acrobatics"],"picked":"SKIP","floor":54}],"player_experience":199338,"relics_obtained":[{"floor":1.0,"key":"Question Card"},{"floor":1.0,"key":"PrismaticShard"},{"floor":6.0,"key":"Akabeko"},{"floor":8.0,"key":"Damaru"},{"floor":9.0,"key":"testmod-ArcanaOfDestiny"},{"floor":13.0,"key":"Juzu Bracelet"},{"floor":16.0,"key":"ImportantClient"},{"floor":23.0,"key":"ImprovedEquipment"},{"floor":25.0,"key":"Dream Catcher"},{"floor":26.0,"key":"Potion Belt"},{"floor":27.0,"key":"Bottled Tornado"},{"floor":31.0,"key":"TeardropLocket"},{"floor":40.0,"key":"SynthV:C4"},{"floor":46,"key":"Darkstone Periapt"},{"floor":54,"key":"HornCleat"}],"event_choices":[{"damage_healed":0.0,"max_hp_gain":0.0,"max_hp_loss":0.0,"gold_gain":0.0,"event_name":"Scrap Ooze","player_choice":"Success","floor":2.0,"gold_loss":0.0,"damage_taken":3.0,"relics_obtained":["Girya"]},{"damage_healed":0.0,"max_hp_gain":0.0,"max_hp_loss":0.0,"gold_gain":400.0,"event_name":"¶÷ÂåË¹µÄÅÌ×Ó","player_choice":"Sell","floor":5.0,"relics_lost":["testmod-TestBox"],"gold_loss":0.0,"damage_taken":0.0},{"damage_healed":0.0,"max_hp_gain":0.0,"max_hp_loss":0.0,"gold_gain":0.0,"event_name":"Upgrade Shrine","player_choice":"Upgraded","floor":20.0,"gold_loss":0.0,"damage_taken":0.0,"cards_upgraded":["Acrobatics"]},{"cards_removed":["Defend_P"],"damage_healed":0.0,"max_hp_gain":0.0,"max_hp_loss":0.0,"gold_gain":0.0,"event_name":"Beggar","player_choice":"Gave Gold","floor":29.0,"gold_loss":75.0,"damage_taken":0.0},{"cards_removed":["Strike_P"],"damage_healed":0.0,"max_hp_gain":0.0,"max_hp_loss":0.0,"gold_gain":0.0,"event_name":"Wheel of Change","player_choice":"Card Removal","floor":42.0,"gold_loss":0.0,"damage_taken":0.0},{"cards_removed":["Turbo"],"damage_healed":5,"gold_gain":0,"player_choice":"Offered Common","damage_taken":0,"max_hp_gain":0,"max_hp_loss":0,"event_name":"Bonfire Elementals","floor":48,"gold_loss":0},{"cards_removed":["Turbo"],"damage_healed":5,"gold_gain":0,"player_choice":"Offered Special","damage_taken":0,"max_hp_gain":0,"max_hp_loss":0,"event_name":"Bonfire Elementals","floor":48,"gold_loss":0}],"is_beta":false,"boss_relics":[{"not_picked":["TimeKeys","testmod-SaigiyounoYou"],"picked":"testmod-BloodSacrificeSpiritualization"},{"not_picked":["testmod-EnergyCheck","Runic Dome"],"picked":"VioletLotus"}],"items_purged_floors":[3,11,21,45],"is_endless":false,"potions_floor_spawned":[1,7,8,14,18,25,27,31,35,39,40],"ascension_level":12}}