{"host":"daa8jqyg4gqfaysm","time":1608406198,"event":{"mods":["BaseMod","Colored Powertips","Minty Spire (QoL Compilation)","StSLib"],"gold_per_floor":[112,112,130,140,140,140,165,165,165,194,194,204,236,260,272,358,370,398,455,486,52,64,64,90,90,166,166,192,192,202,215,215,293,293,310,310,356,367,387,416,416,14,38,72,96,96,108,141,141,141,141,141,141,56,88,88],"floor_reached":57,"playtime":2298,"items_purged":["Strike_G"],"score":3046,"play_id":"e451a16e-440f-421d-9561-fcc8b1d60660","local_time":"20201220032958","is_ascension_mode":true,"campfire_choices":[{"floor":6,"key":"REST"},{"data":"After Image","floor":8,"key":"SMITH"},{"data":"Wraith Form v2","floor":15,"key":"SMITH"},{"data":"A Thousand Cuts","floor":23,"key":"SMITH"},{"data":"Neutralize","floor":25,"key":"SMITH"},{"data":"Accuracy","floor":27,"key":"SMITH"},{"data":"Wraith Form v2","floor":32,"key":"SMITH"},{"floor":41,"key":"RECALL"},{"data":"Leg Sweep","floor":46,"key":"SMITH"},{"data":"Dodge and Roll","floor":49,"key":"SMITH"},{"data":"Burst","floor":53,"key":"SMITH"}],"circlet_count":0,"master_deck":["AscendersBane","Strike_G+1","Strike_G+1","Strike_G+1","Strike_G+1","Defend_G+1","Defend_G+1","Defend_G+1","Defend_G+1","Defend_G+1","Survivor","Neutralize+1","After Image+1","Blade Dance","Blade Dance","Noxious Fumes+1","Endless Agony","All Out Attack","Deadly Poison","Wraith Form v2+1","Backflip","A Thousand Cuts+1","Blade Dance","Slice","Accuracy+1","Cloak And Dagger+1","Noxious Fumes+1","Wraith Form v2+1","Escape Plan","Burst+1","Blade Dance+1","Footwork+1","Acrobatics","Terror","Leg Sweep+1","Dodge and Roll+1","Footwork"],"relics":["Ring of the Snake","Orichalcum","Bottled Tornado","Ninja Scroll","Eternal Feather","MawBank","WristBlade","PreservedInsect","Omamori","Ancient Tea Set","Regal Pillow","StrikeDummy","Tiny Chest","Sozu","FossilizedHelix","Paper Crane","Incense Burner","Akabeko","Anchor","Dead Branch","Mummified Hand"],"acts_visited":["Exordium","TheCity","TheBeyond","TheEnding"],"potions_floor_usage":[7,10,10,13,16,22,33,51],"damage_taken":[{"damage":1,"enemies":"Jaw Worm","floor":1,"turns":7},{"damage":2,"enemies":"Small Slimes","floor":3,"turns":4},{"damage":0,"enemies":"Cultist","floor":4,"turns":3},{"damage":21,"enemies":"3 Sentries","floor":7,"turns":8},{"damage":3,"enemies":"Lagavulin","floor":10,"turns":6},{"damage":2,"enemies":"Red Slaver","floor":12,"turns":2},{"damage":5,"enemies":"Gremlin Nob","floor":13,"turns":3},{"damage":0,"enemies":"Blue Slaver","floor":14,"turns":3},{"damage":20,"enemies":"The Guardian","floor":16,"turns":10},{"damage":2,"enemies":"2 Thieves","floor":18,"turns":4},{"damage":6,"enemies":"Shell Parasite","floor":20,"turns":4},{"damage":11,"enemies":"Chosen and Byrds","floor":22,"turns":6},{"damage":4,"enemies":"Gremlin Leader","floor":24,"turns":2},{"damage":0,"enemies":"Book of Stabbing","floor":28,"turns":3},{"damage":0,"enemies":"Cultist and Chosen","floor":30,"turns":5},{"damage":19,"enemies":"Snake Plant","floor":31,"turns":4},{"damage":18,"enemies":"Automaton","floor":33,"turns":7},{"damage":5,"enemies":"Orb Walker","floor":35,"turns":2},{"damage":6,"enemies":"2 Orb Walkers","floor":37,"turns":5},{"damage":1,"enemies":"3 Darklings","floor":38,"turns":4},{"damage":0,"enemies":"4 Shapes","floor":39,"turns":3},{"damage":0,"enemies":"Nemesis","floor":40,"turns":7},{"damage":0,"enemies":"Reptomancer","floor":44,"turns":3},{"damage":0,"enemies":"Maw","floor":47,"turns":6},{"damage":0,"enemies":"Giant Head","floor":48,"turns":4},{"damage":24,"enemies":"Donu and Deca","floor":50,"turns":10},{"damage":34,"enemies":"Time Eater","floor":51,"turns":11},{"damage":0,"enemies":"Shield and Spear","floor":55,"turns":5},{"damage":1,"enemies":"The Heart","floor":56,"turns":10}],"seed_played":"-9066674690699439229","potions_obtained":[{"floor":3,"key":"DuplicationPotion"},{"floor":4,"key":"EntropicBrew"},{"floor":12,"key":"Fire Potion"},{"floor":14,"key":"SteroidPotion"},{"floor":16,"key":"EssenceOfSteel"},{"floor":20,"key":"DistilledChaos"},{"floor":28,"key":"FearPotion"}],"is_trial":false,"path_per_floor":["M","?","M","M","?","R","E","R","T","E","?","M","E","M","R","B",null,"M","T","M","$","M","R","E","R","T","R","E","?","M","M","R","B",null,"M","?","?","M","M","E","R","$","T","E","T","R","M","E","R","B","B",null,"R","$","E","B",null],"character_chosen":"THE_SILENT","items_purchased":["Accuracy","Omamori","Ancient Tea Set","Terror","Incense Burner","Footwork"],"campfire_rested":1,"item_purchase_floors":[21,21,21,42,42,54],"current_hp_per_floor":[58,63,61,61,40,61,40,40,40,37,37,35,30,30,42,22,59,57,57,51,51,40,55,51,66,66,71,71,71,71,52,67,49,66,61,61,55,54,54,54,71,71,71,71,71,71,71,71,71,47,13,57,71,71,71,70],"gold":88,"neow_bonus":"ONE_RANDOM_RARE_CARD","is_daily":false,"chose_seed":false,"campfire_upgraded":9,"win_rate":0.0,"timestamp":1608406198,"path_taken":["M","?","M","M","?","R","E","R","T","E","?","?","E","M","R","BOSS","M","?","M","$","?","R","E","R","T","R","E","?","M","M","R","BOSS","M","?","?","M","M","E","R","$","T","E","?","R","M","E","R","BOSS","BOSS","R","$","E","BOSS"],"items_purchased_type":["Card","Relic","Relic","Card","Relic","Card"],"build_version":"2020-12-13","purchased_purges":1,"victory":true,"max_hp_per_floor":[66,71,71,71,71,71,71,71,71,71,71,71,71,71,71,71,71,71,71,71,71,71,71,71,71,71,71,71,71,71,71,71,71,71,71,71,71,71,71,71,71,71,71,71,71,71,71,71,71,71,71,71,71,71,71,71],"card_choices":[{"not_picked":["Cloak And Dagger","Deadly Poison"],"picked":"Blade Dance","floor":1},{"not_picked":["Accuracy","Backflip"],"picked":"Blade Dance","floor":3},{"not_picked":["Tactician","Crippling Poison"],"picked":"Noxious Fumes","floor":4},{"not_picked":["Distraction","Terror"],"picked":"Endless Agony","floor":7},{"not_picked":["Endless Agony","Bane"],"picked":"All Out Attack","floor":10},{"not_picked":["Deflect","Dagger Spray"],"picked":"Deadly Poison","floor":12},{"not_picked":["Sucker Punch","Underhanded Strike"],"picked":"Wraith Form v2","floor":13},{"not_picked":["Quick Slash","Heel Hook"],"picked":"Backflip","floor":14},{"not_picked":["Tools of the Trade","Glass Knife"],"picked":"A Thousand Cuts","floor":16},{"not_picked":["Deflect","Predator"],"picked":"Blade Dance","floor":18},{"not_picked":["Backflip","Outmaneuver"],"picked":"Slice","floor":20},{"not_picked":["Setup+1","Outmaneuver"],"picked":"Cloak And Dagger+1","floor":22},{"not_picked":["Blade Dance","Expertise"],"picked":"Noxious Fumes+1","floor":24},{"not_picked":["Riddle With Holes","Bullet Time"],"picked":"Wraith Form v2","floor":28},{"not_picked":["Sucker Punch","Outmaneuver+1"],"picked":"Escape Plan","floor":30},{"not_picked":["Dagger Throw","Dagger Spray","Flying Knee"],"picked":"SKIP","floor":31},{"not_picked":["A Thousand Cuts","Glass Knife"],"picked":"Burst","floor":33},{"not_picked":["Poisoned Stab","Deflect"],"picked":"Blade Dance+1","floor":35},{"not_picked":["Flying Knee+1","All Out Attack"],"picked":"Footwork+1","floor":38},{"not_picked":["Concentrate","Reflex"],"picked":"Acrobatics","floor":39},{"not_picked":["Masterful Stab","Die Die Die","Flechettes"],"picked":"SKIP","floor":40},{"not_picked":["Dagger Throw","Setup"],"picked":"Leg Sweep","floor":44},{"not_picked":["Catalyst","Accuracy","Terror"],"picked":"SKIP","floor":47},{"not_picked":["Dagger Spray","Concentrate"],"picked":"Dodge and Roll","floor":48},{"not_picked":["Underhanded Strike+1","Deadly Poison","Concentrate"],"picked":"SKIP","floor":55}],"player_experience":707214,"relics_obtained":[{"floor":7,"key":"Orichalcum"},{"floor":9,"key":"Bottled Tornado"},{"floor":10,"key":"Ninja Scroll"},{"floor":11,"key":"Eternal Feather"},{"floor":13,"key":"MawBank"},{"floor":19,"key":"PreservedInsect"},{"floor":24,"key":"Regal Pillow"},{"floor":26,"key":"StrikeDummy"},{"floor":28,"key":"Tiny Chest"},{"floor":37,"key":"FossilizedHelix"},{"floor":40,"key":"Paper Crane"},{"floor":44,"key":"Akabeko"},{"floor":45,"key":"Anchor"},{"floor":48,"key":"Dead Branch"},{"floor":55,"key":"Mummified Hand"}],"event_choices":[{"damage_healed":0,"gold_gain":0,"player_choice":"Donut","damage_taken":0,"max_hp_gain":5,"max_hp_loss":0,"event_name":"Big Fish","floor":2,"gold_loss":0},{"damage_healed":0,"gold_gain":0,"player_choice":"Entered Light","damage_taken":21,"max_hp_gain":0,"max_hp_loss":0,"event_name":"Shining Light","floor":5,"gold_loss":0,"cards_upgraded":["Noxious Fumes","Defend_G"]},{"damage_healed":0,"gold_gain":0,"player_choice":"Relic","damage_taken":0,"max_hp_gain":0,"max_hp_loss":0,"event_name":"Wheel of Change","floor":11,"gold_loss":0},{"damage_healed":0,"gold_gain":0,"player_choice":"Simplicity","damage_taken":0,"max_hp_gain":0,"max_hp_loss":0,"event_name":"Back to Basics","floor":29,"gold_loss":0,"cards_upgraded":["Strike_G","Strike_G","Strike_G","Strike_G","Defend_G","Defend_G","Defend_G","Defend_G"]},{"damage_healed":0,"gold_gain":0,"player_choice":"Ignored","damage_taken":0,"max_hp_gain":0,"max_hp_loss":0,"event_name":"Tomb of Lord Red Mask","floor":36,"gold_loss":0},{"damage_healed":0,"gold_gain":0,"player_choice":"Fight","damage_taken":0,"max_hp_gain":0,"max_hp_loss":0,"event_name":"Mysterious Sphere","floor":37,"gold_loss":0}],"is_beta":false,"boss_relics":[{"not_picked":["Philosopher\u0027s Stone","Fusion Hammer"],"picked":"WristBlade"},{"not_picked":["Runic Dome","Runic Pyramid"],"picked":"Sozu"}],"items_purged_floors":[21],"is_endless":false,"potions_floor_spawned":[3,4,12,14,16,20,28,30,40,44,47],"ascension_level":20}}