{"host":"Ian","time":1608409323,"event":{"mods":["BaseMod","Bestiary","Block Reminder","Colored Map","Highlight Path","Key Reminder","Minty Spire (QoL Compilation)","Relic Stats"],"gold_per_floor":[112,122,142,142,39,39,71,71,95,95,130,130,155,170,170,248,248,265,265,25,45,55,55,69,95,95,107,107,123,149,161,161,238,238,252,252,265,265,277,309,27,27,76,104,117,134,164,0,0,0,0,0,0,0,26,26],"floor_reached":57,"playtime":4093,"items_purged":["Strike_R","Strike_R","Strike_R+1"],"score":2904,"play_id":"cb5d49e4-20cf-45bf-aecc-40ce5bc95b94","local_time":"20201219202203","is_ascension_mode":true,"campfire_choices":[{"data":"Hemokinesis","floor":6,"key":"SMITH"},{"data":"Bash","floor":8,"key":"SMITH"},{"floor":12,"key":"REST"},{"data":"Metallicize","floor":15,"key":"SMITH"},{"data":"Corruption","floor":23,"key":"SMITH"},{"data":"Dark Embrace","floor":28,"key":"SMITH"},{"data":"Shockwave","floor":32,"key":"SMITH"},{"floor":42,"key":"RECALL"},{"data":"Flame Barrier","floor":49,"key":"SMITH"},{"data":"Disarm","floor":53,"key":"SMITH"}],"circlet_count":0,"master_deck":["AscendersBane","Strike_R+1","Defend_R","Defend_R","Defend_R","Defend_R","Bash+1","Flame Barrier+1","Headbutt","Hemokinesis+1","Armaments","Metallicize+1","Shrug It Off","Corruption+1","Shockwave+1","Dark Embrace+1","Combust+1","Power Through","Body Slam","Shrug It Off","Sentinel","Offering","Demon Form+1","Shrug It Off+1","Dark Shackles","Dark Shackles","Panache+1","Thunderclap+1","Rupture+1","Feel No Pain+1","Disarm+1","Shrug It Off","Reaper","Evolve+1","Burning Pact+1"],"relics":["Burning Blood","CaptainsWheel","Pen Nib","Toy Ornithopter","Champion Belt","Whetstone","Philosopher\u0027s Stone","Bag of Marbles","MealTicket","Magic Flower","Frozen Egg 2","Snecko Eye","TungstenRod","Oddly Smooth Stone","Bag of Preparation","Orichalcum"],"acts_visited":["Exordium","TheCity","TheBeyond","TheEnding"],"potions_floor_usage":[7,7,18,33],"damage_taken":[{"damage":1,"enemies":"2 Louse","floor":1,"turns":2},{"damage":1,"enemies":"Cultist","floor":2,"turns":4},{"damage":20,"enemies":"Small Slimes","floor":3,"turns":5},{"damage":13,"enemies":"3 Sentries","floor":7,"turns":10},{"damage":8,"enemies":"Lagavulin","floor":11,"turns":5},{"damage":9,"enemies":"3 Sentries","floor":13,"turns":9},{"damage":2,"enemies":"2 Fungi Beasts","floor":14,"turns":3},{"damage":21,"enemies":"The Guardian","floor":16,"turns":16},{"damage":10,"enemies":"2 Thieves","floor":18,"turns":3},{"damage":2,"enemies":"Spheric Guardian","floor":21,"turns":5},{"damage":20,"enemies":"Centurion and Healer","floor":22,"turns":5},{"damage":3,"enemies":"Snake Plant","floor":24,"turns":3},{"damage":5,"enemies":"Gremlin Leader","floor":25,"turns":6},{"damage":6,"enemies":"Chosen and Byrds","floor":27,"turns":3},{"damage":5,"enemies":"Centurion and Healer","floor":29,"turns":4},{"damage":10,"enemies":"Book of Stabbing","floor":30,"turns":5},{"damage":15,"enemies":"Snecko","floor":31,"turns":3},{"damage":51,"enemies":"Collector","floor":33,"turns":10},{"damage":2,"enemies":"Orb Walker","floor":35,"turns":2},{"damage":2,"enemies":"3 Darklings","floor":37,"turns":4},{"damage":10,"enemies":"Transient","floor":39,"turns":6},{"damage":41,"enemies":"Reptomancer","floor":40,"turns":6},{"damage":41,"enemies":"Nemesis","floor":44,"turns":7},{"damage":13,"enemies":"Sphere and 2 Shapes","floor":45,"turns":5},{"damage":11,"enemies":"Maw","floor":46,"turns":7},{"damage":6,"enemies":"Giant Head","floor":47,"turns":6},{"damage":13,"enemies":"Donu and Deca","floor":50,"turns":7},{"damage":20,"enemies":"Time Eater","floor":51,"turns":6},{"damage":19,"enemies":"Shield and Spear","floor":55,"turns":5},{"damage":51,"enemies":"The Heart","floor":56,"turns":8}],"seed_played":"7160152621409440730","potions_obtained":[{"floor":2,"key":"BlessingOfTheForge"},{"floor":3,"key":"Block Potion"},{"floor":7,"key":"Fruit Juice"},{"floor":16,"key":"SmokeBomb"},{"floor":18,"key":"BlessingOfTheForge"},{"floor":22,"key":"ColorlessPotion"},{"floor":45,"key":"AttackPotion"}],"is_trial":false,"path_per_floor":["M","M","M","?","$","R","E","R","T","?","E","R","E","M","R","B",null,"M","?","$","M","M","R","M","E","T","M","R","M","E","M","R","B",null,"M","?","M","?","M","E","$","R","T","E","M","M","E","$","R","B","B",null,"R","$","E","B",null],"character_chosen":"IRONCLAD","items_purchased":["Armaments","Bag of Marbles","Dark Embrace","Feel No Pain+1","Disarm","Shrug It Off","Evolve+1"],"campfire_rested":1,"item_purchase_floors":[5,20,20,41,41,41,48],"current_hp_per_floor":[55,60,46,46,46,46,39,39,39,39,37,59,56,60,60,45,68,74,74,74,78,64,64,67,68,68,71,71,75,74,68,68,34,69,76,66,73,73,72,40,55,55,55,23,66,80,80,80,80,80,69,77,77,80,80,80],"gold":26,"neow_bonus":"ONE_RARE_RELIC","is_daily":false,"chose_seed":false,"campfire_upgraded":8,"win_rate":0.0,"timestamp":1608409323,"path_taken":["M","M","M","?","$","R","E","R","T","?","E","R","E","?","R","BOSS","M","?","$","M","M","R","M","E","T","M","R","M","E","M","R","BOSS","M","?","M","?","M","E","$","R","T","E","M","?","E","?","R","BOSS","BOSS","R","$","E","BOSS"],"items_purchased_type":["Card","Relic","Card","Card","Card","Card","Card"],"build_version":"2020-12-18","purchased_purges":3,"victory":true,"max_hp_per_floor":[75,75,75,75,75,75,75,75,75,75,75,75,75,75,75,75,75,80,80,80,80,80,80,80,80,80,80,80,80,80,80,80,80,80,80,80,80,80,80,80,80,80,80,80,80,80,80,80,80,80,80,80,80,80,80,80],"relic_stats":{"counters":[30,170],"Magic Flower":[69],"Pen Nib":[22],"Bag of Preparation":[8],"Whetstone":["Strike_R","Strike_R"],"Orichalcum":[6],"Burning Blood":190,"Snecko Eye":[169,151,176,158],"MealTicket":18,"Champion Belt":[105],"obtain_stats":[{"Magic Flower":26,"Oddly Smooth Stone":44,"Pen Nib":7,"Bag of Preparation":47,"Whetstone":13,"Frozen Egg 2":30,"Orichalcum":55,"Burning Blood":0,"keyreminder:keyreminder":40,"CaptainsWheel":0,"Snecko Eye":34,"Philosopher\u0027s Stone":17,"MealTicket":25,"Bag of Marbles":20,"Champion Belt":11,"Toy Ornithopter":9,"TungstenRod":40},{"Magic Flower":13,"Oddly Smooth Stone":23,"Pen Nib":4,"Bag of Preparation":26,"Whetstone":6,"Frozen Egg 2":16,"Orichalcum":29,"Burning Blood":0,"keyreminder:keyreminder":22,"CaptainsWheel":0,"Snecko Eye":18,"Philosopher\u0027s Stone":8,"MealTicket":13,"Bag of Marbles":9,"Champion Belt":5,"Toy Ornithopter":4,"TungstenRod":22},{"Magic Flower":76,"Oddly Smooth Stone":126,"Pen Nib":21,"Bag of Preparation":144,"Whetstone":35,"Frozen Egg 2":88,"Orichalcum":162,"Burning Blood":0,"keyreminder:keyreminder":119,"CaptainsWheel":0,"Snecko Eye":101,"Philosopher\u0027s Stone":54,"MealTicket":76,"Bag of Marbles":57,"Champion Belt":26,"Toy Ornithopter":21,"TungstenRod":119}],"Toy Ornithopter":13,"TungstenRod":69},"card_choices":[{"not_picked":["Heavy Blade","Metallicize"],"picked":"Flame Barrier","floor":1},{"not_picked":["Anger","Dropkick"],"picked":"Headbutt","floor":2},{"not_picked":["Flame Barrier","Pommel Strike"],"picked":"Hemokinesis","floor":3},{"not_picked":["Juggernaut","Pummel","Sever Soul"],"picked":"SKIP","floor":7},{"not_picked":["Dropkick","Sword Boomerang"],"picked":"Shrug It Off","floor":11},{"not_picked":["Shrug It Off","Thunderclap","Anger"],"picked":"SKIP","floor":13},{"not_picked":["Sword Boomerang","Perfected Strike","Intimidate"],"picked":"SKIP","floor":14},{"not_picked":["Limit Break","Brutality"],"picked":"Corruption","floor":16},{"not_picked":["Heavy Blade","Wild Strike+1","Sword Boomerang"],"picked":"SKIP","floor":18},{"not_picked":["Shrug It Off","Burning Pact"],"picked":"Combust+1","floor":21},{"not_picked":["Headbutt","Whirlwind"],"picked":"Power Through","floor":22},{"not_picked":["Headbutt+1","Thunderclap"],"picked":"Body Slam","floor":24},{"not_picked":["Cleave","Anger+1"],"picked":"Shrug It Off","floor":25},{"not_picked":["Body Slam+1","Clothesline"],"picked":"Sentinel","floor":27},{"not_picked":["Warcry","Twin Strike","Sword Boomerang"],"picked":"SKIP","floor":29},{"not_picked":["Hemokinesis","Reckless Charge"],"picked":"Offering","floor":30},{"not_picked":["Pommel Strike","Blood for Blood","Clothesline"],"picked":"SKIP","floor":31},{"not_picked":["Reaper","Offering"],"picked":"Demon Form+1","floor":33},{"not_picked":["Bloodletting","Clash"],"picked":"Shrug It Off+1","floor":35},{"not_picked":["Swift Strike","Magnetism+1"],"picked":"Dark Shackles","floor":36},{"not_picked":["Sadistic Nature+1","Blind"],"picked":"Dark Shackles","floor":36},{"not_picked":["Flash of Steel","HandOfGreed"],"picked":"Panache+1","floor":36},{"not_picked":["Metallicize+1","Havoc+1","Sever Soul"],"picked":"SKIP","floor":37},{"not_picked":["Cleave+1","Uppercut"],"picked":"Thunderclap+1","floor":39},{"not_picked":["Flex+1","Perfected Strike"],"picked":"Rupture+1","floor":40},{"not_picked":["Iron Wave+1","Clash"],"picked":"Reaper","floor":44},{"not_picked":["Carnage","Sword Boomerang","Havoc"],"picked":"SKIP","floor":45},{"not_picked":["Havoc","Thunderclap","Twin Strike+1"],"picked":"SKIP","floor":46},{"not_picked":["Metallicize+1","Pommel Strike","Clash"],"picked":"SKIP","floor":47},{"not_picked":["Flex","Armaments"],"picked":"Burning Pact+1","floor":55}],"player_experience":2565524,"relics_obtained":[{"floor":7,"key":"Pen Nib"},{"floor":9,"key":"Toy Ornithopter"},{"floor":11,"key":"Champion Belt"},{"floor":13,"key":"Whetstone"},{"floor":25,"key":"MealTicket"},{"floor":26,"key":"Magic Flower"},{"floor":30,"key":"Frozen Egg 2"},{"floor":40,"key":"TungstenRod"},{"floor":44,"key":"Oddly Smooth Stone"},{"floor":47,"key":"Bag of Preparation"},{"floor":55,"key":"Orichalcum"}],"event_choices":[{"cards_removed":["Strike_R"],"damage_healed":0,"gold_gain":0,"player_choice":"Forget","damage_taken":0,"max_hp_gain":0,"max_hp_loss":0,"event_name":"Living Wall","floor":4,"gold_loss":0},{"damage_healed":0,"gold_gain":0,"player_choice":"1 cards matched","damage_taken":0,"max_hp_gain":0,"max_hp_loss":0,"event_name":"Match and Keep!","floor":10,"gold_loss":0,"cards_obtained":["Metallicize"]},{"damage_healed":0,"gold_gain":0,"player_choice":"Read","damage_taken":0,"max_hp_gain":0,"max_hp_loss":0,"event_name":"The Library","floor":19,"gold_loss":0,"cards_obtained":["Shockwave"]},{"damage_healed":0,"gold_gain":0,"player_choice":"Memory 3","damage_taken":10,"max_hp_gain":0,"max_hp_loss":0,"event_name":"SensoryStone","floor":36,"gold_loss":0},{"damage_healed":0,"gold_gain":0,"player_choice":"Ignored","damage_taken":0,"max_hp_gain":0,"max_hp_loss":0,"event_name":"Tomb of Lord Red Mask","floor":38,"gold_loss":0}],"is_beta":true,"boss_relics":[{"not_picked":["Calling Bell","Runic Dome"],"picked":"Philosopher\u0027s Stone"},{"not_picked":["SacredBark","Pandora\u0027s Box"],"picked":"Snecko Eye"}],"items_purged_floors":[5,41,48],"is_endless":false,"potions_floor_spawned":[2,3,7,16,18,22,25,30,45,46,47],"ascension_level":20}}