{"host":"99ad87xtd5ypi7ii","time":1608339560,"event":{"mods":["BaseMod","Hermit","Highlight Path","Marisa????????","Minty Spire (QoL Compilation)","Robot Space Explorer","StSLib","The Bladedancer","The Construct","The Cursed","The Disciple","The Gatherer","The Hierophant","The Runesmith","The Servant 0.9.4","TheVacant"],"gold_per_floor":[119,119,129,129,100,100,375,390,413,111,121,121,96,89,89,193,193,216,194,109,120,120,153,153,153,178,156,7,22,22,45,45,31,31],"floor_reached":33,"playtime":1568,"items_purged":["Regret"],"score":292,"play_id":"64d1583e-9014-46a0-9cf2-4aa2230e837c","local_time":"20201219015920","is_ascension_mode":true,"campfire_choices":[{"data":"hierophant:Chorus","floor":6,"key":"SMITH"},{"floor":12,"key":"REST"},{"data":"hierophant:Glossolalia","floor":15,"key":"SMITH"},{"data":"hierophant:Doomsaying","floor":24,"key":"SMITH"},{"floor":30,"key":"REST"},{"floor":32,"key":"REST"}],"circlet_count":0,"master_deck":["hierophant:Strike_Hierophant","hierophant:Strike_Hierophant","hierophant:Punish","hierophant:Defend_Hierophant+1","hierophant:Defend_Hierophant+1","hierophant:Defend_Hierophant","hierophant:Defend_Hierophant","hierophant:ChurchCoffers","hierophant:Chorus+1","hierophant:Martyrdom","hierophant:Alms","hierophant:SolarFlare","hierophant:Glossolalia+1","hierophant:OrnateJavelin","hierophant:OrnateBuckler","hierophant:RepressedViolence","hierophant:DeathKnell","hierophant:Doomsaying+1","hierophant:ThreeLashes","hierophant:WrathOfGod","hierophant:RepressedViolence","Regret","hierophant:HammerAndAnvil+1","hierophant:RustyCrate","hierophant:Doubloon","hierophant:Doubloon"],"relics":["hierophant:PropheticMaskRelic","construct:BoolHorns","Bag of Preparation","Frozen Egg 2","Cursed Key","PreservedInsect","Pen Nib","War Paint","Shovel","Regal Pillow","Ice Cream"],"acts_visited":["Exordium","TheCity"],"potions_floor_usage":[11,13,16,31],"damage_taken":[{"damage":5,"enemies":"Small Slimes","floor":1,"turns":3},{"damage":0,"enemies":"Cultist","floor":3,"turns":3},{"damage":0,"enemies":"Jaw Worm","floor":8,"turns":1},{"damage":4,"enemies":"Gremlin Nob","floor":11,"turns":3},{"damage":6,"enemies":"3 Louse","floor":13,"turns":3},{"damage":0,"enemies":"Large Slime","floor":14,"turns":4},{"damage":0,"enemies":"Slime Boss","floor":16,"turns":4},{"damage":5,"enemies":"Chosen","floor":18,"turns":4},{"damage":0,"enemies":"Shell Parasite","floor":19,"turns":3},{"damage":2,"enemies":"Snecko","floor":21,"turns":3},{"damage":24,"enemies":"Gremlin Leader","floor":23,"turns":3},{"damage":19,"enemies":"Book of Stabbing","floor":27,"turns":3},{"damage":27,"enemies":"Snake Plant","floor":29,"turns":2},{"damage":52,"enemies":"Gremlin Leader","floor":31,"turns":7},{"damage":54,"enemies":"Collector","floor":33,"turns":3}],"seed_played":"-5415879162436422441","potions_obtained":[{"floor":1,"key":"Swift Potion"},{"floor":8,"key":"LiquidMemories"},{"floor":13,"key":"ColorlessPotion"},{"floor":14,"key":"FairyPotion"},{"floor":19,"key":"FearPotion"},{"floor":29,"key":"LiquidBronze"}],"is_trial":false,"path_per_floor":["M","?","M","?","?","R","?","M","T","$","E","R","M","M","R","B",null,"M","M","?","M","?","E","R","?","T","E","$","M","R","E","R","B"],"character_chosen":"HIEROPHANT","items_purchased":["hierophant:SolarFlare","hierophant:Glossolalia","hierophant:OrnateJavelin","Regal Pillow"],"campfire_rested":3,"item_purchase_floors":[10,10,10,28],"current_hp_per_floor":[49,49,49,42,42,42,42,42,42,42,38,60,54,54,54,54,75,70,70,70,68,68,44,44,44,44,25,25,22,59,7,44,0,0],"gold":31,"neow_bonus":"ONE_RARE_RELIC","is_daily":false,"chose_seed":false,"campfire_upgraded":3,"win_rate":0.0,"timestamp":1608339560,"path_taken":["M","?","?","?","?","R","?","M","T","$","E","R","?","M","R","BOSS","M","?","?","M","?","E","R","?","T","E","$","M","R","E","R","BOSS"],"items_purchased_type":["Card","Card","Card","Relic"],"build_version":"2020-12-13","purchased_purges":1,"victory":false,"max_hp_per_floor":[75,75,75,75,75,75,75,75,75,75,75,75,75,75,75,75,75,75,75,75,75,75,75,75,75,75,75,75,75,75,75,75,75,75],"card_choices":[{"not_picked":["hierophant:Exaltation","hierophant:Doubloon"],"picked":"hierophant:Chorus","floor":1},{"not_picked":["hierophant:Smite","hierophant:EyeForCoin"],"picked":"hierophant:Martyrdom","floor":3},{"not_picked":["hierophant:Smite","hierophant:ConvertCurrency"],"picked":"hierophant:Alms","floor":8},{"not_picked":["hierophant:Racketeering","hierophant:Refuge+1","hierophant:SealAway"],"picked":"SKIP","floor":11},{"not_picked":["hierophant:MorningPrayer","hierophant:Purify"],"picked":"hierophant:OrnateBuckler","floor":13},{"not_picked":["hierophant:CoinFling","hierophant:Exaltation"],"picked":"hierophant:RepressedViolence","floor":14},{"not_picked":["hierophant:Levitation","hierophant:Cornucopia"],"picked":"hierophant:DeathKnell","floor":16},{"not_picked":["hierophant:ThreeLashes","hierophant:RustyCrate"],"picked":"hierophant:Doomsaying","floor":18},{"not_picked":["hierophant:Blessing","hierophant:Encroach"],"picked":"hierophant:ThreeLashes","floor":19},{"not_picked":["hierophant:Bribe+1","hierophant:Smite"],"picked":"hierophant:WrathOfGod","floor":21},{"not_picked":["hierophant:PassingBell","hierophant:SealAway"],"picked":"hierophant:RepressedViolence","floor":23},{"not_picked":["hierophant:Racketeering","hierophant:Smite"],"picked":"hierophant:HammerAndAnvil+1","floor":27},{"not_picked":["hierophant:MorningPrayer+1","hierophant:DivineIntervention"],"picked":"hierophant:RustyCrate","floor":29},{"not_picked":["hierophant:MintersHammer","hierophant:FlamingChariot","hierophant:Repentance"],"picked":"SKIP","floor":31}],"player_experience":788239,"relics_obtained":[{"floor":9,"key":"Bag of Preparation"},{"floor":11,"key":"Frozen Egg 2"},{"floor":23,"key":"Pen Nib"},{"floor":26,"key":"War Paint"},{"floor":27,"key":"Shovel"},{"floor":31,"key":"Ice Cream"}],"event_choices":[{"cards_removed":["hierophant:Strike_Hierophant"],"damage_healed":0,"gold_gain":0,"player_choice":"Purged","damage_taken":0,"max_hp_gain":0,"max_hp_loss":0,"event_name":"Purifier","floor":2,"gold_loss":0},{"cards_removed":["hierophant:Strike_Hierophant"],"damage_healed":0,"gold_gain":0,"player_choice":"Card Removal","damage_taken":7,"max_hp_gain":0,"max_hp_loss":0,"event_name":"Golden Wing","floor":4,"gold_loss":0},{"damage_healed":0,"gold_gain":0,"player_choice":"Left Gold","damage_taken":0,"max_hp_gain":0,"max_hp_loss":0,"event_name":"World of Goop","floor":5,"gold_loss":29},{"damage_healed":0,"gold_gain":275,"player_choice":"Desecrate","damage_taken":0,"max_hp_gain":0,"max_hp_loss":0,"event_name":"Golden Shrine","floor":7,"gold_loss":0,"cards_obtained":["Regret"]},{"damage_healed":0,"gold_gain":0,"player_choice":"Obtained Relic","damage_taken":0,"relics_obtained":["PreservedInsect"],"max_hp_gain":0,"max_hp_loss":0,"event_name":"Addict","floor":20,"gold_loss":85},{"damage_healed":0,"gold_gain":0,"player_choice":"Ignored","damage_taken":0,"max_hp_gain":0,"max_hp_loss":0,"event_name":"Ghosts","floor":22,"gold_loss":0},{"damage_healed":0,"gold_gain":0,"player_choice":"Ignored","damage_taken":0,"max_hp_gain":0,"max_hp_loss":0,"event_name":"Vampires","floor":25,"gold_loss":0}],"is_beta":false,"boss_relics":[{"not_picked":["Busted Crown","Runic Dome"],"picked":"Cursed Key"}],"items_purged_floors":[10],"is_endless":false,"potions_floor_spawned":[1,8,13,14,19,29],"killed_by":"Collector","ascension_level":1}}