{"host":"tjq6rykv202u6iqx","time":1608406230,"event":{"mods":["AchievementEnabler","BaseMod","Minty Spire (QoL Compilation)","Rare Cards Sparkle","Relic Stats"],"gold_per_floor":[115,142,20,47,47,47,99,99,180,180,203,203,203,247,247,387,477,505,533,558,604,637,637,686,709,783,783,827,827,843,856,856,856,856],"floor_reached":33,"playtime":2479,"items_purged":[],"score":448,"play_id":"edf3940e-de54-4fb5-a04d-53786b9d32a5","local_time":"20201219133030","is_ascension_mode":true,"campfire_choices":[{"data":"Neutralize","floor":6.0,"key":"SMITH"},{"floor":8.0,"key":"REST"},{"data":"Wraith Form v2","floor":10.0,"key":"SMITH"},{"data":"Footwork","floor":12.0,"key":"SMITH"},{"data":"Well Laid Plans","floor":15.0,"key":"SMITH"},{"data":"Bullet Time","floor":23,"key":"SMITH"},{"floor":27,"key":"REST"},{"floor":29,"key":"REST"},{"data":"Night Terror","floor":32,"key":"SMITH"}],"circlet_count":0,"master_deck":["Survivor","Neutralize+1","The Bomb","Deadly Poison","Footwork+1","PiercingWail","Backflip","Well Laid Plans+1","Wraith Form v2+1","PiercingWail","Cloak And Dagger","Bullet Time+1","Night Terror+1","Poisoned Stab","Infinite Blades","Eviscerate","Expertise","Catalyst","Storm of Steel","Backstab","Dodge and Roll","Venomology","All Out Attack+1","Sucker Punch+1","Dagger Spray+1","Setup+1","Concentrate+1"],"relics":["Ring of the Snake","CeramicFish","Golden Idol","Shuriken","StrikeDummy","Bag of Marbles","Tough Bandages","Pandora\u0027s Box","Bronze Scales","Happy Flower","Singing Bowl","Toxic Egg 2"],"acts_visited":["Exordium","TheCity"],"potions_floor_usage":[18,20,22,24,24,24,28,30,33],"damage_taken":[{"damage":2.0,"enemies":"Cultist","floor":1.0,"turns":4.0},{"damage":4.0,"enemies":"Small Slimes","floor":4.0,"turns":4.0},{"damage":37.0,"enemies":"Gremlin Nob","floor":7.0,"turns":5.0},{"damage":0.0,"enemies":"Jaw Worm","floor":11.0,"turns":4.0},{"damage":0.0,"enemies":"Lagavulin","floor":14.0,"turns":8.0},{"damage":15,"enemies":"The Guardian","floor":16,"turns":14},{"damage":2,"enemies":"Spheric Guardian","floor":18,"turns":6},{"damage":14,"enemies":"3 Byrds","floor":19,"turns":4},{"damage":2,"enemies":"Sentry and Sphere","floor":20,"turns":5},{"damage":7,"enemies":"Cultist and Chosen","floor":22,"turns":4},{"damage":8,"enemies":"Book of Stabbing","floor":24,"turns":4},{"damage":7,"enemies":"Centurion and Healer","floor":25,"turns":4},{"damage":21,"enemies":"Slavers","floor":28,"turns":4},{"damage":0,"enemies":"Snecko","floor":30,"turns":2},{"damage":0,"enemies":"3 Cultists","floor":31,"turns":5},{"damage":39,"enemies":"Automaton","floor":33,"turns":4}],"seed_played":"7277142006668263772","potions_obtained":[{"floor":4.0,"key":"DistilledChaos"},{"floor":18,"key":"Strength Potion"},{"floor":19,"key":"ColorlessPotion"},{"floor":24,"key":"SmokeBomb"},{"floor":25,"key":"CultistPotion"}],"is_trial":false,"path_per_floor":["M","T","$","M","?","R","E","R","T","R","M","R","T","E","R","B",null,"M","M","M","T","M","R","E","M","T","R","E","R","M","M","R","B"],"character_chosen":"THE_SILENT","items_purchased":["Footwork","PiercingWail","Backflip"],"campfire_rested":3,"item_purchase_floors":[3,3,3],"current_hp_per_floor":[61,61,61,57,42,42,5,23,23,23,23,23,23,23,23,8,49,47,33,31,31,24,24,16,9,9,27,6,24,26,28,28,0,0],"gold":856,"neow_bonus":"RANDOM_COLORLESS_2","is_daily":false,"chose_seed":false,"campfire_upgraded":6,"win_rate":0.0,"timestamp":1608406230,"path_taken":["M","?","?","?","?","R","E","R","T","R","M","R","?","E","R","BOSS","M","?","M","?","M","R","E","M","T","R","E","R","M","M","R","BOSS"],"items_purchased_type":["Card","Card","Card"],"build_version":"2020-12-13","purchased_purges":0,"victory":false,"max_hp_per_floor":[63,63,63,63,63,63,63,63,63,63,63,63,63,63,63,63,63,63,63,63,63,63,63,63,63,63,63,63,63,65,67,67,67,67],"relic_stats":{"Tough Bandages":[123],"Happy Flower":[6],"Singing Bowl":4,"counters":[16,81],"Golden Idol":89,"Shuriken":[16],"CeramicFish":207,"Bronze Scales":[81],"Pandora\u0027s Box":["Night Terror","Poisoned Stab","Infinite Blades","Eviscerate","Expertise","Catalyst","Storm of Steel","Backstab","Dodge and Roll","Venomology"],"obtain_stats":[{"Tough Bandages":14,"Happy Flower":24,"Singing Bowl":26,"Golden Idol":5,"Shuriken":7,"CeramicFish":2,"Bronze Scales":21,"Pandora\u0027s Box":17,"Bag of Marbles":13,"Toxic Egg 2":28,"StrikeDummy":9,"Ring of the Snake":0},{"Tough Bandages":5,"Happy Flower":11,"Singing Bowl":12,"Golden Idol":2,"Shuriken":3,"CeramicFish":1,"Bronze Scales":9,"Pandora\u0027s Box":6,"Bag of Marbles":4,"Toxic Egg 2":13,"StrikeDummy":3,"Ring of the Snake":0},{"Tough Bandages":25,"Happy Flower":62,"Singing Bowl":66,"Golden Idol":8,"Shuriken":13,"CeramicFish":4,"Bronze Scales":54,"Pandora\u0027s Box":39,"Bag of Marbles":17,"Toxic Egg 2":70,"StrikeDummy":13,"Ring of the Snake":0}],"Ring of the Snake":[32]},"card_choices":[{"not_picked":["Apotheosis","Transmutation"],"picked":"The Bomb","floor":0.0},{"not_picked":["Acrobatics","Blur"],"picked":"Deadly Poison","floor":1.0},{"not_picked":["Underhanded Strike","Deflect"],"picked":"Well Laid Plans","floor":4.0},{"not_picked":["Cloak And Dagger","Choke"],"picked":"Wraith Form v2","floor":7.0},{"not_picked":["Escape Plan","Concentrate"],"picked":"PiercingWail","floor":11.0},{"not_picked":["A Thousand Cuts","Dagger Spray"],"picked":"Cloak And Dagger","floor":14.0},{"not_picked":["Doppelganger","Corpse Explosion"],"picked":"Bullet Time","floor":16},{"not_picked":["Acrobatics","Underhanded Strike"],"picked":"All Out Attack+1","floor":18},{"not_picked":["Masterful Stab","Poisoned Stab"],"picked":"Sucker Punch+1","floor":19},{"not_picked":["Cloak And Dagger","Outmaneuver","Bane"],"picked":"SKIP","floor":20},{"not_picked":["Backflip","Outmaneuver"],"picked":"Dagger Spray+1","floor":22},{"not_picked":["Crippling Poison","Phantasmal Killer"],"picked":"Setup+1","floor":24},{"not_picked":["Distraction","Deflect","Heel Hook"],"picked":"SKIP","floor":25},{"not_picked":["Venomology+1","Leg Sweep+1"],"picked":"Concentrate+1","floor":28},{"not_picked":["Heel Hook","Slice+1","Backstab"],"picked":"Singing Bowl","floor":30},{"not_picked":["Setup+1","Heel Hook","Dodge and Roll+1"],"picked":"Singing Bowl","floor":31}],"player_experience":743623,"relics_obtained":[{"floor":2.0,"key":"CeramicFish"},{"floor":7.0,"key":"Shuriken"},{"floor":9.0,"key":"StrikeDummy"},{"floor":13.0,"key":"Bag of Marbles"},{"floor":14.0,"key":"Tough Bandages"},{"floor":21,"key":"Bronze Scales"},{"floor":24,"key":"Happy Flower"},{"floor":26,"key":"Singing Bowl"},{"floor":28,"key":"Toxic Egg 2"}],"event_choices":[{"damage_healed":0.0,"max_hp_gain":0.0,"max_hp_loss":0.0,"gold_gain":0.0,"event_name":"Golden Idol","player_choice":"Take Damage","floor":5.0,"gold_loss":0.0,"damage_taken":15.0,"relics_obtained":["Golden Idol"]}],"is_beta":false,"boss_relics":[{"not_picked":["Ectoplasm","SacredBark"],"picked":"Pandora\u0027s Box"}],"items_purged_floors":[],"is_endless":false,"potions_floor_spawned":[4,18,19,24,25],"killed_by":"Automaton","ascension_level":8}}