{"host":"wkcoec525dnrk4jw","time":1608340957,"event":{"mods":["BaseMod","Minty Spire (QoL Compilation)","Quick Restart","Replay The Spire","Shop Mod","StSLib","TestMod","The Bug Knight","The Cursed","[IsaacMod]ÒÔÈö¼âËþ"],"gold_per_floor":[127,127,208,228,244,288,300,300,350,350,363,397,414,432,432,556,556,574,590,44,60,60,87,87,130,130,141,141,141,171,187,187,349,349,358,376,376,10,25,49,49,75,75,93,93,90,125,183,183,267],"floor_reached":51,"playtime":2496,"items_purged":["Strike_G","Strike_G","Defend_G"],"score":1122,"play_id":"3a2b4523-afd2-4297-bcf1-05bd2a168747","local_time":"20201219092237","is_ascension_mode":true,"campfire_choices":[{"data":"BettingIsNotGood","floor":8,"key":"SMITH"},{"floor":10,"key":"REST"},{"data":"Blade Dance","floor":15,"key":"SMITH"},{"floor":24,"key":"REST"},{"data":"Atom Bomb","floor":28,"key":"SMITH"},{"data":"A Thousand Cuts","floor":41,"key":"SMITH"},{"data":"Blade Dance","floor":45,"key":"SMITH"},{"floor":49,"key":"REST"}],"circlet_count":0,"master_deck":["Strike_G","Strike_G+1","Defend_G","Defend_G","Defend_G","Defend_G","Survivor","Neutralize","BettingIsNotGood+1","Quick Slash","Choke","Replay:Poison Smokescreen","Blade Dance+1","Cloak And Dagger","Skewer","Glass Knife+1","Deadly Poison","Backflip","After Image","Atom Bomb+1","Enlightenment+1","Leg Sweep","Eviscerate+1","Dash","Outmaneuver+1","PiercingWail+1","Finisher+1","Grand Finale","Blur+1","Deadly Poison","Heel Hook","After Image","Burst","Footwork","Poisoned Stab+1","Blade Dance+1","Blade Dance","Poisoned Stab","Outmaneuver+1","A Thousand Cuts+1","Dagger Spray+1","Blur+1","ReplayTheSpireMod:IOU","Mind Blast","ReplayTheSpireMod:IOU","Riddle With Holes","Flying Knee+1","Dodge and Roll+1"],"relics":["HushsDoor","Void","testmod-ObsoleteBoomerang","testmod-NegativeEmotionEnhancer","Gremlin Horn","Gremlin Food","Bag of Preparation","Potion Belt","WristBlade","Replay:Baseball","testmod-Charity","MutagenicStrength","SalivaCoin","Ornamental Fan","Onion Ring","HollowMod:LifeEnderRelic","testmod-CardMagician","SatanicBible","testmod-Register","Oddly Smooth Stone","testmod-BalancedPeriapt"],"acts_visited":["Exordium","TheCity","TheBeyond"],"potions_floor_usage":[20,33,33,33,50,50],"damage_taken":[{"damage":6,"enemies":"Jaw Worm","floor":1,"turns":2},{"damage":0,"enemies":"Cultist","floor":4,"turns":2},{"damage":3,"enemies":"Small Slimes","floor":5,"turns":1},{"damage":8,"enemies":"HollowMod:MossKnight","floor":6,"turns":4},{"damage":2,"enemies":"2 Fungi Beasts","floor":7,"turns":2},{"damage":9,"enemies":"Gremlin Gang","floor":11,"turns":2},{"damage":9,"enemies":"Lagavulin","floor":12,"turns":3},{"damage":0,"enemies":"Looter","floor":13,"turns":1},{"damage":0,"enemies":"2 Fungi Beasts","floor":14,"turns":2},{"damage":0,"enemies":"Slime Boss","floor":16,"turns":6},{"damage":0,"enemies":"Shell Parasite","floor":18,"turns":2},{"damage":0,"enemies":"Snecko","floor":19,"turns":2},{"damage":2,"enemies":"3 Cultists","floor":21,"turns":3},{"damage":22,"enemies":"Gremlin Leader","floor":23,"turns":3},{"damage":10,"enemies":"Replay:Snechameleon","floor":25,"turns":3},{"damage":0,"enemies":"Snake Plant","floor":27,"turns":1},{"damage":0,"enemies":"Slavers","floor":30,"turns":1},{"damage":0,"enemies":"Centurion and Healer","floor":31,"turns":1},{"damage":23,"enemies":"Pondfish","floor":33,"turns":5},{"damage":0,"enemies":"3 Shapes","floor":35,"turns":3},{"damage":0,"enemies":"3 Darklings","floor":36,"turns":1},{"damage":0,"enemies":"Sphere and 2 Shapes","floor":39,"turns":2},{"damage":0,"enemies":"Reptomancer","floor":40,"turns":2},{"damage":5,"enemies":"4 Shapes","floor":42,"turns":1},{"damage":1,"enemies":"Maw","floor":44,"turns":2},{"damage":29,"enemies":"HollowMod:SlobberingHusk","floor":47,"turns":4},{"damage":25,"enemies":"Giant Head","floor":48,"turns":5},{"damage":43,"enemies":"Replay:Hell Engine","floor":50,"turns":6}],"seed_played":"-4647062440159257261","potions_obtained":[{"floor":5,"key":"AttackPotion"},{"floor":7,"key":"Adrenaline Potion"},{"floor":11,"key":"Strength Potion"},{"floor":13,"key":"testmod-EscapePotion"},{"floor":14,"key":"Swift Potion"},{"floor":31,"key":"Energy Potion"},{"floor":33,"key":"SkillPotion"},{"floor":40,"key":"SteroidPotion"},{"floor":42,"key":"Adrenaline Potion"},{"floor":44,"key":"Flashbang"}],"is_trial":false,"path_per_floor":["M","?","T","M","M","E","M","R","T","R","M","E","M","M","R","B",null,"M","M","$","M","?","E","R","E","T","M","R","?","E","M","R","B",null,"M","M","?","$","M","E","R","M","T","M","R","$","M","E","R","B",null],"character_chosen":"THE_SILENT","items_purchased":["Atom Bomb","Enlightenment","Replay:Baseball","testmod-Charity","Dash","Fruit Juice","SatanicBible","Burst","Footwork","testmod-Register","War Paint","Blade Dance","Poisoned Stab","Replay:Wax Seal","Mind Blast","Riddle With Holes"],"campfire_rested":3,"item_purchase_floors":[17,17,20,20,20,20,34,34,34,38,38,38,38,46,46,46],"current_hp_per_floor":[66,66,66,68,68,62,63,63,63,75,71,64,66,69,69,80,70,71,72,77,79,79,62,81,77,77,80,80,80,85,89,89,81,78,80,82,82,82,84,86,86,88,88,90,90,90,78,72,90,73],"gold":267,"neow_bonus":"BOSS_RELIC","is_daily":false,"chose_seed":false,"campfire_upgraded":5,"win_rate":0.0,"timestamp":1608340957,"path_taken":["M","?","?","M","M","E","M","R","T","R","M","E","M","M","R","BOSS","M","M","$","M","?","E","R","E","T","M","R","?","E","M","R","BOSS","M","?","?","$","M","E","R","M","T","M","R","$","M","E","R","BOSS"],"items_purchased_type":["Card","Card","Relic","Relic","Card","Potion","Relic","Card","Card","Relic","Relic","Card","Card","Relic","Card","Card"],"build_version":"2020-12-13","purchased_purges":3,"victory":true,"max_hp_per_floor":[71,71,71,72,73,74,75,75,75,75,76,77,78,79,79,80,70,71,72,77,79,79,81,81,86,86,88,88,88,90,92,92,102,78,80,82,82,82,84,86,86,90,90,90,90,90,90,90,90,90],"card_choices":[{"not_picked":[],"picked":"BettingIsNotGood","floor":0},{"not_picked":["PiercingWail","Dodge and Roll"],"picked":"Quick Slash","floor":1},{"not_picked":["Acrobatics","Dagger Throw"],"picked":"Choke","floor":4},{"not_picked":["Deflect","Leg Sweep"],"picked":"Replay:Poison Smokescreen","floor":5},{"not_picked":["Deflect","Flechettes"],"picked":"Blade Dance","floor":6},{"not_picked":["Deflect","Acrobatics"],"picked":"Cloak And Dagger","floor":7},{"not_picked":["Tactician","ReplayTheSpireMod:Scrap Shanks"],"picked":"Skewer","floor":11},{"not_picked":["PiercingWail","Backflip"],"picked":"Glass Knife","floor":12},{"not_picked":["Slice","Acrobatics"],"picked":"Deadly Poison","floor":13},{"not_picked":["Bomb","Wraith Form v2"],"picked":"Backflip","floor":14},{"not_picked":["ReplayTheSpireMod:Necrosis","Adrenaline"],"picked":"After Image","floor":16},{"not_picked":["Flying Knee","Hidden Blade+1"],"picked":"Leg Sweep","floor":18},{"not_picked":["Tactician","Flechettes"],"picked":"Eviscerate","floor":19},{"not_picked":["ReplayTheSpireMod:Tripwire+1","Slice+1"],"picked":"Outmaneuver+1","floor":21},{"not_picked":["Deadly Poison","Well Laid Plans+1"],"picked":"PiercingWail+1","floor":23},{"not_picked":["Deflect","Cloak And Dagger"],"picked":"Finisher+1","floor":25},{"not_picked":["Deadly Poison+1","Poisoned Stab"],"picked":"Grand Finale","floor":27},{"not_picked":["Dodge and Roll","Well Laid Plans+1"],"picked":"Blur","floor":30},{"not_picked":["Dagger Throw","Prepared+1"],"picked":"Deadly Poison","floor":31},{"not_picked":["ReplayTheSpireMod:Necrosis","Glass Knife"],"picked":"After Image","floor":33},{"not_picked":["Prepared+1","Slice"],"picked":"Poisoned Stab+1","floor":35},{"not_picked":["Reflex+1","Quick Slash"],"picked":"Blade Dance","floor":36},{"not_picked":["Tactician+1","Leg Sweep"],"picked":"Outmaneuver+1","floor":39},{"not_picked":["Corpse Explosion","Sucker Punch"],"picked":"A Thousand Cuts","floor":40},{"not_picked":["Footwork+1","Acrobatics"],"picked":"Dagger Spray+1","floor":42},{"not_picked":["Poisoned Stab+1","Concentrate"],"picked":"Blur+1","floor":44},{"not_picked":["All Out Attack+1","Slice"],"picked":"Flying Knee+1","floor":47},{"not_picked":["Poisoned Stab","Masterful Stab+1"],"picked":"Dodge and Roll+1","floor":48}],"player_experience":117851,"relics_obtained":[{"floor":3,"key":"Gremlin Horn"},{"floor":6,"key":"Gremlin Food"},{"floor":9,"key":"Bag of Preparation"},{"floor":12,"key":"Potion Belt"},{"floor":23,"key":"SalivaCoin"},{"floor":25,"key":"Ornamental Fan"},{"floor":26,"key":"Onion Ring"},{"floor":30,"key":"HollowMod:LifeEnderRelic"},{"floor":40,"key":"Oddly Smooth Stone"},{"floor":43,"key":"testmod-BalancedPeriapt"},{"floor":48,"key":"GnawedLeaf"}],"event_choices":[{"damage_healed":0,"gold_gain":0,"player_choice":"Inject Mutagens","damage_taken":0,"relics_obtained":["MutagenicStrength"],"max_hp_gain":0,"max_hp_loss":0,"event_name":"Drug Dealer","floor":22,"gold_loss":0},{"damage_healed":0,"gold_gain":0,"player_choice":"Ignored","damage_taken":0,"max_hp_gain":0,"max_hp_loss":0,"event_name":"Ghosts","floor":29,"gold_loss":0},{"damage_healed":0,"gold_gain":0,"player_choice":"Ignored","damage_taken":0,"max_hp_gain":0,"max_hp_loss":0,"event_name":"Tomb of Lord Red Mask","floor":37,"gold_loss":0}],"is_beta":false,"boss_relics":[{"not_picked":["testmod-Temperance","testmod-Nine"],"picked":"WristBlade"},{"not_picked":[]},{"not_picked":["Honey Jar","Velvet Choker"],"picked":"testmod-CardMagician"},{"not_picked":[]}],"items_purged_floors":[17,20,34],"is_endless":false,"potions_floor_spawned":[5,7,11,13,14,18,31,33,40,42,44],"ascension_level":4}}