{"host":"avjwtc49fhlk6kym","time":1608343370,"event":{"mods":["AchievementEnabler","BaseMod","Better Match","Better Note","Better Third Choice","Colored Map","Colored Powertips","Displayed Cursed Tome","Highlight Path","Minty Spire (QoL Compilation)","Permanent Neow","Quick Restart","StSLib"],"gold_per_floor":[110,110,127,3,21,21,21,21,21,21,34,74,86,27,27,158,158,176,191,191,191],"floor_reached":20,"playtime":631,"items_purged":["Defend_P"],"score":189,"play_id":"da38e4f1-9490-4543-805f-bd44e0e19e67","local_time":"20201218210250","is_ascension_mode":true,"campfire_choices":[{"data":"Devotion","floor":6,"key":"SMITH"},{"data":"Strike_P","floor":10,"key":"SMITH"},{"floor":15,"key":"REST"}],"circlet_count":0,"master_deck":["Strike_P","Strike_P","Strike_P","Strike_P+1","Defend_P","Defend_P","Defend_P","Eruption+1","Vigilance","Devotion+1","Consecrate","LikeWater","Prostrate","ThirdEye","Injury","CrushJoints","SashWhip","Pain","Wireheading","Establishment","Protect+1"],"relics":["PureWater","Akabeko","Golden Idol","Meat on the Bone","MawBank","WarpedTongs","Busted Crown"],"acts_visited":["Exordium","TheCity"],"potions_floor_usage":[11,12,20],"damage_taken":[{"damage":0,"enemies":"Small Slimes","floor":1,"turns":3},{"damage":0,"enemies":"Cultist","floor":3,"turns":3},{"damage":2,"enemies":"Jaw Worm","floor":5,"turns":5},{"damage":0,"enemies":"Looter","floor":11,"turns":1},{"damage":32,"enemies":"Gremlin Nob","floor":12,"turns":3},{"damage":19,"enemies":"Slime Boss","floor":16,"turns":8},{"damage":21,"enemies":"Shell Parasite","floor":18,"turns":4},{"damage":19,"enemies":"Spheric Guardian","floor":19,"turns":5},{"damage":48,"enemies":"Masked Bandits","floor":20,"turns":3}],"seed_played":"7005910248566233150","potions_obtained":[{"floor":1,"key":"SkillPotion"},{"floor":5,"key":"Swift Potion"},{"floor":19,"key":"SkillPotion"}],"is_trial":false,"path_per_floor":["M","?","M","$","M","R","?","?","T","R","M","E","?","$","R","B",null,"M","M","?"],"character_chosen":"WATCHER","items_purchased":["Prostrate","Wireheading"],"campfire_rested":1,"item_purchase_floors":[4,14],"current_hp_per_floor":[72,72,72,72,70,70,52,52,52,52,52,32,32,32,53,46,72,51,44,0,0],"gold":191,"neow_bonus":"ONE_RANDOM_RARE_CARD","is_daily":false,"chose_seed":false,"campfire_upgraded":2,"win_rate":0.0,"timestamp":1608343370,"path_taken":["M","?","M","$","?","R","?","?","T","R","M","E","?","$","R","BOSS","M","M","?"],"items_purchased_type":["Card","Card"],"build_version":"2020-12-13","purchased_purges":1,"victory":false,"max_hp_per_floor":[72,72,72,72,72,72,72,72,72,72,72,72,72,72,72,72,72,72,72,72,72],"card_choices":[{"not_picked":["Sanctity","DeceiveReality"],"picked":"Consecrate","floor":1},{"not_picked":["MentalFortress","Weave"],"picked":"LikeWater","floor":3},{"not_picked":["EmptyFist","Crescendo"],"picked":"ThirdEye","floor":5},{"not_picked":["JustLucky","Prostrate"],"picked":"CrushJoints","floor":11},{"not_picked":["ThirdEye","ClearTheMind"],"picked":"SashWhip","floor":12},{"not_picked":["Omniscience","SpiritShield"],"picked":"Establishment","floor":16},{"not_picked":[],"picked":"Protect+1","floor":18},{"not_picked":["EmptyFist"],"picked":"SKIP","floor":19}],"player_experience":514488,"relics_obtained":[{"floor":9,"key":"Meat on the Bone"},{"floor":12,"key":"MawBank"}],"event_choices":[{"damage_healed":0,"gold_gain":0,"player_choice":"Upgraded","damage_taken":0,"max_hp_gain":0,"max_hp_loss":0,"event_name":"Upgrade Shrine","floor":2,"gold_loss":0,"cards_upgraded":["Eruption"]},{"damage_healed":0,"gold_gain":0,"player_choice":"Relic ","damage_taken":18,"max_hp_gain":0,"max_hp_loss":0,"event_name":"betterThird:BetterScrap","floor":7,"gold_loss":0,"cards_obtained":["Glass Knife"]},{"damage_healed":0,"gold_gain":0,"player_choice":"Take Wound","damage_taken":0,"relics_obtained":["Golden Idol"],"max_hp_gain":0,"max_hp_loss":0,"event_name":"Golden Idol","floor":8,"gold_loss":0,"cards_obtained":["Injury"]},{"damage_healed":0,"gold_gain":0,"player_choice":"Rummage","damage_taken":0,"relics_obtained":["WarpedTongs"],"max_hp_gain":0,"max_hp_loss":0,"event_name":"Accursed Blacksmith","floor":13,"gold_loss":0,"cards_obtained":["Pain"]},{"damage_healed":0,"gold_gain":0,"player_choice":"Fought Bandits","damage_taken":0,"max_hp_gain":0,"max_hp_loss":0,"event_name":"Masked Bandits","floor":20,"gold_loss":0}],"is_beta":false,"boss_relics":[{"not_picked":["Snecko Eye","Coffee Dripper"],"picked":"Busted Crown"}],"items_purged_floors":[4],"is_endless":false,"potions_floor_spawned":[1,5,19],"killed_by":"Masked Bandits","ascension_level":2}}