{"host":"17xjy7b7ubl548g2","time":1608362037,"event":{"mods":["2.2 Compatiblity","Act Like it!","Aspiration","Astrologer","Bard","BaseMod","Bestiary","Challenge The Spire","ChefMod","Colored Map","Conspire","Elementarium","Energized Spire","GifTheSpireLib","Halation","Hallownest","Hermit","Hubris","Infinite Spire","Jedi Mod","Jorbs\u0027s Wanderer Trilogy","Marisa（霧雨　魔理沙）","Marked Mod","Minty Spire (QoL Compilation)","Pale of the Ancients","Permanent Neow","Puzzle Mod","Replay The Spire","Robot Space Explorer","Spicy Shops","StSLib","Stuff the Spire","The Blue Laboratory","The Bug Knight","The Construct","The Disciple","The Hayseed","The Hierophant","The Runesmith","The Sage"],"gold_per_floor":[118,118,118,0,0,0,11,28,78,110,110,110,130,163,163,260,260,271,24,24,24,24,24,36,65,65,65,93,103,103,128,128,226,226,236,98,111,121,121,154,154,165,165,178,178,206,206,224,224,323,341,354,371,21,21,31,31,55,55,55],"floor_reached":61,"playtime":12295,"items_purged":["RobotSpaceExplorer:Strike","RobotSpaceExplorer:Strike","RobotSpaceExplorer:Strike"],"score":1893,"play_id":"4727da50-c8dd-44e1-aa29-90b9c418b5a5","local_time":"20201219021357","is_ascension_mode":true,"campfire_choices":[{"data":"RobotSpaceExplorer:Jetpack","floor":6,"key":"SMITH"},{"data":"RobotSpaceExplorer:Multitool","floor":11,"key":"SMITH"},{"data":"RobotSpaceExplorer:Fix","floor":15,"key":"SMITH"},{"data":"RobotSpaceExplorer:StarLightning","floor":23,"key":"SMITH"},{"floor":30,"key":"RECALL"},{"data":"RobotSpaceExplorer:MiniDrones","floor":32,"key":"SMITH"},{"data":"RobotSpaceExplorer:Comet","floor":41,"key":"SMITH"},{"data":"RobotSpaceExplorer:FrostMissile","floor":45,"key":"SMITH"},{"data":"RobotSpaceExplorer:GlueShot","floor":47,"key":"SMITH"},{"data":"RobotSpaceExplorer:FreezingShield","floor":49,"key":"SMITH"},{"data":"RobotSpaceExplorer:LaserBurst","floor":55,"key":"SMITH"},{"data":"RobotSpaceExplorer:Accelerator","floor":57,"key":"SMITH"}],"circlet_count":0,"master_deck":["RobotSpaceExplorer:Defend","RobotSpaceExplorer:Defend","RobotSpaceExplorer:Defend","RobotSpaceExplorer:Defend","RobotSpaceExplorer:Scan","RobotSpaceExplorer:MiniLasers+1","RobotSpaceExplorer:Jetpack+1","RobotSpaceExplorer:SurgingStrike","RobotSpaceExplorer:FrostMissile+1","RobotSpaceExplorer:Multitool+1","RobotSpaceExplorer:Fix+1","RobotSpaceExplorer:StarLightning+1","RobotSpaceExplorer:GlueShot+1","RobotSpaceExplorer:TrailblazerForm","RobotSpaceExplorer:FreezingShield+1","RobotSpaceExplorer:StunGrenade","RobotSpaceExplorer:StunGrenade+1","RobotSpaceExplorer:ScrapShield","RobotSpaceExplorer:ScrapToss+1","RobotSpaceExplorer:MiniDrones+1","RobotSpaceExplorer:Comet+1","RobotSpaceExplorer:Pulsar+1","RobotSpaceExplorer:LuckyStrike","RobotSpaceExplorer:ShovelStrike+1","RobotSpaceExplorer:Accelerator+1","RobotSpaceExplorer:Counterblock","RobotSpaceExplorer:LaserBurst+1","RobotSpaceExplorer:FrostMissile+1"],"relics":["RobotSpaceExplorer:RoboCore","hubris:Icosahedron","infinitespire:PuzzleCube","StuffTheSpire:OldFever","infinitespire:Satchel","Gambling Chip","hubris:BundleOfHerbs","construct:ClawGrip","Happy Flower","hubris:MedicalManual","Replay:Wax Seal","halation:AfternoonTea","Pen Nib","Bottled Lightning","Black Star","Busted Crown","halation:PromiseList","conspire:TopHat","StuffTheSpire:Wildfire","Lantern","paleoftheancients:Timepiece","paleoftheancients:KeyRelic","CultistMask","paleoftheancients:SoulOfTheIroncluck","paleoftheancients:BlurryLens","RobotSpaceExplorer:SlideRule","hubris:SlimyHat"],"acts_visited":["Exordium","Hallownest:Greenpath","Hallownest:CityofTears","Hallownest:KingdomsEdge"],"potions_floor_usage":[10,25,28,38,40,50,60],"damage_taken":[{"damage":2,"enemies":"Hallownest:monsterHuskWarrior","floor":1,"turns":4},{"damage":0,"enemies":"Hallownest:2_MossCreeps","floor":7,"turns":4},{"damage":0,"enemies":"Hallownest:monsterHuskGuard","floor":8,"turns":3},{"damage":0,"enemies":"Hallownest:eliteCrystalGuardian","floor":10,"turns":5},{"damage":0,"enemies":"Hallownest:monsterAspidMother","floor":12,"turns":2},{"damage":0,"enemies":"Hallownest:MossCreep_and_Mosskin","floor":13,"turns":5},{"damage":0,"enemies":"Hallownest:eliteVengeflyKing","floor":14,"turns":4},{"damage":0,"enemies":"Hallownest:BossFalseKnight","floor":16,"turns":8},{"damage":0,"enemies":"Hallownest:2_Mistakes","floor":18,"turns":6},{"damage":8,"enemies":"Hallownest:2_Mistakes","floor":20,"turns":6},{"damage":2,"enemies":"Hallownest:3_Youths","floor":24,"turns":7},{"damage":6,"enemies":"Hallownest:eliteSoulWarrior","floor":25,"turns":6},{"damage":18,"enemies":"Hallownest:eliteWatcherKnight","floor":28,"turns":9},{"damage":3,"enemies":"Hallownest:2_Flukemon","floor":29,"turns":7},{"damage":0,"enemies":"Hallownest:Nosk","floor":31,"turns":6},{"damage":30,"enemies":"Hallownest:BossMantisLord","floor":33,"turns":6},{"damage":18,"enemies":"Hallownest:3_Siblings","floor":35,"turns":4},{"damage":0,"enemies":"Hallownest:Shield_Heavy","floor":37,"turns":6},{"damage":16,"enemies":"Hallownest:2_Soldiers_and_1_Guardian","floor":38,"turns":6},{"damage":0,"enemies":"Hallownest:eliteCollector","floor":40,"turns":7},{"damage":8,"enemies":"Hallownest:monsterPrimalAspid","floor":42,"turns":4},{"damage":3,"enemies":"Hallownest:2_Wandering_and_1_Horned","floor":44,"turns":5},{"damage":8,"enemies":"Hallownest:StalkingDevout","floor":46,"turns":7},{"damage":0,"enemies":"Hallownest:Xero_Hu_Marmu","floor":48,"turns":3},{"damage":0,"enemies":"Hallownest:Radiance","floor":50,"turns":7},{"damage":3,"enemies":"Hallownest:Radiance","floor":51,"turns":7},{"damage":0,"enemies":"Hallownest:Radiance","floor":52,"turns":6},{"damage":0,"enemies":"paleoftheancients:BASlime1","floor":53,"turns":1},{"damage":0,"enemies":"paleoftheancients:BASlime1","floor":56,"turns":5},{"damage":114,"enemies":"paleoftheancients:N","floor":60,"turns":11}],"seed_played":"5790693537907373347","potions_obtained":[{"floor":7,"key":"RobotSpaceExplorer:PlasmaFlask"},{"floor":8,"key":"ColorlessPotion"},{"floor":14,"key":"AttackPotion"},{"floor":28,"key":"blueLaboratory:Moonshine"},{"floor":33,"key":"blueLaboratory:BubblePotion"},{"floor":37,"key":"blueLaboratory:BottleOfRum"},{"floor":38,"key":"LifebloodPotion"},{"floor":46,"key":"sagemod:Wine"},{"floor":50,"key":"SmokeBomb"}],"is_trial":false,"path_per_floor":["M","?","?","?","T","R","M","M","T","E","R","M","M","E","R","B",null,"M","$","?","?","T","R","M","E","T","?","E","M","R","E","R","B",null,"M","$","M","M","?","E","R","M","T","M","R","E","R","M","R","B","M","M","M","$","R","M","R","T","?","B",null],"character_chosen":"RobotSpaceExplorer","items_purchased":["Happy Flower","RobotSpaceExplorer:StunGrenade","RobotSpaceExplorer:LuckyStrike","RobotSpaceExplorer:SlideRule","RobotSpaceExplorer:LaserBurst"],"campfire_rested":0,"item_purchase_floors":[19,19,36,54,54],"current_hp_per_floor":[66,66,66,66,66,66,66,66,66,66,66,66,72,75,75,75,75,75,75,73,73,73,73,75,75,75,75,63,66,66,72,72,45,68,56,56,62,52,52,57,57,49,49,52,52,49,49,55,55,57,56,57,57,57,57,57,57,57,57,39],"gold":55,"neow_bonus":"UPGRADE_CARD","is_daily":false,"chose_seed":false,"campfire_upgraded":11,"win_rate":0.0,"timestamp":1608362037,"path_taken":["M","?","?","?","?","R","?","M","T","E","R","M","M","E","R","BOSS","M","$","?","?","?","R","?","E","T","?","E","M","R","E","R","BOSS","M","$","M","M","?","E","R","M","T","M","R","E","R","M","R","BOSS","M","M","?","$","R","M","R","T","?","BOSS"],"items_purchased_type":["Relic","Card","Card","Relic","Card"],"build_version":"2020-12-13","purchased_purges":3,"victory":true,"max_hp_per_floor":[75,75,75,75,75,75,75,75,75,75,75,75,75,75,75,75,75,75,75,75,75,75,75,75,75,75,75,75,75,75,75,75,75,75,75,75,75,75,57,57,57,57,57,57,57,57,57,57,57,57,57,57,57,57,57,57,57,57,57,57],"card_choices":[{"not_picked":["RobotSpaceExplorer:SurgingStrike","RobotSpaceExplorer:PowerGlove"],"picked":"RobotSpaceExplorer:Jetpack","floor":1},{"not_picked":["RobotSpaceExplorer:Reload","RobotSpaceExplorer:SwiftStep"],"picked":"RobotSpaceExplorer:SurgingStrike","floor":7},{"not_picked":["RobotSpaceExplorer:SlimeMissile","RobotSpaceExplorer:Autoloader"],"picked":"RobotSpaceExplorer:FrostMissile","floor":8},{"not_picked":["RobotSpaceExplorer:SelfCleaning","RobotSpaceExplorer:MakeshiftVolley"],"picked":"RobotSpaceExplorer:Multitool","floor":10},{"not_picked":["RobotSpaceExplorer:IronShell","RobotSpaceExplorer:SurgingShield"],"picked":"RobotSpaceExplorer:Fix","floor":12},{"not_picked":["RobotSpaceExplorer:ShovelStrike","RobotSpaceExplorer:SelfCleaning"],"picked":"RobotSpaceExplorer:StarLightning","floor":13},{"not_picked":["RobotSpaceExplorer:Probe","RobotSpaceExplorer:BigMissile"],"picked":"RobotSpaceExplorer:GlueShot","floor":14},{"not_picked":["RobotSpaceExplorer:Accelerator","RobotSpaceExplorer:Asteroid"],"picked":"RobotSpaceExplorer:TrailblazerForm","floor":16},{"not_picked":["RobotSpaceExplorer:MetalStrike","RobotSpaceExplorer:FranticSearch+1"],"picked":"RobotSpaceExplorer:FreezingShield","floor":18},{"not_picked":["RobotSpaceExplorer:Ammunition","RobotSpaceExplorer:SurgingStrike"],"picked":"RobotSpaceExplorer:StunGrenade+1","floor":24},{"not_picked":["RobotSpaceExplorer:StunGrenade","RobotSpaceExplorer:SurgingStrike","RobotSpaceExplorer:FrostMissile+1"],"picked":"SKIP","floor":25},{"not_picked":["RobotSpaceExplorer:ScrapMissile","RobotSpaceExplorer:Probe"],"picked":"RobotSpaceExplorer:Wormhole","floor":28},{"not_picked":["RobotSpaceExplorer:SurgingStrike","RobotSpaceExplorer:Ammunition"],"picked":"RobotSpaceExplorer:ScrapToss+1","floor":29},{"not_picked":["RobotSpaceExplorer:MakeshiftVolley+1","RobotSpaceExplorer:ScrapMissile"],"picked":"RobotSpaceExplorer:MiniDrones","floor":31},{"not_picked":["RobotSpaceExplorer:Multitool","RobotSpaceExplorer:Arsenal"],"picked":"RobotSpaceExplorer:Comet","floor":33},{"not_picked":["RobotSpaceExplorer:DualCore","RobotSpaceExplorer:ScrapMissile"],"picked":"RobotSpaceExplorer:Pulsar+1","floor":35},{"not_picked":["RobotSpaceExplorer:MetalStrike","RobotSpaceExplorer:SwiftStep","RobotSpaceExplorer:Exploration"],"picked":"SKIP","floor":37},{"not_picked":["RobotSpaceExplorer:PowerGlove+1","RobotSpaceExplorer:Jetpack","RobotSpaceExplorer:ScrapMissile"],"picked":"SKIP","floor":38},{"not_picked":["RobotSpaceExplorer:Ammunition+1"],"picked":"SKIP","floor":40},{"not_picked":["RobotSpaceExplorer:ShockKick"],"picked":"SKIP","floor":42},{"not_picked":["RobotSpaceExplorer:Pulsar"],"picked":"SKIP","floor":44},{"not_picked":[],"picked":"RobotSpaceExplorer:ShovelStrike+1","floor":46},{"not_picked":["RobotSpaceExplorer:Multitool"],"picked":"SKIP","floor":48},{"not_picked":[],"picked":"RobotSpaceExplorer:Accelerator","floor":50},{"not_picked":["RobotSpaceExplorer:Probe"],"picked":"SKIP","floor":51},{"not_picked":["RobotSpaceExplorer:StunGrenade"],"picked":"SKIP","floor":52},{"not_picked":[],"picked":"RobotSpaceExplorer:Counterblock","floor":53},{"not_picked":[],"picked":"RobotSpaceExplorer:FrostMissile+1","floor":56}],"player_experience":1579904,"relics_obtained":[{"floor":5,"key":"StuffTheSpire:OldFever"},{"floor":9,"key":"infinitespire:Satchel"},{"floor":10,"key":"Gambling Chip"},{"floor":14,"key":"hubris:BundleOfHerbs"},{"floor":22,"key":"hubris:MedicalManual"},{"floor":25,"key":"Replay:Wax Seal"},{"floor":26,"key":"halation:AfternoonTea"},{"floor":28,"key":"Pen Nib"},{"floor":31,"key":"Bottled Lightning"},{"floor":40,"key":"halation:PromiseList"},{"floor":40,"key":"conspire:TopHat"},{"floor":46,"key":"StuffTheSpire:Wildfire"},{"floor":46,"key":"Lantern"},{"floor":52,"key":"paleoftheancients:SoulOfTheIroncluck"},{"floor":53,"key":"paleoftheancients:BlurryLens"},{"floor":56,"key":"paleoftheancients:SoulOfTheHexaghost"},{"floor":58,"key":"hubris:SlimyHat"}],"event_choices":[],"is_beta":false,"boss_relics":[{"not_picked":["halation:PinkAlligatorPlush","hubris:Backtick"],"picked":"construct:ClawGrip"},{"not_picked":["hubris:HollowSoul","aspiration:RunicSpoon"],"picked":"Black Star"}],"items_purged_floors":[19,36,54],"is_endless":false,"potions_floor_spawned":[7,8,14,20,28,33,37,38,46,50,60],"ascension_level":6}}