{"host":"dx8mnueonnkh60qu","time":1608341574,"event":{"mods":["AchievementEnabler","Act Like it!","Aspiration","BaseMod","Better Silent Start","Better Third Choice","Defuse TimeMaze Blight","Dota2Spire","Downfall","Hubris","Marked Mod","Minty Spire (QoL Compilation)","Rare Cards Sparkle","Relic Stats","Robot Space Explorer","Spicy Shops","Spikes Relics","StSLib","SuperFastMode","The Blue Laboratory"],"gold_per_floor":[99,249,276,276,276,30,30,30,59,59,75,95,95,106,123,218,218,143,171,171,97,97,107,107,117,136,161,178,378,393,393,407,504,504,354,354,367,380,380,380,380,106,118,118,133,147,3,3,13,13,13,13,13],"floor_reached":52,"playtime":2022,"items_purged":["Regret","Slimebound:Icky"],"score":802,"play_id":"05ff8ce8-cf2a-4287-973c-17c2af1b3c22","local_time":"20201218203254","is_ascension_mode":false,"campfire_choices":[{"data":"hexamod:Float","floor":1,"key":"SMITH"},{"data":"hexamod:BurningTouch","floor":5,"key":"SMITH"},{"data":"hubris:DuctTapeCard","floor":8,"key":"SMITH"},{"floor":10,"key":"RECALL"},{"data":"hexamod:HexaLevel","floor":18,"key":"SMITH"},{"data":"hexamod:InspiringFlames","floor":20,"key":"SMITH"},{"data":"hexamod:GhostflameBarrier","floor":35,"key":"SMITH"},{"data":"hexamod:GhostflameBarrier","floor":39,"key":"SMITH"},{"data":"hexamod:Hexaguard","floor":44,"key":"SMITH"}],"circlet_count":0,"master_deck":["hexamod:Float+1","hexamod:HeatCrush+1","hubris:DuctTapeCard+2","hexamod:HeatCrush","hexamod:FlamesFromBeyond","hexamod:HexaLevel+1","hexamod:InspiringFlames+1","hexamod:SpectersWail+1","hexamod:RainOfEmbers+1","hexamod:VolcanoVisage","hexamod:BurningTouch","hexamod:Toasty","hexamod:PowerFromBeyond","hexamod:SpectersWail","hexamod:GhostflameBarrier+1","hexamod:DynamicBlow","hexamod:TurnItUp+1","hexamod:GhostflameBarrier+1","hexamod:Haunt","hexamod:FourthSeal","hexamod:Hexaguard+1","hexamod:NightmareGuise+1","hexamod:HeatCrush+1","Parasite","hexamod:Incineration+1"],"relics":["hexamod:SpiritBrand","downfall:HeartsMalice","White Beast Statue","aspiration:HatOfInfinitePower","hubris:DuctTape","Anchor","expansioncontent:StudyCardRelic","downfall:HeartBlessingRed","Omamori","sneckomod:BlankCard","hubris:TinFlute","downfall:RedIOU","Pandora\u0027s Box","downfall:HeartBlessingGreen","downfall:HeartBlessingBlue","downfall:TeleportStone","FossilizedHelix","RoseTintedShades","Dota2Spire:HeartOfTarrasque","Chemical X","Oddly Smooth Stone"],"acts_visited":["Exordium","TheCity","TheBeyond","TheEnding"],"potions_floor_usage":[27,27,42],"damage_taken":[{"damage":0,"enemies":"3 Sentries","floor":3,"turns":1},{"damage":0,"enemies":"downfall:FleeingMerchant","floor":6,"turns":1},{"damage":0,"enemies":"Lagavulin","floor":9,"turns":1},{"damage":0,"enemies":"Small Slimes","floor":11,"turns":2},{"damage":0,"enemies":"Jaw Worm","floor":12,"turns":3},{"damage":0,"enemies":"Cultist","floor":14,"turns":3},{"damage":4,"enemies":"Lots of Slimes","floor":15,"turns":4},{"damage":35,"enemies":"downfall:Watcher","floor":16,"turns":6},{"damage":0,"enemies":"Book of Stabbing","floor":19,"turns":4},{"damage":0,"enemies":"downfall:FleeingMerchant","floor":21,"turns":4},{"damage":0,"enemies":"3 Byrds","floor":23,"turns":3},{"damage":0,"enemies":"Spheric Guardian","floor":25,"turns":2},{"damage":0,"enemies":"Snake Plant","floor":26,"turns":3},{"damage":4,"enemies":"Gremlin Leader","floor":27,"turns":5},{"damage":0,"enemies":"Snecko","floor":28,"turns":3},{"damage":1,"enemies":"Cultist and Chosen","floor":30,"turns":4},{"damage":8,"enemies":"Centurion and Healer","floor":32,"turns":4},{"damage":4,"enemies":"downfall:Defect","floor":33,"turns":6},{"damage":7,"enemies":"Orb Walker","floor":37,"turns":3},{"damage":11,"enemies":"3 Darklings","floor":38,"turns":3},{"damage":0,"enemies":"downfall:FleeingMerchant","floor":42,"turns":3},{"damage":0,"enemies":"Spire Growth","floor":43,"turns":4},{"damage":0,"enemies":"Maw","floor":45,"turns":5},{"damage":5,"enemies":"Transient","floor":46,"turns":5},{"damage":15,"enemies":"Writhing Mass","floor":49,"turns":5},{"damage":16,"enemies":"downfall:Ironclad","floor":50,"turns":6},{"damage":94,"enemies":"downfall:CharBossMerchant","floor":52,"turns":7}],"seed_played":"2346690353012423198","potions_obtained":[{"floor":6,"key":"blueLaboratory:FruitPreserves"},{"floor":9,"key":"champ:CounterPotion"},{"floor":23,"key":"blueLaboratory:FruitPunch"},{"floor":26,"key":"blueLaboratory:FruitPunch"},{"floor":27,"key":"BlessingOfTheForge"},{"floor":28,"key":"blueLaboratory:StoneskinPotion"},{"floor":37,"key":"DuplicationPotion"},{"floor":42,"key":"champ:CounterPotion"},{"floor":43,"key":"LiquidMemories"},{"floor":45,"key":"Dota2Spire:HealingSalve"},{"floor":46,"key":"blueLaboratory:ImpenetrablePotion"}],"is_trial":false,"path_per_floor":["R","?","E","?","R","$","T","R","E","R","M","M","$","M","M","B",null,"R","E","R","$","?","M","T","M","M","E","M","?","M","?","M","B",null,"R","?","M","M","R","?","T","$","M","R","M","M","$","?","M","B",null,"E"],"character_chosen":"THE_SPIRIT","items_purchased":["aspiration:HatOfInfinitePower","sneckomod:BlankCard","RoseTintedShades","Dota2Spire:HeartOfTarrasque","Chemical X","Oddly Smooth Stone"],"campfire_rested":0,"item_purchase_floors":[6,21,42,42,42,47],"current_hp_per_floor":[70,70,70,70,70,70,70,70,70,70,70,70,70,70,66,37,70,70,70,70,70,70,70,70,70,70,70,70,70,69,69,61,57,74,84,84,77,66,66,58,58,66,70,70,78,77,77,77,66,62,92,0,0],"gold":13,"neow_bonus":"THREE_ENEMY_KILL","is_daily":false,"chose_seed":false,"campfire_upgraded":8,"win_rate":0.0,"timestamp":1608341574,"path_taken":["R","?","E","?","R","$","T","R","E","R","M","M","?","?","M","BOSS","R","E","R","$","?","M","T","?","M","E","M","?","M","?","M","BOSS","R","?","M","?","R","?","T","$","M","R","?","M","?","?","M","BOSS","E"],"items_purchased_type":["Relic","Relic","Relic","Relic","Relic","Relic"],"build_version":"2020-12-13","purchased_purges":2,"victory":false,"max_hp_per_floor":[70,70,70,70,70,70,70,70,70,70,70,70,70,70,70,70,70,70,70,70,70,70,70,70,70,70,74,74,74,74,74,74,74,74,84,84,84,84,84,84,84,92,92,92,92,92,92,92,92,92,92,92,92],"relic_stats":{"counters":[27,97],"Pandora\u0027s Box":["hexamod:PowerFromBeyond","hexamod:SpectersWail","hexamod:GhostflameBarrier","hexamod:DynamicBlow","hexamod:TurnItUp","hexamod:GhostflameBarrier","hexamod:Haunt","hexamod:FourthSeal"],"Chemical X":[16],"obtain_stats":[{"Dota2Spire:UrnOfShadows":4,"hubris:DuctTape":7,"downfall:HeartBlessingRed":18,"sneckomod:BlankCard":21,"Oddly Smooth Stone":47,"downfall:HeartsMalice":0,"downfall:HeartBlessingGreen":35,"RoseTintedShades":42,"downfall:TeleportStone":36,"expansioncontent:StudyCardRelic":17,"Omamori":19,"Dota2Spire:HeartOfTarrasque":42,"White Beast Statue":3,"Anchor":9,"downfall:HeartBlessingBlue":35,"Pandora\u0027s Box":34,"downfall:RedIOU":31,"Chemical X":42,"aspiration:HatOfInfinitePower":6,"hexamod:SpiritBrand":0,"hubris:TinFlute":27,"FossilizedHelix":41},{"Dota2Spire:UrnOfShadows":1,"hubris:DuctTape":2,"downfall:HeartBlessingRed":8,"sneckomod:BlankCard":10,"Oddly Smooth Stone":24,"downfall:HeartsMalice":0,"downfall:HeartBlessingGreen":18,"RoseTintedShades":21,"downfall:TeleportStone":18,"expansioncontent:StudyCardRelic":8,"Omamori":9,"Dota2Spire:HeartOfTarrasque":21,"White Beast Statue":1,"Anchor":3,"downfall:HeartBlessingBlue":18,"Pandora\u0027s Box":18,"downfall:RedIOU":16,"Chemical X":21,"aspiration:HatOfInfinitePower":2,"hexamod:SpiritBrand":0,"hubris:TinFlute":14,"FossilizedHelix":20},{"Dota2Spire:UrnOfShadows":0,"hubris:DuctTape":0,"downfall:HeartBlessingRed":18,"sneckomod:BlankCard":26,"Oddly Smooth Stone":79,"downfall:HeartsMalice":0,"downfall:HeartBlessingGreen":56,"RoseTintedShades":65,"downfall:TeleportStone":56,"expansioncontent:StudyCardRelic":18,"Omamori":22,"Dota2Spire:HeartOfTarrasque":65,"White Beast Statue":0,"Anchor":0,"downfall:HeartBlessingBlue":56,"Pandora\u0027s Box":56,"downfall:RedIOU":46,"Chemical X":65,"aspiration:HatOfInfinitePower":0,"hexamod:SpiritBrand":0,"hubris:TinFlute":39,"FossilizedHelix":62}]},"card_choices":[{"not_picked":["hexamod:NightmareGuise","hexamod:AdvancingGuard"],"picked":"hexamod:BurningTouch","floor":3},{"not_picked":["hexamod:ChargedBarrage","hexamod:BurningTouch"],"picked":"hexamod:HeatCrush","floor":6},{"not_picked":["hexamod:BacktrackSmack","hexamod:NightmareStrike"],"picked":"hexamod:HeatCrush","floor":9},{"not_picked":["hexamod:AdvancingGuard","hexamod:NecessarySacrifice"],"picked":"hexamod:Firestarter","floor":11},{"not_picked":["hexamod:BacktrackSmack","hexamod:TurnItUp"],"picked":"hexamod:FlamesFromBeyond","floor":12},{"not_picked":["hexamod:GhostLash","hexamod:FastForward","hexamod:HauntingEcho"],"picked":"SKIP","floor":14},{"not_picked":["hexamod:AdvancingGuard","hexamod:GhostOfSpirePresent","hexamod:ShieldOfDarkness"],"picked":"SKIP","floor":15},{"not_picked":["hexamod:TimeWarp","hexamod:GhostflameInferno"],"picked":"hexamod:HexaLevel","floor":16},{"not_picked":["hexamod:NightmareStrike","hexamod:ThirdSeal"],"picked":"hexamod:InspiringFlames","floor":19},{"not_picked":["hexamod:DynamicBlow","hexamod:BacktrackSmack"],"picked":"hexamod:SpectersWail+1","floor":21},{"not_picked":["hexamod:FirstSeal","hexamod:CatchUp+1"],"picked":"hexamod:RainOfEmbers+1","floor":23},{"not_picked":["hexamod:RainOfEmbers","hexamod:ApocalypseNow","hexamod:NightmareStrike+1"],"picked":"SKIP","floor":25},{"not_picked":["hexamod:GhostOfSpireFuture","hexamod:SpectralAdrenaline+1","hexamod:ChargedBarrage"],"picked":"SKIP","floor":26},{"not_picked":["hexamod:Firestarter+1","hexamod:SpectersWail","hexamod:InspiringFlames"],"picked":"SKIP","floor":27},{"not_picked":["hexamod:SwordOfDarkness","hexamod:ThirdSeal","hexamod:GhostLash+1"],"picked":"SKIP","floor":28},{"not_picked":["hexamod:NightmareGuise","hexamod:InspiringFlames"],"picked":"hexamod:VolcanoVisage","floor":30},{"not_picked":["hexamod:FirstSeal","hexamod:CatchUp"],"picked":"hexamod:BurningTouch","floor":32},{"not_picked":["hexamod:FifthSeal","hexamod:UnlimitedPower"],"picked":"hexamod:Toasty","floor":33},{"not_picked":["hexamod:HauntingEcho+1","hexamod:RainOfEmbers","hexamod:SwordOfDarkness+1"],"picked":"SKIP","floor":37},{"not_picked":["hexamod:SwordOfDarkness+1","hexamod:NecessarySacrifice+1"],"picked":"hexamod:Hexaguard","floor":38},{"not_picked":["hexamod:FourthSeal","hexamod:HauntingEcho"],"picked":"hexamod:NightmareGuise+1","floor":42},{"not_picked":["hexamod:EmpoweredFlame","hexamod:ChargedBarrage+1"],"picked":"hexamod:HeatCrush+1","floor":43},{"not_picked":["hexamod:ThirdSeal","hexamod:UnleashSpirits","hexamod:GhostflameBarrier+1"],"picked":"SKIP","floor":45},{"not_picked":["hexamod:NecessarySacrifice+1","hexamod:GhostOfSpirePast+1","hexamod:FourthSeal"],"picked":"SKIP","floor":46},{"not_picked":["hexamod:NightmareStrike+1","hexamod:Haunt"],"picked":"hexamod:Incineration+1","floor":49}],"player_experience":558430,"relics_obtained":[{"floor":3,"key":"White Beast Statue"},{"floor":7,"key":"hubris:DuctTape"},{"floor":9,"key":"Anchor"},{"floor":19,"key":"Omamori"},{"floor":27,"key":"hubris:TinFlute"},{"floor":41,"key":"FossilizedHelix"}],"event_choices":[{"damage_healed":0,"gold_gain":0,"player_choice":"Box","damage_taken":0,"relics_obtained":["Dota2Spire:UrnOfShadows"],"max_hp_gain":0,"max_hp_loss":0,"event_name":"Big Fish","floor":4,"gold_loss":0,"cards_obtained":["Regret"]},{"damage_healed":0,"gold_gain":0,"player_choice":"Upgraded","damage_taken":0,"max_hp_gain":0,"max_hp_loss":0,"event_name":"Upgrade Shrine","floor":22,"gold_loss":0,"cards_upgraded":["hexamod:HeatCrush"]}],"is_beta":false,"boss_relics":[{"not_picked":["Sandwich","Fusion Hammer"],"picked":"expansioncontent:StudyCardRelic"},{"not_picked":["SacredBark","Tiny House"],"picked":"Pandora\u0027s Box"}],"items_purged_floors":[6,6],"is_endless":false,"potions_floor_spawned":[6,9,11,12,14,15,16,19,21,23,25,26,27,28,30,32,33,37,38,42,43,45,46,49],"killed_by":"downfall:CharBossMerchant","ascension_level":0}}