{"host":"0rxdudjy6rylha1k","time":1608390278,"event":{"mods":["Aspiration","BaseMod","Colored Map","Colored Powertips","Downfall","Highlight Path","Hubris","Minty Spire (QoL Compilation)","StSLib"],"gold_per_floor":[99,131,142,157,82,114,140,140,169,169,189,69,86,186,196,196,196],"floor_reached":16,"playtime":1597,"items_purged":[],"score":144,"play_id":"5a8adcb2-bcfa-4c0e-b917-f9ce87d37374","local_time":"20201219080438","is_ascension_mode":true,"campfire_choices":[{"floor":1.0,"key":"RECALL"},{"floor":5,"key":"REST"},{"floor":8,"key":"REST"},{"floor":10,"key":"REST"}],"circlet_count":0,"master_deck":["champ:Strike","champ:Strike","champ:Strike","champ:Strike","champ:Defend","champ:Defend","champ:Defend","champ:Defend","champ:Execute","champ:Taunt","champ:GladiatorStyle","champ:FanOfKnives","champ:Control","champ:Control","champ:HoldFirm","champ:Haymaker","champ:Backstep","champ:FanOfKnives","champ:VampiricStrike"],"relics":["champ:ChampionCrown","Boot","Matryoshka","downfall:HeartBlessingRed","champ:FightingForDummies","Tiny Chest","Akabeko","Mummified Hand"],"acts_visited":["Exordium"],"potions_floor_usage":[9,16,16],"damage_taken":[{"damage":49,"enemies":"Gremlin Nob","floor":2,"turns":6},{"damage":14,"enemies":"Jaw Worm","floor":3,"turns":4},{"damage":6,"enemies":"Cultist","floor":4,"turns":3},{"damage":49,"enemies":"Lagavulin","floor":6,"turns":5},{"damage":18,"enemies":"Gremlin Nob","floor":9,"turns":3},{"damage":0,"enemies":"Small Slimes","floor":11,"turns":2},{"damage":8,"enemies":"downfall:FleeingMerchant","floor":12,"turns":4},{"damage":9,"enemies":"2 Fungi Beasts","floor":13,"turns":3},{"damage":43,"enemies":"2 Fungi Beasts","floor":14,"turns":5},{"damage":4,"enemies":"3 Louse","floor":15,"turns":1},{"damage":69,"enemies":"downfall:Silent","floor":16,"turns":14}],"seed_played":"4680114822397045241","potions_obtained":[{"floor":6,"key":"FearPotion"},{"floor":9,"key":"champ:UltimateStancePotion"},{"floor":13,"key":"Energy Potion"}],"is_trial":false,"path_per_floor":["R","E","M","M","R","E","T","R","E","R","M","$","M","?","M","B"],"character_chosen":"THE_CHAMP","items_purchased":["Fruit Juice"],"campfire_rested":3,"item_purchase_floors":[12],"current_hp_per_floor":[90,51,47,46,73,48,48,75,59,86,86,86,82,44,44,0,0],"gold":196,"neow_bonus":"RANDOM_COMMON_RELIC","is_daily":false,"chose_seed":false,"campfire_upgraded":0,"win_rate":0.0,"timestamp":1608390278,"path_taken":["R","E","M","M","R","E","T","R","E","R","M","$","M","?","M","BOSS"],"items_purchased_type":["Potion"],"build_version":"2020-12-13","purchased_purges":0,"victory":false,"max_hp_per_floor":[90,90,90,90,90,90,90,90,90,90,90,90,90,90,90,90,90],"card_choices":[{"not_picked":["champ:GladiatorsShout","champ:FalseCounter"],"picked":"champ:GladiatorStyle","floor":2},{"not_picked":["champ:BerserkersShout","champ:AdrenalArmor"],"picked":"champ:FanOfKnives","floor":3},{"not_picked":["champ:DeathBlow","champ:FanOfKnives"],"picked":"champ:Control","floor":4},{"not_picked":["champ:SwordSigil","champ:DefensiveShout"],"picked":"champ:Control","floor":6},{"not_picked":["champ:BladeFlurry","champ:Shatter"],"picked":"champ:HoldFirm","floor":9},{"not_picked":["champ:PerfectedStrike","champ:TornadoPunch","champ:AdrenalArmor"],"picked":"SKIP","floor":11},{"not_picked":["champ:TornadoPunch","champ:Encircle"],"picked":"champ:Haymaker","floor":12},{"not_picked":["champ:RageSigil","champ:GladiatorsShout"],"picked":"champ:Backstep","floor":13},{"not_picked":["champ:PerfectedStrike","champ:Backstep"],"picked":"champ:FanOfKnives","floor":14},{"not_picked":["champ:GladiatorsShout","champ:BerserkerStyle"],"picked":"champ:VampiricStrike","floor":15}],"player_experience":2289710,"relics_obtained":[{"floor":2,"key":"Matryoshka"},{"floor":6,"key":"champ:FightingForDummies"},{"floor":7,"key":"Tiny Chest"},{"floor":7,"key":"Akabeko"},{"floor":9,"key":"Mummified Hand"}],"event_choices":[],"is_beta":false,"boss_relics":[],"items_purged_floors":[],"is_endless":false,"potions_floor_spawned":[6,9,13,14,15],"killed_by":"downfall:Silent","ascension_level":4}}