{"host":"pew4fjlaqz7m1maf","time":1608397741,"event":{"mods":["AchievementEnabler","Act Like it!","Bartender","BaseMod","Bestiary","Booster Modes","Colored Map","Colored Powertips","Curses Come First","DeckTracker","Duelist Mod","GifTheSpireLib","Hallownest","Hero for Fun","Hyrulean Relics","Jedi Mod","Kalas","LagranYue(ùfäiòNÅEåé)","Magitek Elite","MarisaÅiñ∂âJÅ@ñÇóùçπÅj","Melee Mod","Minty Spire (QoL Compilation)","Prisma Mod","Quick Restart","Random Character Button","Rare Cards Sparkle","Relic Stats","Replay The Spire","SOSÅiézîb?îVéqÅj","StSLib","Td1madao Mod","The Animator","The Bug Knight","The Mystic","The Senshi","The Servant 0.9.4","The Wild Card","TheHero","TheWitcher","Uncapped","Waifu the Spire","Åyå˜î\ModÅz?ñæìIç≈?Boss"],"gold_per_floor":[112,287,287,571,571,571,571,571,571,571,571,571,571,571,571,571,571,571,571,571,571,541,541,541,216,216,216,216,216,216,15,15,15,15,104,104,116,132,155,155,50,50,85,100,100,100,117,117,171,184,184,184,184],"floor_reached":52,"playtime":3573,"items_purged":["meleeMod_Jab","meleeMod_Jab"],"score":663,"play_id":"009c9ab1-e453-4fd8-bad0-959e8040b761","local_time":"20201219100901","is_ascension_mode":false,"campfire_choices":[{"data":"meleeMod_SomebodyClipThat","floor":7,"key":"SMITH"},{"data":"meleeMod_ForwardTilt","floor":13,"key":"SMITH"},{"data":"meleeMod_SoftKnee","floor":15,"key":"SMITH"},{"data":"meleeMod_Randall","floor":23,"key":"SMITH"},{"floor":27,"key":"REST"},{"data":"meleeMod_UpAir","floor":30,"key":"SMITH"},{"floor":34,"key":"RECALL"},{"data":"meleeMod_Gentleman","floor":42,"key":"SMITH"},{"data":"meleeMod_ShieldPoke","floor":46,"key":"SMITH"},{"data":"meleeMod_DownTilt","floor":48,"key":"SMITH"},{"data":"meleeMod_PhantomHit","floor":51,"key":"SMITH"}],"circlet_count":0,"master_deck":["meleeMod_Jab","meleeMod_Jab","meleeMod_Shield","meleeMod_Shield","meleeMod_Shield","meleeMod_NeutralAir","meleeMod_BackAir","meleeMod_SoftKnee+1","meleeMod_FalconDive","meleeMod_CommandGrab","meleeMod_Gentleman","meleeMod_SomebodyClipThat+1","ReplayTheSpireMod:Splinters","meleeMod_ForwardTilt+1","meleeMod_ShieldPoke+1","meleeMod_DownSmash","meleeMod_Randall+1","meleeMod_BackAir","meleeMod_Roll","meleeMod_UpAir+1","Shame","meleeMod_AmsahTech","meleeMod_ForwardTilt","meleeMod_WallJump+1","meleeMod_DownTilt+1","meleeMod_UpAir+1","meleeMod_CommandGrab","meleeMod_CommandGrab","meleeMod_BMoveSpecialist+1","Delirium","meleeMod_SweetSpot+1","meleeMod_PhantomHit+1","animator:Curse_GriefSeed","animator:Curse_GriefSeed","Forgetful","meleeMod_UpTilt+1","meleeMod_Gentleman+1","meleeMod_SoftKnee+1","meleeMod_PowerShield","meleeMod_NoDI+1","meleeMod_UpTilt+1","meleeMod_MindReader","meleeMod_FalconDive","meleeMod_UpAir+1"],"relics":["meleeMod_LosersMang0","LagranYue:RandomDrawCardRelic","NeowsBlessing","jedi:ominousloannote","jedi:purplefairy","Ribbon","Blue Doll","Tiny Chest","Runic Pyramid","Mercury Hourglass","Du-Vu Doll","Bag of Preparation","Ring of Misfortune","Replay:Ancient Bell","meleeMod_NonNeutralStart","meleeMod_FourStock","meleeMod_YearsOfResearch","Pet Ghost","Bottled Tornado","Prayer Wheel","Simple Rune"],"acts_visited":["Exordium","TheCity","TheBeyond"],"potions_floor_usage":[16,33,35,35],"damage_taken":[{"damage":0,"enemies":"2 Louse","floor":1,"turns":1},{"damage":0,"enemies":"Small Slimes","floor":5,"turns":1},{"damage":0,"enemies":"HollowMod:MossKnight","floor":6,"turns":1},{"damage":6,"enemies":"Replay:BlueRogue","floor":10,"turns":4},{"damage":7,"enemies":"Jaw Worm","floor":11,"turns":3},{"damage":7,"enemies":"3 Louse","floor":12,"turns":4},{"damage":7,"enemies":"Large Slime","floor":14,"turns":3},{"damage":34,"enemies":"Slime Boss","floor":16,"turns":11},{"damage":7,"enemies":"Shell Parasite","floor":18,"turns":4},{"damage":14,"enemies":"2 Thieves","floor":22,"turns":2},{"damage":18,"enemies":"Snake Plant","floor":24,"turns":3},{"damage":5,"enemies":"Sentry and Sphere","floor":33,"turns":4},{"damage":8,"enemies":"Automaton","floor":35,"turns":6},{"damage":2,"enemies":"3 Darklings","floor":37,"turns":3},{"damage":2,"enemies":"3 Shapes","floor":38,"turns":2},{"damage":1,"enemies":"HollowMod:StalkingDevout","floor":43,"turns":3},{"damage":0,"enemies":"Transient","floor":44,"turns":5},{"damage":21,"enemies":"Maw","floor":47,"turns":5},{"damage":27,"enemies":"Writhing Mass","floor":50,"turns":4},{"damage":67,"enemies":"Awakened One","floor":52,"turns":7}],"seed_played":"7441825231297614574","potions_obtained":[{"floor":1,"key":"LiquidMemories"},{"floor":10,"key":"Cursed Concoction"},{"floor":11,"key":"GamblersBrew"},{"floor":16,"key":"BlessingOfTheForge"},{"floor":22,"key":"Dexterity Potion"},{"floor":38,"key":"Elixir"},{"floor":47,"key":"jedi:wingpotion"}],"is_trial":false,"path_per_floor":["M","?","?","$","M","E","R","?","T","E","M","M","R","M","R","B",null,"M","?","?","T","M","R","M","$","T","R","PTL","PTL","R","$","?","M","R","B",null,"M","M","T","?","$","R","E","M","T","R","M","R","T","M","R","B"],"character_chosen":"FALCON","items_purchased":["jedi:ominousloannote","meleeMod_FalconDive","meleeMod_CommandGrab","meleeMod_WallJump+1","Bag of Preparation","meleeMod_DownTilt","meleeMod_UpAir","meleeMod_CommandGrab","meleeMod_BMoveSpecialist","meleeMod_SoftKnee+1","meleeMod_PowerShield"],"campfire_rested":1,"item_purchase_floors":[4,4,4,25,25,25,25,31,31,41,41],"current_hp_per_floor":[85,85,78,78,78,78,79,79,79,73,66,59,69,62,72,38,85,78,78,78,78,64,69,51,51,51,76,76,76,85,85,85,80,80,72,85,83,81,81,81,81,85,84,84,84,85,64,74,74,47,48,0,0],"gold":184,"neow_bonus":"THREE_ENEMY_KILL","is_daily":false,"chose_seed":false,"campfire_upgraded":9,"win_rate":0.0,"timestamp":1608397741,"path_taken":["M","?","?","$","M","E","R","?","T","E","M","M","R","?","R","BOSS","M","?","?","?","M","R","?","?","T","R","PTL","PTL","R","$","?","M","R","BOSS","M","M","?","?","?","R","E","?","T","R","M","R","?","M","R","BOSS"],"items_purchased_type":["Relic","Card","Card","Card","Relic","Card","Card","Card","Card","Card","Card"],"build_version":"2020-12-13","purchased_purges":2,"victory":false,"max_hp_per_floor":[85,85,85,85,85,85,85,85,85,85,85,85,85,85,85,85,85,85,85,85,85,85,85,85,85,85,85,85,85,85,85,85,85,85,85,85,85,85,85,85,85,85,85,85,85,85,85,85,85,85,85,85,85],"relic_stats":{"counters":[20,76],"Tiny Chest":3,"Prayer Wheel":2,"Bag of Preparation":[18],"obtain_stats":[{"LagranYue:RandomDrawCardRelic":0,"NeowsBlessing":0,"jedi:purplefairy":6,"Blue Doll":9,"Bag of Preparation":25,"Replay:Ancient Bell":36,"Bottled Tornado":43,"meleeMod_YearsOfResearch":36,"Pet Ghost":39,"Mercury Hourglass":20,"Du-Vu Doll":21,"meleeMod_TeamBeerMang0":0,"jedi:ominousloannote":4,"Ribbon":8,"Ring of Misfortune":32,"Tiny Chest":10,"Prayer Wheel":45,"Simple Rune":49,"meleeMod_FourStock":36,"meleeMod_NonNeutralStart":36,"meleeMod_LosersMang0":52,"Runic Pyramid":17},{"LagranYue:RandomDrawCardRelic":0,"NeowsBlessing":0,"jedi:purplefairy":3,"Blue Doll":3,"Bag of Preparation":11,"Replay:Ancient Bell":13,"Bottled Tornado":16,"meleeMod_YearsOfResearch":13,"Pet Ghost":15,"Mercury Hourglass":9,"Du-Vu Doll":9,"meleeMod_TeamBeerMang0":0,"jedi:ominousloannote":1,"Ribbon":3,"Ring of Misfortune":11,"Tiny Chest":4,"Prayer Wheel":17,"Simple Rune":18,"meleeMod_FourStock":13,"meleeMod_NonNeutralStart":13,"meleeMod_LosersMang0":20,"Runic Pyramid":8},{"LagranYue:RandomDrawCardRelic":0,"NeowsBlessing":0,"jedi:purplefairy":3,"Blue Doll":3,"Bag of Preparation":37,"Replay:Ancient Bell":47,"Bottled Tornado":55,"meleeMod_YearsOfResearch":47,"Pet Ghost":52,"Mercury Hourglass":32,"Du-Vu Doll":32,"meleeMod_TeamBeerMang0":0,"jedi:ominousloannote":1,"Ribbon":3,"Ring of Misfortune":37,"Tiny Chest":7,"Prayer Wheel":60,"Simple Rune":65,"meleeMod_FourStock":47,"meleeMod_NonNeutralStart":47,"meleeMod_LosersMang0":76,"Runic Pyramid":28}],"Mercury Hourglass":[189]},"card_choices":[{"not_picked":["meleeMod_L_Cancel","meleeMod_Cautious"],"picked":"meleeMod_SoftKnee","floor":1},{"not_picked":["meleeMod_BabActivated","meleeMod_AirDodge"],"picked":"meleeMod_Gentleman","floor":5},{"not_picked":["meleeMod_SuperSpicyCurry","meleeMod_DownAir"],"picked":"meleeMod_SomebodyClipThat","floor":6},{"not_picked":["meleeMod_SuperMushroom","meleeMod_UpAir"],"picked":"meleeMod_ForwardTilt","floor":8},{"not_picked":["meleeMod_EdgeGuard","meleeMod_PowerShield"],"picked":"meleeMod_ShieldPoke","floor":10},{"not_picked":["meleeMod_FalconDive","meleeMod_NoDI"],"picked":"meleeMod_DownSmash","floor":11},{"not_picked":["meleeMod_NoDI","meleeMod_Gentleman"],"picked":"meleeMod_Randall","floor":12},{"not_picked":["meleeMod_FalconKick","meleeMod_RockCrock"],"picked":"meleeMod_BackAir","floor":14},{"not_picked":["meleeMod_BlueFalcon","meleeMod_LoseStock"],"picked":"meleeMod_Roll","floor":16},{"not_picked":["meleeMod_DashDance","meleeMod_NeutralAir"],"picked":"meleeMod_UpAir+1","floor":18},{"not_picked":["meleeMod_ShieldDrop","meleeMod_Moonwalking+1"],"picked":"meleeMod_AmsahTech","floor":22},{"not_picked":["meleeMod_SuperSpicyCurry+1","meleeMod_Wildfire"],"picked":"meleeMod_ForwardTilt","floor":24},{"not_picked":["meleeMod_UpSmash+1","meleeMod_RockCrock"],"picked":"meleeMod_SweetSpot+1","floor":33},{"not_picked":["meleeMod_EdgeGuard","meleeMod_SomebodyClipThat"],"picked":"meleeMod_PhantomHit","floor":35},{"not_picked":["Amnesia","Shame"],"picked":"animator:Curse_GriefSeed","floor":36},{"not_picked":["ReplayTheSpireMod:IOU","ReplayTheSpireMod:Doomed"],"picked":"animator:Curse_GriefSeed","floor":36},{"not_picked":["animator:Curse_Nutcracker","animator:Curse_GriefSeed"],"picked":"Forgetful","floor":36},{"not_picked":["meleeMod_ForwardTilt","meleeMod_SoftKnee"],"picked":"meleeMod_UpTilt+1","floor":37},{"not_picked":["meleeMod_DropZone","meleeMod_UpSmash+1"],"picked":"meleeMod_Gentleman","floor":38},{"not_picked":["meleeMod_Taunt","meleeMod_Grab"],"picked":"meleeMod_NoDI+1","floor":43},{"not_picked":["meleeMod_RaptorBoost","meleeMod_CommandGrab"],"picked":"meleeMod_UpTilt+1","floor":44},{"not_picked":["meleeMod_DashDance","meleeMod_SuperMushroom"],"picked":"meleeMod_MindReader","floor":47},{"not_picked":["meleeMod_DashDance","meleeMod_CommandGrab"],"picked":"meleeMod_FalconDive","floor":47},{"not_picked":["meleeMod_ForwardSmash","meleeMod_GetUpAttack"],"picked":"meleeMod_UpAir+1","floor":50},{"not_picked":["meleeMod_DownTilt","meleeMod_NeutralAir","meleeMod_CommandGrab+1"],"picked":"SKIP","floor":50}],"player_experience":52912,"relics_obtained":[{"floor":6,"key":"jedi:purplefairy"},{"floor":8,"key":"Ribbon"},{"floor":9,"key":"Blue Doll"},{"floor":10,"key":"Tiny Chest"},{"floor":21,"key":"Du-Vu Doll"},{"floor":32,"key":"Ring of Misfortune"},{"floor":39,"key":"Pet Ghost"},{"floor":43,"key":"Bottled Tornado"},{"floor":45,"key":"Prayer Wheel"},{"floor":49,"key":"Simple Rune"}],"event_choices":[{"damage_healed":0,"gold_gain":175,"player_choice":"AGREE","damage_taken":0,"max_hp_gain":0,"max_hp_loss":0,"event_name":"Liars Game","floor":2,"gold_loss":0,"cards_obtained":["Doubt"]},{"cards_removed":["Doubt"],"damage_healed":0,"gold_gain":0,"player_choice":"Card Removal","damage_taken":7,"max_hp_gain":0,"max_hp_loss":0,"event_name":"Golden Wing","floor":3,"gold_loss":0},{"damage_healed":0,"gold_gain":0,"player_choice":"Ignored","damage_taken":0,"max_hp_gain":0,"max_hp_loss":0,"event_name":"Vampires","floor":19,"gold_loss":0},{"damage_healed":0,"gold_gain":0,"player_choice":"Stole Relic","damage_taken":0,"relics_obtained":["Mercury Hourglass"],"max_hp_gain":0,"max_hp_loss":0,"event_name":"Addict","floor":20,"gold_loss":0,"cards_obtained":["Shame"]},{"cards_removed":["meleeMod_Shield"],"damage_healed":0,"gold_gain":0,"player_choice":"Removed Skill","damage_taken":0,"max_hp_gain":0,"max_hp_loss":0,"event_name":"Falling","floor":40,"gold_loss":0}],"is_beta":false,"boss_relics":[{"not_picked":["jedi:battlestandard","Fusion Hammer"],"picked":"Runic Pyramid"},{"not_picked":["jedi:paperlyon","Calling Bell"],"picked":"Replay:Ancient Bell"},{"not_picked":["Omamori","meleeMod_PeoplesChamp"],"picked":"meleeMod_NonNeutralStart"},{"not_picked":["Replay:Bottled Steam","White_Cape"],"picked":"meleeMod_FourStock"},{"not_picked":["Bird Faced Urn","Replay:Towering Pillar of Hats"],"picked":"meleeMod_YearsOfResearch"}],"items_purged_floors":[25,31],"is_endless":false,"potions_floor_spawned":[1,10,11,16,22,38,47],"killed_by":"Awakened One","ascension_level":0}}