{"host":"yuhy0i501zzmn1iz","time":1608355483,"event":{"mods":["BaseMod","Better Third Choice","Downfall","Minty Spire (QoL Compilation)","StSLib","The Blue Laboratory"],"gold_per_floor":[349,366,366,218,318,332,332,364,364,392,392,412,431,531,544,544,544],"floor_reached":16,"playtime":921,"items_purged":[],"score":135,"play_id":"d199ca42-45d2-43b4-ad09-58cb45f12571","local_time":"20201219002443","is_ascension_mode":false,"campfire_choices":[{"data":"Slimebound:Split","floor":1,"key":"SMITH"},{"floor":3,"key":"REST"},{"floor":9,"key":"REST"}],"circlet_count":0,"master_deck":["Slimebound:Strike_Slimebound","Slimebound:Strike_Slimebound","Slimebound:Strike_Slimebound","Slimebound:Tackle","Slimebound:Defend_Slimebound","Slimebound:Defend_Slimebound","Slimebound:Defend_Slimebound","Slimebound:Defend_Slimebound","Slimebound:Split+1","Slimebound:CorrosiveSpit","Slimebound:Prepare","Slimebound:MassRepurpose","Slimebound:TongueLash","Slimebound:SamplingLick","Slimebound:Schlurp","Slimebound:SamplingLick","Slimebound:SamplingLick","Slimebound:SamplingLick","Slimebound:LivingWall","Slimebound:GrowthPunch"],"relics":["Slimebound:AbsorbEndCombat","Gremlin Horn","Slimebound:AggressiveSlimeRelic","Blood Vial","Frozen Egg 2"],"acts_visited":["Exordium"],"potions_floor_usage":[16],"damage_taken":[{"damage":9,"enemies":"2 Louse","floor":2,"turns":2},{"damage":14,"enemies":"downfall:FleeingMerchant","floor":4,"turns":4},{"damage":19,"enemies":"Jaw Worm","floor":6,"turns":5},{"damage":34,"enemies":"Lagavulin","floor":8,"turns":6},{"damage":33,"enemies":"Gremlin Nob","floor":10,"turns":4},{"damage":12,"enemies":"Small Slimes","floor":12,"turns":2},{"damage":13,"enemies":"Red Slaver","floor":13,"turns":3},{"damage":18,"enemies":"3 Louse","floor":15,"turns":2},{"damage":83,"enemies":"downfall:Defect","floor":16,"turns":6}],"seed_played":"247650319409841354","potions_obtained":[{"floor":8,"key":"blueLaboratory:BottleOfRum"},{"floor":12,"key":"Ancient Potion"},{"floor":13,"key":"Energy Potion"}],"is_trial":false,"path_per_floor":["R","M","R","$","?","M","T","E","R","E","?","M","M","?","M","B"],"character_chosen":"SLIMEBOUND","items_purchased":["Slimebound:TongueLash","Slimebound:SamplingLick"],"campfire_rested":2,"item_purchase_floors":[4,4],"current_hp_per_floor":[42,35,53,53,53,46,46,32,50,43,36,44,49,49,51,0,0],"gold":544,"neow_bonus":"TWO_FIFTY_GOLD","is_daily":false,"chose_seed":false,"campfire_upgraded":1,"win_rate":0.0,"timestamp":1608355483,"path_taken":["R","M","R","$","?","M","T","E","R","E","?","M","M","?","M","BOSS"],"items_purchased_type":["Card","Card"],"build_version":"2020-12-13","purchased_purges":0,"victory":false,"max_hp_per_floor":[60,60,60,60,60,60,60,60,60,60,60,60,60,60,60,60,60],"card_choices":[{"not_picked":["Slimebound:LeechingTouch","Slimebound:Schlurp"],"picked":"Slimebound:Prepare","floor":2},{"not_picked":["Slimebound:DivideAndConquer","Slimebound:Chomp"],"picked":"Slimebound:MassRepurpose","floor":4},{"not_picked":["Slimebound:PressTheAttack","Slimebound:ForwardTackle"],"picked":"Slimebound:Schlurp","floor":6},{"not_picked":["Slimebound:PressTheAttack","Slimebound:SplitAcid"],"picked":"Slimebound:SamplingLick","floor":8},{"not_picked":["Slimebound:FinishingTackle","Slimebound:LeechEnergy"],"picked":"Slimebound:SamplingLick","floor":10},{"not_picked":["Slimebound:LeechingTouch","Slimebound:SplitBruiser"],"picked":"Slimebound:SamplingLick","floor":12},{"not_picked":["Slimebound:Repurpose","Slimebound:SplitLeeching"],"picked":"Slimebound:LivingWall","floor":13},{"not_picked":["Slimebound:ServeAndProtect","Slimebound:SlimeTap"],"picked":"Slimebound:GrowthPunch","floor":15}],"player_experience":209044,"relics_obtained":[{"floor":7,"key":"Gremlin Horn"},{"floor":8,"key":"Slimebound:AggressiveSlimeRelic"},{"floor":10,"key":"Blood Vial"}],"event_choices":[{"damage_healed":0,"gold_gain":0,"player_choice":"Success","damage_taken":7,"relics_obtained":["Frozen Egg 2"],"max_hp_gain":0,"max_hp_loss":0,"event_name":"Scrap Ooze","floor":11,"gold_loss":0}],"is_beta":false,"boss_relics":[],"items_purged_floors":[],"is_endless":false,"potions_floor_spawned":[8,12,13],"killed_by":"downfall:Defect","ascension_level":0}}