{"host":"uy3vg6glkp8m6iit","time":1608380746,"event":{"mods":["AchievementEnabler","BaseMod","Colored Map","DeckTracker","Highlight Path","Keyboard Shortcuts","Minty Spire (QoL Compilation)","Quick Restart","Random Character Button","Rare Cards Sparkle","Relic Stats","StSLib","everything is the same but u backflip on backflip"],"gold_per_floor":[110,126,141,157,168,194,194,227,239,251,277,289,301,313,325,439,451,481,526,538,550,580,621,651,81,134,134,144,156,156,170,170,273,273,286,286,306,106,119,119,119],"floor_reached":40,"playtime":1832,"items_purged":["Strike_G","Bullet Time"],"score":525,"play_id":"4e8251e4-54ac-42a1-ae20-b73d95a26b0e","local_time":"20201219212546","is_ascension_mode":true,"campfire_choices":[{"data":"Crippling Poison","floor":7.0,"key":"SMITH"},{"data":"Caltrops","floor":10.0,"key":"SMITH"},{"floor":12.0,"key":"REST"},{"data":"Well Laid Plans","floor":15.0,"key":"SMITH"},{"floor":30.0,"key":"REST"},{"data":"Calculated Gamble","floor":32.0,"key":"SMITH"}],"circlet_count":0,"master_deck":["Survivor","Neutralize","Dash","Well Laid Plans+1","Caltrops+1","Cloak And Dagger","Predator","Backflip","Crippling Poison+1","Malaise","Deadly Poison+1","Tactician","Acrobatics","Infinite Blades","Calculated Gamble+1","Catalyst","Night Terror","Dagger Throw","Night Terror","Infinite Blades","Acrobatics","Endless Agony","Infinite Blades","Acrobatics+1","Backflip"],"relics":["Ring of the Snake","Smiling Mask","MawBank","Bottled Lightning","Snecko Eye","Red Mask","Tiny Chest","OrangePellets","Kunai","Regal Pillow","Pandora\u0027s Box"],"acts_visited":["Exordium","TheCity","TheBeyond"],"potions_floor_usage":[33,33,33],"damage_taken":[{"damage":7.0,"enemies":"Cultist","floor":1.0,"turns":4.0},{"damage":0.0,"enemies":"2 Louse","floor":2.0,"turns":3.0},{"damage":0.0,"enemies":"Jaw Worm","floor":3.0,"turns":6.0},{"damage":2.0,"enemies":"Large Slime","floor":4.0,"turns":6.0},{"damage":0.0,"enemies":"Red Slaver","floor":5.0,"turns":4.0},{"damage":12.0,"enemies":"3 Sentries","floor":6.0,"turns":9.0},{"damage":6.0,"enemies":"Lagavulin","floor":8.0,"turns":6.0},{"damage":4.0,"enemies":"2 Fungi Beasts","floor":11.0,"turns":4.0},{"damage":39.0,"enemies":"Slime Boss","floor":16.0,"turns":13.0},{"damage":0.0,"enemies":"2 Thieves","floor":18.0,"turns":3.0},{"damage":4.0,"enemies":"Masked Bandits","floor":19.0,"turns":3.0},{"damage":0.0,"enemies":"Chosen","floor":22.0,"turns":4.0},{"damage":5.0,"enemies":"Slavers","floor":23.0,"turns":5.0},{"damage":7.0,"enemies":"Snake Plant","floor":24.0,"turns":4.0},{"damage":11.0,"enemies":"3 Cultists","floor":28.0,"turns":5.0},{"damage":16.0,"enemies":"Chosen and Byrds","floor":29.0,"turns":5.0},{"damage":17.0,"enemies":"Cultist and Chosen","floor":31.0,"turns":6.0},{"damage":23,"enemies":"Collector","floor":33,"turns":7},{"damage":0,"enemies":"Orb Walker","floor":35,"turns":2},{"damage":0,"enemies":"3 Darklings","floor":37,"turns":3},{"damage":19,"enemies":"Jaw Worm Horde","floor":39,"turns":7},{"damage":18,"enemies":"Giant Head","floor":40,"turns":5}],"seed_played":"7381398486791653746","potions_obtained":[{"floor":1.0,"key":"Poison Potion"},{"floor":4.0,"key":"Regen Potion"},{"floor":6.0,"key":"FearPotion"},{"floor":8.0,"key":"ColorlessPotion"},{"floor":18.0,"key":"PowerPotion"},{"floor":23.0,"key":"PowerPotion"},{"floor":24.0,"key":"Strength Potion"},{"floor":29.0,"key":"Swift Potion"},{"floor":31.0,"key":"CultistPotion"}],"is_trial":false,"path_per_floor":["M","M","M","M","M","E","R","E","T","R","M","R","$","?","R","B",null,"M","?","?","?","M","E","M","$","T","?","M","M","R","M","R","B",null,"M","?","M","$","M","E"],"character_chosen":"THE_SILENT","items_purchased":["OrangePellets","Acrobatics","Kunai","Infinite Blades","Backflip","SmokeBomb"],"campfire_rested":2,"item_purchase_floors":[25,25,25,25,38,38],"current_hp_per_floor":[42,42,42,40,40,28,28,22,22,22,18,39,39,39,39,14,56,56,52,52,52,52,47,40,40,40,40,29,13,49,32,32,9,55,55,55,55,55,36,18,18],"gold":119,"neow_bonus":"TRANSFORM_TWO_CARDS","is_daily":false,"chose_seed":false,"campfire_upgraded":4,"win_rate":0.0,"timestamp":1608380746,"path_taken":["M","?","?","?","M","E","R","E","T","R","M","R","$","?","R","BOSS","M","?","?","?","?","E","M","$","T","?","M","M","R","M","R","BOSS","M","?","M","$","M","E"],"items_purchased_type":["Relic","Card","Relic","Card","Card","Potion"],"build_version":"2020-12-13","purchased_purges":2,"victory":false,"max_hp_per_floor":[70,70,70,70,70,70,70,70,70,70,70,70,70,70,70,70,70,70,70,70,70,70,70,70,70,70,70,70,70,70,70,70,70,70,70,66,66,66,66,66,66],"relic_stats":{"OrangePellets":[14],"Regal Pillow":15,"counters":[22,114],"Snecko Eye":[91,75,80,75],"Tiny Chest":0,"Pandora\u0027s Box":["Dagger Throw","Night Terror","Infinite Blades","Bullet Time","Acrobatics","Endless Agony","Infinite Blades"],"Kunai":[20],"Smiling Mask":75,"MawBank":204,"obtain_stats":[{"OrangePellets":25,"Regal Pillow":26,"Snecko Eye":17,"Tiny Chest":23,"Pandora\u0027s Box":34,"Red Mask":19,"Bottled Lightning":9,"Kunai":25,"Smiling Mask":6,"MawBank":8,"Ring of the Snake":0},{"OrangePellets":14,"Regal Pillow":14,"Snecko Eye":9,"Tiny Chest":13,"Pandora\u0027s Box":18,"Red Mask":11,"Bottled Lightning":7,"Kunai":14,"Smiling Mask":6,"MawBank":7,"Ring of the Snake":0},{"OrangePellets":74,"Regal Pillow":74,"Snecko Eye":55,"Tiny Chest":70,"Pandora\u0027s Box":97,"Red Mask":61,"Bottled Lightning":38,"Kunai":74,"Smiling Mask":32,"MawBank":38,"Ring of the Snake":0}],"Ring of the Snake":[44]},"card_choices":[{"not_picked":["Bane","Sucker Punch"],"picked":"Caltrops","floor":1.0},{"not_picked":["Expertise","Flying Knee"],"picked":"Cloak And Dagger","floor":2.0},{"not_picked":["Phantasmal Killer","Deflect"],"picked":"Predator","floor":3.0},{"not_picked":["Sucker Punch","Blade Dance"],"picked":"Backflip","floor":4.0},{"not_picked":["Flechettes","Poisoned Stab"],"picked":"Crippling Poison","floor":5.0},{"not_picked":["Backflip","Underhanded Strike","Finisher"],"picked":"SKIP","floor":6.0},{"not_picked":["Setup","Dodge and Roll","Deadly Poison"],"picked":"SKIP","floor":8.0},{"not_picked":["Slice","Deflect","Flying Knee"],"picked":"SKIP","floor":11.0},{"not_picked":["Tools of the Trade","Night Terror"],"picked":"Malaise","floor":16.0},{"not_picked":["Endless Agony","Setup"],"picked":"Deadly Poison+1","floor":18.0},{"not_picked":["Well Laid Plans+1","Setup+1"],"picked":"Tactician","floor":22.0},{"not_picked":["Cloak And Dagger+1","Masterful Stab+1","Slice+1"],"picked":"SKIP","floor":23.0},{"not_picked":["PiercingWail","Noxious Fumes","Dagger Throw"],"picked":"SKIP","floor":24.0},{"not_picked":["Heel Hook","Endless Agony","Backflip"],"picked":"SKIP","floor":28.0},{"not_picked":["Finisher","Backflip+1","Sucker Punch"],"picked":"SKIP","floor":29.0},{"not_picked":["Blur","Sucker Punch+1"],"picked":"Catalyst","floor":31.0},{"not_picked":["Unload","Burst"],"picked":"Night Terror","floor":33},{"not_picked":["Noxious Fumes","Deflect+1"],"picked":"Acrobatics+1","floor":35},{"not_picked":["Dagger Spray+1","Underhanded Strike","Expertise+1"],"picked":"SKIP","floor":37},{"not_picked":["Riddle With Holes","Quick Slash","Dodge and Roll+1"],"picked":"SKIP","floor":39}],"player_experience":1427361,"relics_obtained":[{"floor":6.0,"key":"Smiling Mask"},{"floor":8.0,"key":"MawBank"},{"floor":9.0,"key":"Bottled Lightning"},{"floor":19.0,"key":"Red Mask"},{"floor":23.0,"key":"Tiny Chest"},{"floor":26.0,"key":"Regal Pillow"}],"event_choices":[{"damage_healed":0.0,"max_hp_gain":0.0,"max_hp_loss":0.0,"gold_gain":0.0,"event_name":"The Cleric","player_choice":"Leave","floor":14.0,"gold_loss":0.0,"damage_taken":0.0},{"damage_healed":0.0,"max_hp_gain":0.0,"max_hp_loss":0.0,"gold_gain":0.0,"event_name":"Masked Bandits","player_choice":"Fought Bandits","floor":19.0,"gold_loss":0.0,"damage_taken":0.0},{"damage_healed":0.0,"max_hp_gain":0.0,"max_hp_loss":0.0,"gold_gain":0.0,"event_name":"Beggar","player_choice":"Ignored","floor":20.0,"gold_loss":0.0,"damage_taken":0.0},{"damage_healed":0.0,"max_hp_gain":0.0,"max_hp_loss":0.0,"gold_gain":0.0,"event_name":"Match and Keep!","player_choice":"0 cards matched","floor":21.0,"gold_loss":0.0,"damage_taken":0.0,"cards_obtained":[]},{"damage_healed":0.0,"max_hp_gain":0.0,"max_hp_loss":0.0,"gold_gain":0.0,"event_name":"The Library","player_choice":"Read","floor":27.0,"gold_loss":0.0,"damage_taken":0.0,"cards_obtained":["Calculated Gamble"]},{"damage_healed":0,"gold_gain":0,"player_choice":"Max HP","damage_taken":0,"max_hp_gain":0,"max_hp_loss":4,"event_name":"Winding Halls","floor":36,"gold_loss":0}],"is_beta":false,"boss_relics":[{"not_picked":["Fusion Hammer","Calling Bell"],"picked":"Snecko Eye"},{"not_picked":["WristBlade","Black Star"],"picked":"Pandora\u0027s Box"}],"items_purged_floors":[25,38],"is_endless":false,"potions_floor_spawned":[1,4,6,8,18,23,24,29,31],"killed_by":"Giant Head","ascension_level":5}}