{"host":"mqhvlr3kpxebko0t","time":1608358538,"event":{"mods":["AchievementEnabler","BaseMod","Colored Map","Colored Powertips","Keyboard Shortcuts","Minty Spire (QoL Compilation)","StSLib","SuperFastMode"],"gold_per_floor":[113,130,148,161,171,171,199,124,124,194,194,40,70,80,80,80,80],"floor_reached":16,"playtime":241,"items_purged":["Strike_R"],"score":204,"play_id":"e691f867-9867-4d47-8a62-83fd9ff93b26","local_time":"20201219151538","is_ascension_mode":true,"campfire_choices":[{"data":"Blood for Blood","floor":6,"key":"SMITH"},{"data":"Shockwave","floor":11,"key":"SMITH"},{"data":"Bash","floor":15,"key":"SMITH"}],"circlet_count":0,"master_deck":["AscendersBane","Strike_R","Strike_R","Strike_R","Defend_R","Defend_R","Defend_R","Bash+1","Shrug It Off","Shockwave+1","Power Through","Blood for Blood+1","Shrug It Off","Immolate+1","Feed+1"],"relics":["Burning Blood","Odd Mushroom","Centennial Puzzle","Molten Egg 2","Potion Belt"],"acts_visited":["Exordium"],"potions_floor_usage":[5,16],"damage_taken":[{"damage":14,"enemies":"Jaw Worm","floor":1,"turns":3},{"damage":8,"enemies":"2 Louse","floor":2,"turns":3},{"damage":0,"enemies":"Cultist","floor":3,"turns":4},{"damage":25,"enemies":"Looter","floor":4,"turns":4},{"damage":38,"enemies":"Exordium Thugs","floor":5,"turns":7},{"damage":7,"enemies":"The Mushroom Lair","floor":7,"turns":5},{"damage":21,"enemies":"Gremlin Nob","floor":13,"turns":4},{"damage":0,"enemies":"3 Louse","floor":14,"turns":1},{"damage":32,"enemies":"The Guardian","floor":16,"turns":11}],"seed_played":"-1448417681869740791","potions_obtained":[{"floor":2,"key":"Dexterity Potion"},{"floor":4,"key":"BloodPotion"},{"floor":7,"key":"FairyPotion"},{"floor":13,"key":"EssenceOfSteel"}],"is_trial":false,"path_per_floor":["M","M","M","M","M","R","?","$","T","T","R","$","E","M","R","B"],"character_chosen":"IRONCLAD","items_purchased":["Immolate+1"],"campfire_rested":0,"item_purchase_floors":[12],"current_hp_per_floor":[60,58,64,45,26,26,25,25,25,25,25,25,10,16,16,4,4],"gold":80,"neow_bonus":"REMOVE_TWO","is_daily":false,"chose_seed":false,"campfire_upgraded":3,"win_rate":0.0,"timestamp":1608358538,"path_taken":["M","M","M","M","M","R","?","$","T","?","R","$","E","M","R","BOSS"],"items_purchased_type":["Card"],"build_version":"2020-12-13","purchased_purges":1,"victory":false,"max_hp_per_floor":[68,68,68,68,68,68,68,68,68,68,68,68,68,68,68,68,68],"card_choices":[{"not_picked":["Armaments","Perfected Strike"],"picked":"Shrug It Off","floor":1},{"not_picked":["Sever Soul","Shrug It Off"],"picked":"Shockwave","floor":2},{"not_picked":["Metallicize","Spot Weakness"],"picked":"Power Through","floor":3},{"not_picked":["Dark Embrace","Headbutt"],"picked":"Blood for Blood","floor":4},{"not_picked":["Reckless Charge","Burning Pact"],"picked":"Shrug It Off","floor":5},{"not_picked":["Clothesline+1","Warcry"],"picked":"Feed+1","floor":13},{"not_picked":["Headbutt+1","Hemokinesis+1","Anger+1"],"picked":"SKIP","floor":14}],"player_experience":646404,"relics_obtained":[{"floor":7,"key":"Odd Mushroom"},{"floor":9,"key":"Centennial Puzzle"},{"floor":10,"key":"Molten Egg 2"},{"floor":13,"key":"Potion Belt"}],"event_choices":[{"damage_healed":0,"gold_gain":0,"player_choice":"Fought Mushrooms","damage_taken":0,"max_hp_gain":0,"max_hp_loss":0,"event_name":"Mushrooms","floor":7,"gold_loss":0}],"is_beta":false,"boss_relics":[],"items_purged_floors":[8],"is_endless":false,"potions_floor_spawned":[2,4,7,13],"killed_by":"The Guardian","ascension_level":20}}