{"host":"6gnjg44wf0nz538o","time":1608421397,"event":{"mods":["AchievementEnabler","BaseMod","BetterRewards","Colored Map","Minty Spire (QoL Compilation)","Replay The Spire","Spicy Shops","StSLib","The Servant 0.9.4"],"gold_per_floor":[118,132,132,182,193,221,233,270,309,321,394,189,246,266,266,368,368,427,427,427,138,157,191,205,219,292,292,348,368,387,402,402,402,402],"floor_reached":33,"playtime":2161,"items_purged":[],"score":533,"play_id":"2b56e420-bf1a-48bd-b367-c8f2ef414a0a","local_time":"20201219184317","is_ascension_mode":false,"campfire_choices":[{"data":"FanOfKnives","floor":7.0,"key":"SMITH"},{"floor":15.0,"key":"REST"},{"floor":27.0,"key":"REST"},{"floor":32,"key":"REST"}],"circlet_count":0,"master_deck":["Strike_S","Strike_S","Strike_S","Strike_S","Defend_S","Defend_S","Defend_S","KidneyShot","Exchange","Spin","Defy","Contraction+1","FanOfKnives+1","Starlight","ShatteredReality","Spreading Infection","TimeWarp","Rearm","WasteNot","SoulSculpture","ReplayTheSpireMod:Splinters","ReplayTheSpireMod:Doomed","Clumsy","FlawlessForm","Defy+1","Defy+1","Sunlight","CommonCold","Ricochet","GearUp+1","Moonlight","SpecialFormula+1","Ricochet+1","SurpressingFire","LightFlow+1"],"relics":["Uniform","Orichalcum","Replay:Ancient Bell","MawBank","Pet Ghost","Ring of Fury","ReplayTheSpireMod:Ring of Challenge","Chemical X","Regal Pillow","Toy Ornithopter","Toxic Egg 2","Replay:Arrowhead","Replay:Bottled Steam","ReplayTheSpireMod:CursedCoin","Replay:Rubber Ducky","Mirror","Molten Egg 2"],"acts_visited":["Exordium","TheCity"],"potions_floor_usage":[30,31,33],"damage_taken":[{"damage":9.0,"enemies":"Jaw Worm","floor":1.0,"turns":4.0},{"damage":0.0,"enemies":"2 Louse","floor":2.0,"turns":1.0},{"damage":0.0,"enemies":"Cultist","floor":5.0,"turns":3.0},{"damage":13.0,"enemies":"Gremlin Nob","floor":6.0,"turns":5.0},{"damage":3.0,"enemies":"Replay:BlueRogue","floor":8.0,"turns":5.0},{"damage":5.0,"enemies":"Gremlin Gang","floor":11.0,"turns":3.0},{"damage":18.0,"enemies":"Blue Slaver","floor":13.0,"turns":2.0},{"damage":0.0,"enemies":"3 Louse","floor":14.0,"turns":1.0},{"damage":32.0,"enemies":"The Guardian","floor":16.0,"turns":8.0},{"damage":0.0,"enemies":"Chosen","floor":18.0,"turns":3.0},{"damage":19.0,"enemies":"2 Thieves","floor":22.0,"turns":3.0},{"damage":24.0,"enemies":"Slavers","floor":23.0,"turns":4.0},{"damage":14.0,"enemies":"Centurion and Healer","floor":24.0,"turns":5.0},{"damage":10.0,"enemies":"Sentry and Sphere","floor":25.0,"turns":5.0},{"damage":24.0,"enemies":"Snake Plant","floor":28.0,"turns":3.0},{"damage":9,"enemies":"Snecko","floor":29,"turns":3},{"damage":6,"enemies":"Sentry and Sphere","floor":30,"turns":4},{"damage":0,"enemies":"Cultist and Chosen","floor":31,"turns":5},{"damage":70,"enemies":"Automaton","floor":33,"turns":12}],"seed_played":"-2446127559020144098","potions_obtained":[{"floor":11.0,"key":"Flashbang"},{"floor":13.0,"key":"PowerPotion"},{"floor":16.0,"key":"Milkshake"},{"floor":23.0,"key":"GamblersBrew"},{"floor":28.0,"key":"Cursed Concoction"},{"floor":29,"key":"LifebloodPotion"},{"floor":30,"key":"Weak Potion"}],"is_trial":false,"path_per_floor":["M","M","?","?","M","E","R","E","T","?","M","$","M","M","R","B",null,"M","?","?","$","M","E","M","M","T","R","M","M","M","M","R","B"],"character_chosen":"THE_SERVANT","items_purchased":["Orichalcum","Chemical X","Regal Pillow","Replay:Bottled Steam","Defy+1","ReplayTheSpireMod:CursedCoin","Sunlight"],"campfire_rested":3,"item_purchase_floors":[0,12,12,21,21,21,21],"current_hp_per_floor":[56,56,56,56,56,43,43,40,40,40,35,35,17,17,51,19,65,65,65,65,65,46,27,13,8,8,42,18,9,8,21,55,0,0],"gold":402,"neow_bonus":"","is_daily":false,"chose_seed":false,"campfire_upgraded":1,"win_rate":0.0,"timestamp":1608421397,"path_taken":["M","M","?","?","M","E","R","E","T","?","?","?","?","M","R","BOSS","M","?","?","?","M","E","M","M","T","R","?","M","M","M","R","BOSS"],"items_purchased_type":["Relic","Relic","Relic","Relic","Card","Relic","Card"],"build_version":"2020-12-13","purchased_purges":0,"victory":false,"max_hp_per_floor":[65,65,65,65,65,65,65,65,65,65,65,65,65,65,65,65,65,65,65,65,65,65,65,65,65,65,65,65,65,65,65,65,65,65],"card_choices":[{"not_picked":["Revamp","Alleviate"],"picked":"Spin","floor":1.0},{"not_picked":["Spin","Unruled"],"picked":"Defy","floor":2.0},{"not_picked":["Starlight","Potential"],"picked":"FanOfKnives","floor":5.0},{"not_picked":["BestPractice","ShatteredReality"],"picked":"Starlight","floor":6.0},{"not_picked":["GearUp","Solidify"],"picked":"ShatteredReality","floor":8.0},{"not_picked":["Read","Rewind"],"picked":"TimeWarp","floor":11.0},{"not_picked":["Spin","ShatteredReality"],"picked":"Rearm","floor":13.0},{"not_picked":["Manipulate","ShiftingGears"],"picked":"WasteNot","floor":14.0},{"not_picked":["Initiator","Deny"],"picked":"SoulSculpture","floor":16.0},{"not_picked":["ReplayTheSpireMod:IOU","Parasite"],"picked":"ReplayTheSpireMod:Splinters","floor":17.0},{"not_picked":["Languid","Overencumbered"],"picked":"ReplayTheSpireMod:Doomed","floor":17.0},{"not_picked":["ReplayTheSpireMod:Restless Dread","Doubt"],"picked":"Clumsy","floor":17.0},{"not_picked":["Contraction+1","Starlight","Gouge"],"picked":"SKIP","floor":18.0},{"not_picked":["Rewind+1","Shuttle+1","Unruled"],"picked":"SKIP","floor":22.0},{"not_picked":["MoonPhase+1","Replace+1"],"picked":"Ricochet","floor":23.0},{"not_picked":["Rewind+1","TimeWarp"],"picked":"GearUp+1","floor":24.0},{"not_picked":["Moondial+1","ShatteredReality"],"picked":"Moonlight","floor":25.0},{"not_picked":["RealityMarble","BottledTime+1"],"picked":"SpecialFormula+1","floor":28.0},{"not_picked":["Unruled+1","Defy+1"],"picked":"Ricochet+1","floor":29},{"not_picked":["ShatteredReality+1","Comet+1"],"picked":"SurpressingFire","floor":30},{"not_picked":["FastForward+1","StarChef+1"],"picked":"LightFlow+1","floor":31}],"player_experience":506613,"relics_obtained":[{"floor":6.0,"key":"MawBank"},{"floor":8.0,"key":"Pet Ghost"},{"floor":10.0,"key":"Ring of Fury"},{"floor":10.0,"key":"ReplayTheSpireMod:Ring of Challenge"},{"floor":23.0,"key":"Replay:Rubber Ducky"},{"floor":26.0,"key":"Mirror"},{"floor":28.0,"key":"Molten Egg 2"}],"event_choices":[{"damage_healed":0.0,"max_hp_gain":0.0,"max_hp_loss":0.0,"gold_gain":50.0,"event_name":"Golden Wing","player_choice":"Gained Gold","floor":4.0,"gold_loss":0.0,"damage_taken":0.0},{"damage_healed":0.0,"max_hp_gain":0.0,"max_hp_loss":0.0,"gold_gain":0.0,"event_name":"Vampires","player_choice":"Ignored","floor":19.0,"gold_loss":0.0,"damage_taken":0.0},{"damage_healed":0.0,"max_hp_gain":0.0,"max_hp_loss":0.0,"gold_gain":0.0,"event_name":"The Library","player_choice":"Read","floor":20.0,"gold_loss":0.0,"damage_taken":0.0,"cards_obtained":["FlawlessForm"]}],"is_beta":false,"boss_relics":[{"not_picked":["Replay:Mystery Machine","MealTicket"],"picked":"Toy Ornithopter"},{"not_picked":["ReplayTheSpireMod:Shallot","Frozen Egg 2"],"picked":"Toxic Egg 2"},{"not_picked":["Gambling Chip","Ginger"],"picked":"Replay:Arrowhead"}],"items_purged_floors":[],"is_endless":false,"potions_floor_spawned":[11,13,16,23,28,29,30],"killed_by":"Automaton","ascension_level":0}}