{"host":"0msxzbajcl1c78mb","time":1608356607,"event":{"mods":["AchievementEnabler","BaseMod","Colored Map","Colored Powertips","Highlight Path","Minty Spire (QoL Compilation)","Relic Sorter","Relic Stats","StSLib","The Jungle","everything is the same but u backflip on backflip"],"gold_per_floor":[115,129,147,147,72,100,100,117,188,188,223,240,269,169,169,264,264,274,293,218,231,330,356,356,390,390,390,156,189,203,203,203],"floor_reached":31,"playtime":1969,"items_purged":["Defend_B","Strike_B","Strike_B"],"score":543,"play_id":"a2b6d6ed-20e2-4947-8c6b-d367b0496461","local_time":"20201219004327","is_ascension_mode":true,"campfire_choices":[{"data":"Streamline","floor":10,"key":"SMITH"},{"data":"Creative AI","floor":15,"key":"SMITH"},{"data":"Machine Learning","floor":24,"key":"SMITH"},{"floor":27,"key":"REST"}],"circlet_count":0,"master_deck":["Defend_B+1","Defend_B","Defend_B","Zap","Dualcast+1","CurseOfTheBell","Streamline+1","Rainbow","Ball Lightning","Conserve Battery","Ball Lightning","Go for the Eyes","Creative AI+1","Cold Snap","Machine Learning+1","Defragment+1","Aggregate+1","Self Repair","Normality","Capacitor"],"relics":["Calling Bell","Sundial","FossilizedHelix","War Paint","Pear","Mercury Hourglass","Symbiotic Virus","Matryoshka","Gambling Chip","Cursed Key","Smiling Mask","Blood Vial","Tiny Chest","Pantograph","DataDisk","Bottled Lightning"],"acts_visited":["Exordium","TheCity"],"potions_floor_usage":[21,23,25,29,31],"damage_taken":[{"damage":0,"enemies":"Small Slimes","floor":1,"turns":3},{"damage":9,"enemies":"Jaw Worm","floor":2,"turns":5},{"damage":0,"enemies":"Cultist","floor":3,"turns":3},{"damage":15,"enemies":"Lagavulin","floor":6,"turns":6},{"damage":0,"enemies":"Looter","floor":8,"turns":2},{"damage":0,"enemies":"Gremlin Nob","floor":11,"turns":3},{"damage":1,"enemies":"3 Louse","floor":12,"turns":3},{"damage":11,"enemies":"Lagavulin","floor":13,"turns":5},{"damage":0,"enemies":"Slime Boss","floor":16,"turns":5},{"damage":0,"enemies":"Shell Parasite","floor":18,"turns":4},{"damage":4,"enemies":"Chosen","floor":19,"turns":3},{"damage":0,"enemies":"Snecko","floor":21,"turns":3},{"damage":15,"enemies":"Book of Stabbing","floor":23,"turns":4},{"damage":21,"enemies":"Gremlin Leader","floor":25,"turns":5},{"damage":60,"enemies":"Book of Stabbing","floor":29,"turns":6},{"damage":4,"enemies":"Centurion and Healer","floor":30,"turns":6},{"damage":17,"enemies":"Snake Plant","floor":31,"turns":2}],"seed_played":"4743728800375858047","potions_obtained":[{"floor":2,"key":"ColorlessPotion"},{"floor":6,"key":"Strength Potion"},{"floor":12,"key":"Ancient Potion"},{"floor":18,"key":"DuplicationPotion"},{"floor":25,"key":"Weak Potion"},{"floor":29,"key":"Fire Potion"},{"floor":30,"key":"Energy Potion"}],"is_trial":false,"path_per_floor":["M","M","M","?","$","E","T","M","T","R","E","M","E","$","R","B",null,"M","M","?","M","?","E","R","E","T","R","$","E","M","M"],"character_chosen":"DEFECT","items_purchased":["Capacitor","DataDisk"],"campfire_rested":1,"item_purchase_floors":[28,28],"current_hp_per_floor":[68,59,59,59,59,54,54,54,54,54,54,53,42,42,42,42,74,74,70,70,70,70,55,55,34,34,59,59,8,13,0,0],"gold":203,"neow_bonus":"BOSS_RELIC","is_daily":false,"chose_seed":false,"campfire_upgraded":3,"win_rate":0.0,"timestamp":1608356607,"path_taken":["M","M","M","?","$","E","?","?","T","R","E","M","E","$","R","BOSS","M","M","?","M","?","E","R","E","T","R","$","E","M","M"],"items_purchased_type":["Card","Relic"],"build_version":"2020-12-13","purchased_purges":3,"victory":false,"max_hp_per_floor":[75,75,75,75,75,85,85,85,85,85,85,85,85,85,85,85,85,85,85,85,85,85,85,85,85,85,85,85,85,85,85,85],"relic_stats":{"Blood Vial":6,"counters":[17,67],"Sundial":[10],"Gambling Chip":[25],"Pantograph":0,"Tiny Chest":0,"War Paint":["Defend_B","Dualcast"],"Cursed Key":1,"Smiling Mask":75,"obtain_stats":[{"Pear":6,"War Paint":0,"Cursed Key":17,"Smiling Mask":23,"Mercury Hourglass":7,"Calling Bell":0,"Blood Vial":25,"DataDisk":28,"Matryoshka":11,"Sundial":0,"Gambling Chip":13,"Pantograph":26,"Tiny Chest":26,"Bottled Lightning":29,"Cracked Core":0,"Symbiotic Virus":9,"FossilizedHelix":0},{"Pear":4,"War Paint":0,"Cursed Key":9,"Smiling Mask":13,"Mercury Hourglass":4,"Calling Bell":0,"Blood Vial":14,"DataDisk":14,"Matryoshka":6,"Sundial":0,"Gambling Chip":8,"Pantograph":14,"Tiny Chest":14,"Bottled Lightning":15,"Cracked Core":0,"Symbiotic Virus":5,"FossilizedHelix":0},{"Pear":17,"War Paint":0,"Cursed Key":34,"Smiling Mask":48,"Mercury Hourglass":17,"Calling Bell":0,"Blood Vial":53,"DataDisk":53,"Matryoshka":22,"Sundial":0,"Gambling Chip":29,"Pantograph":53,"Tiny Chest":53,"Bottled Lightning":59,"Cracked Core":0,"Symbiotic Virus":19,"FossilizedHelix":0}],"Mercury Hourglass":[175]},"card_choices":[{"not_picked":["Turbo","Go for the Eyes"],"picked":"Streamline","floor":1},{"not_picked":["Stack","Redo"],"picked":"Rainbow","floor":2},{"not_picked":["Auto Shields","Beam Cell"],"picked":"Ball Lightning","floor":3},{"not_picked":["Go for the Eyes","Rip and Tear"],"picked":"Ball Lightning","floor":6},{"not_picked":["Blizzard","Steam"],"picked":"Go for the Eyes","floor":8},{"not_picked":["Hologram","All For One"],"picked":"Creative AI","floor":11},{"not_picked":["Rebound","Steam Power","Blizzard"],"picked":"SKIP","floor":12},{"not_picked":["Heatsinks","Conserve Battery"],"picked":"Cold Snap","floor":13},{"not_picked":["Rainbow","Seek"],"picked":"Machine Learning","floor":16},{"not_picked":["Steam","Recycle","Streamline"],"picked":"SKIP","floor":18},{"not_picked":["Turbo","Go for the Eyes","Gash"],"picked":"SKIP","floor":19},{"not_picked":["Heatsinks","Ball Lightning"],"picked":"Defragment+1","floor":21},{"not_picked":["Ball Lightning","Stack"],"picked":"Aggregate+1","floor":23},{"not_picked":["Gash","Beam Cell+1"],"picked":"Self Repair","floor":25},{"not_picked":["Barrage","Compile Driver+1","Hologram"],"picked":"SKIP","floor":29},{"not_picked":["Heatsinks","Lockon","Auto Shields"],"picked":"SKIP","floor":30}],"player_experience":271354,"relics_obtained":[{"floor":0,"key":"Sundial"},{"floor":0,"key":"FossilizedHelix"},{"floor":0,"key":"War Paint"},{"floor":6,"key":"Pear"},{"floor":7,"key":"Mercury Hourglass"},{"floor":9,"key":"Symbiotic Virus"},{"floor":11,"key":"Matryoshka"},{"floor":13,"key":"Gambling Chip"},{"floor":23,"key":"Smiling Mask"},{"floor":25,"key":"Blood Vial"},{"floor":26,"key":"Tiny Chest"},{"floor":26,"key":"Pantograph"},{"floor":29,"key":"Bottled Lightning"}],"event_choices":[{"damage_healed":0,"gold_gain":0,"cards_transformed":["Strike_B"],"player_choice":"Change","damage_taken":0,"max_hp_gain":0,"max_hp_loss":0,"event_name":"Living Wall","floor":4,"gold_loss":0,"cards_obtained":["Conserve Battery"]},{"cards_removed":["Strike_B"],"damage_healed":0,"gold_gain":0,"player_choice":"Gave Gold","damage_taken":0,"max_hp_gain":0,"max_hp_loss":0,"event_name":"Beggar","floor":20,"gold_loss":75},{"damage_healed":0,"gold_gain":99,"player_choice":"Stole From Cult","damage_taken":0,"max_hp_gain":0,"max_hp_loss":0,"event_name":"Nest","floor":22,"gold_loss":0}],"is_beta":false,"boss_relics":[{"not_picked":["Snecko Eye","Velvet Choker"],"picked":"Cursed Key"}],"items_purged_floors":[5,14,28],"is_endless":false,"potions_floor_spawned":[2,6,12,18,25,29,30],"killed_by":"Snake Plant","ascension_level":8}}