{"host":"q9718omregw4er46","time":1608355567,"event":{"mods":["BaseMod","Bestiary","Colored Powertips","Custom Start","Highlight Path","Minty Spire (QoL Compilation)","Practice Mode","Quick Restart","Relic Stats"],"gold_per_floor":[113,29,29,29,48,79,91,166,166,184,184,184,209,227,227,299,299,299,299],"floor_reached":18,"playtime":456,"items_purged":[],"score":332,"play_id":"7a0afbf7-1cac-43ef-8a7c-bc69205a55c2","local_time":"20201219102607","is_ascension_mode":true,"campfire_choices":[{"floor":12,"key":"REST"},{"floor":15,"key":"REST"}],"circlet_count":0,"master_deck":["AscendersBane","Strike_B","Strike_B","Strike_B","Strike_B","Defend_B","Defend_B+1","Defend_B","Defend_B","Zap","Dualcast+1","Capacitor","Capacitor","Pain","Ball Lightning","Coolheaded","Steam","Ball Lightning","Rainbow"],"relics":["Cracked Core","NeowsBlessing","WarpedTongs","Happy Flower","HornCleat","Juzu Bracelet","War Paint","Philosopher\u0027s Stone"],"acts_visited":["Exordium","TheCity"],"potions_floor_usage":[16],"damage_taken":[{"damage":0,"enemies":"Jaw Worm","floor":1,"turns":1},{"damage":0,"enemies":"Cultist","floor":5,"turns":1},{"damage":12,"enemies":"3 Sentries","floor":6,"turns":3},{"damage":5,"enemies":"Small Slimes","floor":7,"turns":3},{"damage":8,"enemies":"3 Louse","floor":10,"turns":4},{"damage":22,"enemies":"Lagavulin","floor":13,"turns":7},{"damage":0,"enemies":"Looter","floor":14,"turns":3},{"damage":36,"enemies":"Slime Boss","floor":16,"turns":11},{"damage":56,"enemies":"3 Byrds","floor":18,"turns":4}],"seed_played":"255202797171077061","potions_obtained":[{"floor":6,"key":"SkillPotion"},{"floor":13,"key":"EssenceOfSteel"},{"floor":14,"key":"FearPotion"},{"floor":16,"key":"SteroidPotion"}],"is_trial":false,"path_per_floor":["M","$","?","$","M","E","M","?","T","M","?","R","E","M","R","B",null,"M"],"character_chosen":"DEFECT","items_purchased":["Capacitor"],"campfire_rested":2,"item_purchase_floors":[2],"current_hp_per_floor":[64,64,64,64,64,52,47,36,36,28,23,44,22,22,43,7,55,0,0],"gold":299,"neow_bonus":"THREE_ENEMY_KILL","is_daily":false,"chose_seed":false,"campfire_upgraded":0,"win_rate":0.0,"timestamp":1608355567,"path_taken":["M","$","?","$","?","E","M","?","T","M","?","R","E","M","R","BOSS","M"],"items_purchased_type":["Card"],"build_version":"2020-12-13","purchased_purges":0,"victory":false,"max_hp_per_floor":[71,71,71,71,71,71,71,71,71,71,71,71,71,71,71,71,71,71,71],"relic_stats":{"Happy Flower":[10],"counters":[9,37],"Juzu Bracelet":0,"War Paint":["Defend_B","Dualcast"],"obtain_stats":[{"HornCleat":9,"NeowsBlessing":0,"Happy Flower":6,"Philosopher\u0027s Stone":17,"Juzu Bracelet":11,"War Paint":13,"Cracked Core":0,"WarpedTongs":3},{"HornCleat":4,"NeowsBlessing":0,"Happy Flower":3,"Philosopher\u0027s Stone":8,"Juzu Bracelet":5,"War Paint":6,"Cracked Core":0,"WarpedTongs":1},{"HornCleat":8,"NeowsBlessing":0,"Happy Flower":5,"Philosopher\u0027s Stone":33,"Juzu Bracelet":12,"War Paint":19,"Cracked Core":0,"WarpedTongs":1}],"WarpedTongs":[35]},"card_choices":[{"not_picked":["Leap","Streamline"],"picked":"Capacitor","floor":1},{"not_picked":["Chill","Double Energy"],"picked":"Ball Lightning","floor":5},{"not_picked":["Redo","Skim"],"picked":"Coolheaded","floor":6},{"not_picked":["Gash","Rip and Tear"],"picked":"Steam","floor":7},{"not_picked":["Double Energy","Sweeping Beam","Barrage"],"picked":"SKIP","floor":10},{"not_picked":["Streamline","Barrage"],"picked":"Ball Lightning","floor":13},{"not_picked":["Conserve Battery","Leap"],"picked":"Rainbow","floor":14}],"player_experience":1058040,"relics_obtained":[{"floor":6,"key":"Happy Flower"},{"floor":9,"key":"HornCleat"},{"floor":13,"key":"War Paint"}],"event_choices":[{"damage_healed":0,"gold_gain":0,"player_choice":"Rummage","damage_taken":0,"relics_obtained":["WarpedTongs"],"max_hp_gain":0,"max_hp_loss":0,"event_name":"Accursed Blacksmith","floor":3,"gold_loss":0,"cards_obtained":["Pain"]},{"damage_healed":0,"gold_gain":75,"player_choice":"Gather Gold","damage_taken":11,"max_hp_gain":0,"max_hp_loss":0,"event_name":"World of Goop","floor":8,"gold_loss":0},{"damage_healed":0,"gold_gain":0,"player_choice":"Success","damage_taken":5,"relics_obtained":["Juzu Bracelet"],"max_hp_gain":0,"max_hp_loss":0,"event_name":"Scrap Ooze","floor":11,"gold_loss":0}],"is_beta":false,"boss_relics":[{"not_picked":["Runic Dome","Tiny House"],"picked":"Philosopher\u0027s Stone"}],"items_purged_floors":[],"is_endless":false,"potions_floor_spawned":[6,13,14,16],"killed_by":"3 Byrds","ascension_level":19}}