{"host":"u2grshebrc5rdzdn","time":1608397366,"event":{"mods":["AchievementEnabler","BaseMod","Minty Spire (QoL Compilation)","StSLib"],"gold_per_floor":[111,42,60,73,73,104,116,157,194,206,230,259,271,324,336,467,479,514,547,559,14,14,14,33,33,33,76,76,76,91,91,91],"floor_reached":31,"playtime":1394,"items_purged":["Writhe"],"score":318,"play_id":"42813ce2-e6b4-4b25-84cd-37f4cb117991","local_time":"20201219180246","is_ascension_mode":true,"campfire_choices":[{"data":"Zap","floor":7,"key":"SMITH"},{"floor":10,"key":"REST"},{"floor":15,"key":"REST"},{"data":"Echo Form","floor":23,"key":"SMITH"},{"data":"Streamline","floor":25,"key":"SMITH"},{"floor":28,"key":"REST"}],"circlet_count":0,"master_deck":["Strike_B","Strike_B","Defend_B","Defend_B","Defend_B","Defend_B","Zap+1","Dualcast","Force Field","Undo","Sweeping Beam","Capacitor","Self Repair","Streamline+1","Doom and Gloom","Electrodynamics","Hologram","Hologram","Echo Form+1","Conserve Battery+1","Self Repair","The Bomb","Electrodynamics","Necronomicurse","White Noise"],"relics":["Cracked Core","Potion Belt","Lantern","Golden Idol","Akabeko","Snecko Eye","Smiling Mask","Pantograph","Nloth\u0027s Gift","Cables","Ancient Tea Set","Necronomicon"],"acts_visited":["Exordium","TheCity"],"potions_floor_usage":[14,19,30],"damage_taken":[{"damage":0,"enemies":"Small Slimes","floor":1,"turns":4},{"damage":9,"enemies":"2 Louse","floor":3,"turns":3},{"damage":7,"enemies":"Jaw Worm","floor":4,"turns":3},{"damage":8,"enemies":"Red Slaver","floor":6,"turns":6},{"damage":37,"enemies":"Lagavulin","floor":8,"turns":9},{"damage":7,"enemies":"Exordium Wildlife","floor":11,"turns":3},{"damage":8,"enemies":"Blue Slaver","floor":12,"turns":5},{"damage":10,"enemies":"3 Sentries","floor":14,"turns":4},{"damage":9,"enemies":"The Guardian","floor":16,"turns":11},{"damage":15,"enemies":"Spheric Guardian","floor":18,"turns":5},{"damage":9,"enemies":"2 Thieves","floor":19,"turns":2},{"damage":4,"enemies":"Chosen and Byrds","floor":24,"turns":3},{"damage":19,"enemies":"Slavers","floor":27,"turns":4},{"damage":14,"enemies":"Centurion and Healer","floor":30,"turns":3},{"damage":42,"enemies":"Book of Stabbing","floor":31,"turns":5}],"seed_played":"-4570444242096102360","potions_obtained":[{"floor":4,"key":"Energy Potion"},{"floor":8,"key":"AttackPotion"},{"floor":11,"key":"BlessingOfTheForge"},{"floor":19,"key":"Fruit Juice"},{"floor":24,"key":"DistilledChaos"}],"is_trial":false,"path_per_floor":["M","$","M","M","?","M","R","E","T","R","M","M","?","E","R","B",null,"M","M","?","$","?","R","M","R","T","E","R","?","M","E"],"character_chosen":"DEFECT","items_purchased":["Capacitor","Pantograph","Self Repair","The Bomb"],"campfire_rested":3,"item_purchase_floors":[2,21,21,21],"current_hp_per_floor":[68,68,59,52,40,39,39,9,9,29,29,28,28,18,36,34,63,55,58,58,58,58,58,54,54,54,35,55,39,39,0,0],"gold":91,"neow_bonus":"TRANSFORM_TWO_CARDS","is_daily":false,"chose_seed":false,"campfire_upgraded":3,"win_rate":0.0,"timestamp":1608397366,"path_taken":["M","$","M","M","?","M","R","E","T","R","M","M","?","E","R","BOSS","M","M","?","$","?","R","?","R","T","E","R","?","M","E"],"items_purchased_type":["Card","Relic","Card","Card"],"build_version":"2020-12-13","purchased_purges":1,"victory":false,"max_hp_per_floor":[68,68,68,68,68,68,68,68,68,68,68,68,63,63,63,63,63,63,68,68,68,68,68,68,68,68,68,68,68,68,68,68],"card_choices":[{"not_picked":["Barrage","Aggregate"],"picked":"Sweeping Beam","floor":1},{"not_picked":["Beam Cell","Redo"],"picked":"Self Repair","floor":3},{"not_picked":["Leap","Rebound"],"picked":"Streamline","floor":4},{"not_picked":["Leap","Turbo"],"picked":"Doom and Gloom","floor":6},{"not_picked":["Consume","Reboot"],"picked":"Electrodynamics","floor":8},{"not_picked":["Sweeping Beam","Double Energy"],"picked":"Hologram","floor":11},{"not_picked":["Double Energy","Reprogram"],"picked":"Hologram","floor":12},{"not_picked":["Hello World","Stack","Compile Driver"],"picked":"SKIP","floor":14},{"not_picked":["Hyperbeam","Meteor Strike"],"picked":"Echo Form","floor":16},{"not_picked":["Turbo","Leap"],"picked":"Conserve Battery+1","floor":18},{"not_picked":["Reinforced Body+1","Ball Lightning","Genetic Algorithm"],"picked":"SKIP","floor":19},{"not_picked":["Consume","Auto Shields","Gash+1"],"picked":"SKIP","floor":24},{"not_picked":["Core Surge","Barrage"],"picked":"Electrodynamics","floor":27},{"not_picked":["Ball Lightning+1","Hello World+1"],"picked":"White Noise","floor":30}],"player_experience":297280,"relics_obtained":[{"floor":8,"key":"Potion Belt"},{"floor":9,"key":"Lantern"},{"floor":14,"key":"Akabeko"},{"floor":26,"key":"Cables"},{"floor":27,"key":"Ancient Tea Set"},{"floor":29,"key":"Necronomicon"}],"event_choices":[{"damage_healed":0,"gold_gain":0,"player_choice":"Success","damage_taken":12,"relics_obtained":["MawBank"],"max_hp_gain":0,"max_hp_loss":0,"event_name":"Scrap Ooze","floor":5,"gold_loss":0},{"damage_healed":0,"gold_gain":0,"player_choice":"Lose Max HP","damage_taken":0,"relics_obtained":["Golden Idol"],"max_hp_gain":0,"max_hp_loss":5,"event_name":"Golden Idol","floor":13,"gold_loss":0},{"damage_healed":0,"gold_gain":0,"player_choice":"Opened","damage_taken":0,"relics_obtained":["Smiling Mask"],"max_hp_gain":0,"max_hp_loss":0,"event_name":"The Mausoleum","floor":20,"gold_loss":0,"cards_obtained":["Writhe"]},{"damage_healed":0,"gold_gain":0,"player_choice":"Traded Relic","damage_taken":0,"relics_obtained":["Nloth\u0027s Gift"],"max_hp_gain":0,"max_hp_loss":0,"event_name":"N\u0027loth","floor":22,"relics_lost":["MawBank"],"gold_loss":0},{"damage_healed":0,"gold_gain":0,"player_choice":"Obtained Book","damage_taken":16,"max_hp_gain":0,"max_hp_loss":0,"event_name":"Cursed Tome","floor":29,"gold_loss":0}],"is_beta":false,"boss_relics":[{"not_picked":["Runic Pyramid","Fusion Hammer"],"picked":"Snecko Eye"}],"items_purged_floors":[21],"is_endless":false,"potions_floor_spawned":[4,8,11,19,24],"killed_by":"Book of Stabbing","ascension_level":4}}