{"host":"d7qmn60fs48wu5y6","time":1608410757,"event":{"mods":["BaseMod","Downfall","Marisa????????","Minty Spire (QoL Compilation)","Shade Mod","StSLib","The Bug Knight","The Cursed","The Disciple","The Necromancer","The Servant 0.9.4"],"gold_per_floor":[99,46,46,61,88,102,125,50,35,64,81,100,100,123,141,238,238,163,263,280,311,311,336,407,407,433,433,12,12,23,40,54,152,152,152,171,202,202,219,219,300,225,238,238,258,258,277,56,74,74,74,109,41,41,41],"floor_reached":56,"playtime":2976,"items_purged":["Strike_W","Strike_W","Strike_W"],"score":1225,"play_id":"fa9e9200-bf99-4087-b53d-bd1202ec0b07","local_time":"20201219124557","is_ascension_mode":false,"campfire_choices":[{"floor":1,"key":"RECALL"},{"data":"Siphon_Strength","floor":3,"key":"SMITH"},{"data":"Blood_Curse","floor":8,"key":"SMITH"},{"data":"Cloudkill","floor":18,"key":"SMITH"},{"data":"Blood_Is_Power","floor":22,"key":"SMITH"},{"data":"Negative_Energy_Arrows","floor":27,"key":"SMITH"},{"data":"Summon_Death_Knight","floor":35,"key":"SMITH"},{"data":"Defend_W","floor":38,"key":"SMITH"},{"data":"Violent_Necrosis","floor":42,"key":"SMITH"},{"data":"Summon_Undead","floor":44,"key":"SMITH"},{"floor":54,"key":"REST"}],"circlet_count":0,"master_deck":["Defend_W","Defend_W+1","Defend_W+1","Negative_Energy_Arrows+1","Bone_Wall+1","Negative_Energy_Javelin","Siphon_Strength+1","Violent_Necrosis+1","Blood_Curse+1","Negative_Energy_Burst","Summon_Undead+1","Chill_Blood","Siphon_Strength","Cloudkill+1","Negative_Energy_Javelin","Summon_Undead+1","Blood_Is_Power+1","Life_Tap+1","Spectral_Walk+1","Epidemic+1","Chill_Blood+1","Negative_Energy_Shield+1","Siphon_Strength+1","Summon_Death_Knight+1","Negative_Energy_Burst+1","Blood_for_Blood+1","sneckomod:Bewildered","Parasite","Summon_Lich","Bandage Up+1","Siphon_Strength+1","Grasp_Heart+1","Spectral_Armor+1"],"relics":["Vampire_Amulet","Mercury Hourglass","War Paint","downfall:HeartBlessingRed","Akabeko","downfall:ShatteredFragment","Odd Mushroom","SacredBark","downfall:HeartBlessingGreen","Calipers","Shuriken","Oddly Smooth Stone","Toxic Egg 2","downfall:RedIOU","Happy Flower","Pantograph","Cursed Key","Molten Egg 2","downfall:HeartBlessingBlue","Centennial Puzzle"],"acts_visited":["Exordium","TheCity","TheBeyond","TheEnding"],"potions_floor_usage":[5,16,43,49,49],"damage_taken":[{"damage":0,"enemies":"downfall:FleeingMerchant","floor":2,"turns":4},{"damage":0,"enemies":"Jaw Worm","floor":4,"turns":3},{"damage":16,"enemies":"3 Sentries","floor":5,"turns":9},{"damage":0,"enemies":"2 Louse","floor":6,"turns":2},{"damage":0,"enemies":"downfall:FleeingMerchant","floor":9,"turns":4},{"damage":12,"enemies":"Lagavulin","floor":10,"turns":5},{"damage":0,"enemies":"Small Slimes","floor":11,"turns":1},{"damage":4,"enemies":"Gremlin Gang","floor":12,"turns":2},{"damage":4,"enemies":"The Mushroom Lair","floor":14,"turns":2},{"damage":0,"enemies":"Exordium Thugs","floor":15,"turns":2},{"damage":9,"enemies":"downfall:Silent","floor":16,"turns":4},{"damage":8,"enemies":"downfall:Defect","floor":19,"turns":5},{"damage":0,"enemies":"3 Byrds","floor":20,"turns":3},{"damage":0,"enemies":"downfall:FleeingMerchant","floor":21,"turns":4},{"damage":5,"enemies":"Book of Stabbing","floor":23,"turns":3},{"damage":11,"enemies":"Gremlin Leader","floor":26,"turns":4},{"damage":2,"enemies":"Snake Plant","floor":30,"turns":2},{"damage":3,"enemies":"Cultist and Chosen","floor":31,"turns":4},{"damage":2,"enemies":"Sentry and Sphere","floor":32,"turns":4},{"damage":38,"enemies":"downfall:Ironclad","floor":33,"turns":6},{"damage":0,"enemies":"3 Shapes","floor":36,"turns":2},{"damage":10,"enemies":"Reptomancer","floor":37,"turns":4},{"damage":0,"enemies":"3 Darklings","floor":39,"turns":4},{"damage":11,"enemies":"Spire Growth","floor":43,"turns":5},{"damage":14,"enemies":"Writhing Mass","floor":45,"turns":4},{"damage":25,"enemies":"Maw","floor":47,"turns":7},{"damage":22,"enemies":"Spire Growth","floor":49,"turns":4},{"damage":10,"enemies":"downfall:Defect","floor":50,"turns":6},{"damage":39,"enemies":"downfall:CharBossMerchant","floor":52,"turns":9},{"damage":31,"enemies":"downfall:NeowBoss","floor":55,"turns":29}],"seed_played":"-6579263711354899707","potions_obtained":[{"floor":4,"key":"Block Potion"},{"floor":10,"key":"FearPotion"},{"floor":11,"key":"sneckomod:MuddlingPotion"},{"floor":12,"key":"DistilledChaos"},{"floor":15,"key":"Fire Potion"},{"floor":16,"key":"AttackPotion"},{"floor":29,"key":"Block Potion"},{"floor":31,"key":"Dexterity Potion"},{"floor":47,"key":"SkillPotion"},{"floor":49,"key":"FairyPotion"},{"floor":52,"key":"AttackPotion"}],"is_trial":false,"path_per_floor":["R","$","R","M","E","M","T","R","$","E","M","M","?","?","M","B",null,"R","?","M","$","R","E","T","?","E","R","$","?","M","M","M","B",null,"R","M","E","R","M","?","T","R","M","R","M","?","M","$","M","B",null,"E","$","R","B",null],"character_chosen":"NECROMANCER","items_purchased":["Siphon_Strength","Vajra","Blood_Is_Power","Epidemic+1","Pantograph","Bandage Up+1","Spectral_Armor+1"],"campfire_rested":1,"item_purchase_floors":[2,21,21,28,28,48,53],"current_hp_per_floor":[68,68,68,68,58,62,62,62,62,52,56,60,48,50,57,50,68,68,62,68,68,68,65,65,65,64,64,64,64,64,65,67,40,68,68,68,67,67,68,68,68,78,69,69,66,66,43,43,29,55,78,47,47,70,61],"gold":41,"neow_bonus":"REMOVE_TWO","is_daily":false,"chose_seed":false,"campfire_upgraded":9,"win_rate":0.0,"timestamp":1608410757,"path_taken":["R","$","R","M","E","M","T","R","$","E","M","M","?","?","M","BOSS","R","?","M","$","R","E","T","?","E","R","$","?","?","M","M","BOSS","R","M","E","R","M","?","T","R","M","R","M","?","M","$","M","BOSS","E","$","R","BOSS"],"items_purchased_type":["Card","Relic","Card","Card","Relic","Card","Card"],"build_version":"2020-12-13","purchased_purges":3,"victory":true,"max_hp_per_floor":[68,68,68,68,68,68,68,68,68,68,68,68,68,68,68,68,68,68,68,68,68,68,68,68,68,68,68,68,68,68,68,68,68,68,68,68,68,68,68,68,68,78,78,78,78,78,78,78,78,78,78,78,78,78,78],"card_choices":[{"not_picked":["Acid_Javelin","Bone_Armor"],"picked":"Negative_Energy_Javelin","floor":2},{"not_picked":["Plague_Bolt","Acid_Javelin"],"picked":"Violent_Necrosis","floor":4},{"not_picked":["Whirlwind_of_Bones","Bone_Spikes"],"picked":"Blood_Curse","floor":5},{"not_picked":["Epidemic","Death_Coil"],"picked":"Negative_Energy_Burst","floor":6},{"not_picked":["Thousand_Bone_Knives","Toxic_Smoke_Screen","Scare"],"picked":"SKIP","floor":9},{"not_picked":["Uncharnel","Finger_Of_Death"],"picked":"Summon_Undead","floor":10},{"not_picked":["Toxic_Smoke_Screen","Strike_from_Beyond","Scare"],"picked":"SKIP","floor":11},{"not_picked":["Bone_Armor","Epidemic","Blood_Whip"],"picked":"SKIP","floor":12},{"not_picked":["Bone_Spikes","Bones_to_Steel"],"picked":"Chill_Blood","floor":14},{"not_picked":["Shackles_Of_Pain","Violent_Necrosis"],"picked":"Siphon_Strength","floor":15},{"not_picked":["Blood_Wake","Blood_Magic"],"picked":"Cloudkill","floor":16},{"not_picked":["Death_March_Dance","Death_Coil"],"picked":"Negative_Energy_Javelin","floor":19},{"not_picked":["Bone_Shift+1","Bone_Spikes","Consume_Illness+1"],"picked":"SKIP","floor":20},{"not_picked":["Death_Coil","Exploit"],"picked":"Summon_Undead+1","floor":21},{"not_picked":["Death_March_Dance","Corrupt"],"picked":"Life_Tap+1","floor":23},{"not_picked":["Bone_Bullets+1","Bone_Spikes+1"],"picked":"Spectral_Walk+1","floor":26},{"not_picked":["Negative_Energy_Javelin","Necromantic_Selection+1"],"picked":"Chill_Blood+1","floor":30},{"not_picked":["Slay_Living+1","Corrupt+1"],"picked":"Negative_Energy_Shield+1","floor":31},{"not_picked":["Scare+1","Violent_Necrosis+1"],"picked":"Siphon_Strength+1","floor":32},{"not_picked":["Grasp_Heart","Hellfire"],"picked":"Summon_Death_Knight","floor":33},{"not_picked":["Death_March_Dance","Death_Coil+1","Life_Tap+1"],"picked":"SKIP","floor":36},{"not_picked":["Strike_from_Beyond+1","Shackles_Of_Pain+1"],"picked":"Negative_Energy_Burst+1","floor":37},{"not_picked":["Shackles_Of_Pain+1","Bone_Shift+1"],"picked":"Blood_for_Blood+1","floor":39},{"not_picked":["Death_Coil+1","Bone_Bullets+1","Negative_Energy_Javelin+1"],"picked":"SKIP","floor":43},{"not_picked":["Scare+1","Chill_Blood+1"],"picked":"Summon_Lich","floor":45},{"not_picked":["Deaths_Shadow+1","Negative_Energy_Sphere+1","Plague_Bolt+1"],"picked":"SKIP","floor":47},{"not_picked":["Negative_Energy_Javelin+1","Bone_Armory+1"],"picked":"Siphon_Strength+1","floor":49},{"not_picked":["Pandemic+1","Bone_Bullets+1"],"picked":"Grasp_Heart+1","floor":52}],"player_experience":883946,"relics_obtained":[{"floor":5,"key":"Mercury Hourglass"},{"floor":7,"key":"War Paint"},{"floor":10,"key":"Akabeko"},{"floor":14,"key":"Odd Mushroom"},{"floor":19,"key":"Calipers"},{"floor":19,"key":"Shuriken"},{"floor":23,"key":"Oddly Smooth Stone"},{"floor":24,"key":"Toxic Egg 2"},{"floor":26,"key":"Happy Flower"},{"floor":37,"key":"Molten Egg 2"},{"floor":52,"key":"Centennial Puzzle"}],"event_choices":[{"damage_healed":0,"gold_gain":0,"player_choice":"Fought Mushrooms","damage_taken":0,"max_hp_gain":0,"max_hp_loss":0,"event_name":"Mushrooms","floor":14,"gold_loss":0},{"damage_healed":0,"gold_gain":0,"player_choice":"Got Potions","damage_taken":0,"max_hp_gain":0,"max_hp_loss":0,"event_name":"Lab","floor":29,"gold_loss":0}],"is_beta":false,"boss_relics":[{"not_picked":["Runic Dome","Coffee Dripper"],"picked":"SacredBark"},{"not_picked":["Philosopher\u0027s Stone","Fusion Hammer"],"picked":"Cursed Key"}],"items_purged_floors":[21,28,48],"is_endless":false,"potions_floor_spawned":[4,10,11,12,15,16,23,31,32,33,47,49,52],"ascension_level":0}}