{"host":"njruw0b0uprlitpx","time":1608355186,"event":{"mods":["2.2 Compatiblity","Astrologer","BaseMod","Better Altar","Better Note","Better Sensory Stone","Better Skull","Better Third Choice","BetterRewards","Block Reminder","Chen","Colored Map","Colored Powertips","Hermit","Jedi Mod","Keyboard Shortcuts","Minty Spire (QoL Compilation)","Quick Restart","Relic Stats","Replay The Spire","SacredBarkPlus","Spicy Shops","StSLib","SuperFastMode","The Blackbeard","The Mystic","The Problem Sleuth","The Runesmith","The Spell Scribe","Wandering Minibosses"],"gold_per_floor":[114,114,43,56,69,69,69,69],"floor_reached":7,"playtime":307,"items_purged":[],"score":41,"play_id":"e77e383b-9a7b-478f-98cc-5e83a0820640","local_time":"20201218231946","is_ascension_mode":false,"campfire_choices":[{"floor":6,"key":"REST"}],"circlet_count":0,"master_deck":["astrologer:Strike","astrologer:Strike","astrologer:Strike","astrologer:Strike","astrologer:Defend","astrologer:Defend","astrologer:Defend","astrologer:Defend","astrologer:NorthStar","astrologer:TheFool","astrologer:TheDevil","astrologer:TheDevil","astrologer:FadingStar","astrologer:TheHermit","astrologer:TheFool","astrologer:Quincunx","astrologer:CosmicExpanse","astrologer:CometStrike","astrologer:Opposition"],"relics":["astrologer:SkyMirror","Du-Vu Doll","DollysMirror","Golden Idol"],"acts_visited":["Exordium"],"potions_floor_usage":[],"damage_taken":[{"damage":6,"enemies":"Cultist","floor":1,"turns":3},{"damage":5,"enemies":"Jaw Worm","floor":4,"turns":4},{"damage":0,"enemies":"2 Louse","floor":5,"turns":2},{"damage":83,"enemies":"Gremlin Nob","floor":7,"turns":6}],"seed_played":"-7661290692787640442","potions_obtained":[],"is_trial":false,"path_per_floor":["M","?","$","M","M","R","E"],"character_chosen":"ASTROLOGER","items_purchased":["astrologer:TheDevil","astrologer:FadingStar","astrologer:TheHermit","DollysMirror","astrologer:CosmicExpanse"],"campfire_rested":1,"item_purchase_floors":[0,0,0,0,3],"current_hp_per_floor":[64,47,47,42,42,63,0,0],"gold":69,"neow_bonus":"","is_daily":false,"chose_seed":false,"campfire_upgraded":0,"win_rate":0.0,"timestamp":1608355186,"path_taken":["M","?","?","M","M","R","E"],"items_purchased_type":["Card","Card","Card","Relic","Card"],"build_version":"2020-12-13","purchased_purges":0,"victory":false,"max_hp_per_floor":[70,70,70,70,70,70,70,70],"relic_stats":{"counters":[32,152],"Golden Idol":6,"obtain_stats":[{"jedi:angrymask":42,"Angel_Ring":17,"Vajra":53,"HollowMod:VesselMask":6,"theForsaken:Lifeblossom":54,"Juzu Bracelet":10,"Whetstone":30,"jedi:archwizardhat":25,"PrismaticShard":12,"Burning Blood":6,"Lizard Tail":47,"Sundial":17,"DollysMirror":0,"Strawberry":3,"Replay:Bottled Snecko":13,"Chemical X":25,"aspiration:ChemicalBlood":27,"Gremlin Food":25,"aspiration:StickyExplosives":40,"construct:RocketBooster":17,"aspiration:Nostalgia":6,"Golden Idol":2,"wanderingMiniBosses:MasterThiefsPresence":18,"aspiration:HummingbirdHeart":3,"jedi:crownofsimplicity":43,"MawBank":44,"Akabeko":13,"Calling Bell":17,"Du-Vu Doll":0,"Pendant":0,"Ornamental Fan":9,"Shuriken":36,"Snecko Eye":34},{"jedi:angrymask":18,"Angel_Ring":8,"Vajra":22,"HollowMod:VesselMask":3,"theForsaken:Lifeblossom":23,"Juzu Bracelet":5,"Whetstone":12,"jedi:archwizardhat":11,"PrismaticShard":5,"Burning Blood":3,"Lizard Tail":26,"Sundial":8,"DollysMirror":28,"Strawberry":1,"Replay:Bottled Snecko":6,"Chemical X":11,"aspiration:ChemicalBlood":12,"Gremlin Food":11,"aspiration:StickyExplosives":17,"construct:RocketBooster":8,"aspiration:Nostalgia":3,"Golden Idol":29,"wanderingMiniBosses:MasterThiefsPresence":9,"aspiration:HummingbirdHeart":1,"jedi:crownofsimplicity":18,"MawBank":25,"Akabeko":6,"Calling Bell":8,"Du-Vu Doll":28,"Pendant":0,"Ornamental Fan":4,"Shuriken":14,"Snecko Eye":13},{"jedi:angrymask":89,"Angel_Ring":40,"Vajra":102,"HollowMod:VesselMask":13,"theForsaken:Lifeblossom":105,"Juzu Bracelet":25,"Whetstone":69,"jedi:archwizardhat":64,"PrismaticShard":25,"Burning Blood":13,"Lizard Tail":126,"Sundial":40,"DollysMirror":137,"Strawberry":3,"Replay:Bottled Snecko":28,"Chemical X":64,"aspiration:ChemicalBlood":69,"Gremlin Food":64,"aspiration:StickyExplosives":88,"construct:RocketBooster":40,"aspiration:Nostalgia":13,"Golden Idol":140,"wanderingMiniBosses:MasterThiefsPresence":46,"aspiration:HummingbirdHeart":3,"jedi:crownofsimplicity":89,"MawBank":117,"Akabeko":28,"Calling Bell":40,"Du-Vu Doll":137,"Pendant":0,"Ornamental Fan":18,"Shuriken":83,"Snecko Eye":80}]},"card_choices":[{"not_picked":["astrologer:Conjunction","astrologer:Stardust"],"picked":"astrologer:Quincunx","floor":1},{"not_picked":["astrologer:TheMoon","astrologer:MeteorShower"],"picked":"astrologer:CometStrike","floor":4},{"not_picked":["astrologer:LonelyStar","astrologer:ReadTheStars"],"picked":"astrologer:Opposition","floor":5}],"player_experience":1478856,"relics_obtained":[],"event_choices":[{"damage_healed":0,"gold_gain":0,"player_choice":"Take Damage","damage_taken":17,"relics_obtained":["Golden Idol"],"max_hp_gain":0,"max_hp_loss":0,"event_name":"Golden Idol","floor":2,"gold_loss":0}],"is_beta":false,"boss_relics":[],"items_purged_floors":[],"is_endless":false,"potions_floor_spawned":[],"killed_by":"Gremlin Nob","ascension_level":0}}