{"host":"08t08ld674si40tv","time":1608354713,"event":{"mods":["AchievementEnabler","BaseMod","Colored Map","Minty Spire (QoL Compilation)","StSLib","SuperFastMode"],"gold_per_floor":[116,116,41,53,65,65,85,114,114,140,122,122,122,49,49,49,152,152,168,31,41,51,51,51,61,61,61],"floor_reached":26,"playtime":565,"items_purged":["Strike_B","Defend_B"],"score":413,"play_id":"6e7bed9c-63b0-47f3-a03e-9687672c9d92","local_time":"20201219141153","is_ascension_mode":true,"campfire_choices":[{"data":"Zap","floor":6,"key":"SMITH"},{"data":"Coolheaded","floor":13,"key":"SMITH"},{"data":"Consume","floor":16,"key":"SMITH"},{"data":"Loop","floor":24,"key":"SMITH"}],"circlet_count":0,"master_deck":["AscendersBane","Defend_B","Defend_B","Defend_B","Zap+1","Dualcast","Turbo","Genetic Algorithm","Coolheaded+1","Core Surge","Hologram","Redo","Consume+1","Biased Cognition","Undo","Loop+1","Self Repair+1"],"relics":["Cracked Core","Runic Capacitor","Cables","Potion Belt","Mummified Hand","Odd Mushroom","DataDisk","Nuclear Battery","Nloth\u0027s Gift"],"acts_visited":["Exordium","TheCity"],"potions_floor_usage":[8,10],"damage_taken":[{"damage":2,"enemies":"Jaw Worm","floor":1,"turns":3},{"damage":4,"enemies":"2 Louse","floor":4,"turns":2},{"damage":0,"enemies":"Cultist","floor":5,"turns":4},{"damage":3,"enemies":"Looter","floor":7,"turns":4},{"damage":9,"enemies":"Lagavulin","floor":8,"turns":9},{"damage":1,"enemies":"The Mushroom Lair","floor":10,"turns":6},{"damage":15,"enemies":"Exordium Thugs","floor":11,"turns":5},{"damage":0,"enemies":"The Guardian","floor":17,"turns":10},{"damage":16,"enemies":"2 Thieves","floor":19,"turns":3},{"damage":0,"enemies":"Spheric Guardian","floor":21,"turns":3},{"damage":8,"enemies":"3 Cultists","floor":22,"turns":5},{"damage":19,"enemies":"Snake Plant","floor":25,"turns":3},{"damage":23,"enemies":"Gremlin Leader","floor":26,"turns":3}],"seed_played":"8765790424508141748","potions_obtained":[{"floor":5,"key":"Energy Potion"},{"floor":7,"key":"Dexterity Potion"}],"is_trial":false,"path_per_floor":["M","?","$","M","M","R","M","E","T","?","M","?","R","$","?","R","B",null,"M","$","M","M","?","R","M","E"],"character_chosen":"DEFECT","items_purchased":["Consume","Loop"],"campfire_rested":0,"item_purchase_floors":[14,20],"current_hp_per_floor":[48,41,41,37,37,37,34,25,25,24,9,9,9,9,9,9,9,59,43,43,43,35,35,35,16,0,0],"gold":61,"neow_bonus":"REMOVE_TWO","is_daily":false,"chose_seed":false,"campfire_upgraded":4,"win_rate":0.0,"timestamp":1608354713,"path_taken":["M","?","$","M","M","R","M","E","T","?","M","?","R","?","?","R","BOSS","M","$","M","M","?","R","M","E"],"items_purchased_type":["Card","Card"],"build_version":"2020-12-13","purchased_purges":2,"victory":false,"max_hp_per_floor":[75,75,75,75,75,75,75,75,75,75,75,75,75,75,75,75,75,75,75,75,75,75,75,75,75,75,75],"card_choices":[{"not_picked":["Sweeping Beam","Rebound"],"picked":"Turbo","floor":1},{"not_picked":["Turbo","Stack"],"picked":"Genetic Algorithm","floor":4},{"not_picked":["Aggregate","Go for the Eyes"],"picked":"Coolheaded","floor":5},{"not_picked":["Auto Shields","Sunder"],"picked":"Core Surge","floor":7},{"not_picked":["Reinforced Body","Gash"],"picked":"Hologram","floor":8},{"not_picked":["Steam","Sweeping Beam"],"picked":"Redo","floor":11},{"not_picked":["Buffer","Echo Form"],"picked":"Biased Cognition","floor":17},{"not_picked":["Sweeping Beam","Turbo"],"picked":"Undo","floor":19},{"not_picked":["Streamline+1","Turbo","Conserve Battery"],"picked":"SKIP","floor":21},{"not_picked":["Streamline","Redo","Auto Shields"],"picked":"SKIP","floor":22},{"not_picked":["Aggregate","Turbo"],"picked":"Self Repair+1","floor":25}],"player_experience":184186,"relics_obtained":[{"floor":8,"key":"Nunchaku"},{"floor":9,"key":"Mummified Hand"},{"floor":10,"key":"Odd Mushroom"}],"event_choices":[{"cards_removed":["Strike_B"],"damage_healed":0,"gold_gain":0,"player_choice":"Card Removal","damage_taken":7,"max_hp_gain":0,"max_hp_loss":0,"event_name":"Golden Wing","floor":2,"gold_loss":0},{"damage_healed":0,"gold_gain":0,"player_choice":"Fought Mushrooms","damage_taken":0,"max_hp_gain":0,"max_hp_loss":0,"event_name":"Mushrooms","floor":10,"gold_loss":0},{"damage_healed":0,"gold_gain":0,"player_choice":"Ignored","damage_taken":0,"max_hp_gain":0,"max_hp_loss":0,"event_name":"Shining Light","floor":12,"gold_loss":0},{"damage_healed":0,"gold_gain":0,"player_choice":"Traded Relic","damage_taken":0,"relics_obtained":["Nloth\u0027s Gift"],"max_hp_gain":0,"max_hp_loss":0,"event_name":"N\u0027loth","floor":23,"relics_lost":["Nunchaku"],"gold_loss":0}],"is_beta":false,"boss_relics":[{"not_picked":["Astrolabe","Snecko Eye"],"picked":"Nuclear Battery"}],"items_purged_floors":[3,20],"is_endless":false,"potions_floor_spawned":[5,7],"killed_by":"Gremlin Leader","ascension_level":12}}