{"host":"v4s5k3c6jywmeofl","time":1608414533,"event":{"mods":["Act Like it!","BaseMod","Colored Map","Downfall","Gensokyo","Hallownest","Hermit","Marisa????????","Minty Spire (QoL Compilation)","Quick Restart","Random Character Button","Rare Cards Sparkle","Replay The Spire","StSLib","The Animator","The Bug Knight","The Cursed","The Hierophant","The Servant 0.9.4"],"gold_per_floor":[114,114,114,128,21,50,68,68,141,157,186,186,201,201,201,307,307,318,258,275,126,225,265,265,282,282,300,322,49,49,49,49],"floor_reached":31,"playtime":1270,"items_purged":[],"score":315,"play_id":"e7fd16d7-9e1f-4274-89d0-f4757b18fa91","local_time":"20201219164853","is_ascension_mode":false,"campfire_choices":[{"data":"hermit:Covet","floor":8,"key":"SMITH"},{"floor":12,"key":"REST"},{"floor":15,"key":"REST"}],"circlet_count":0,"master_deck":["hermit:Strike_Hermit","hermit:Strike_Hermit","hermit:Strike_Hermit","hermit:Strike_Hermit","hermit:Defend_Hermit","hermit:Defend_Hermit","hermit:Defend_Hermit","hermit:Snapshot","hermit:Covet+1","hermit:Snipe","Pain","hermit:TrackingShot","hermit:SprayPray+1","hermit:SprayPray+1","hermit:ShadowCloak","hermit:Headshot","hermit:Headshot","hermit:ItchyTrigger","hermit:GhostlyPresence","hermit:Scavenge","hermit:Roughhouse","hermit:CalledShot+1","hermit:Snipe","hermit:GhostlyPresence","hermit:BigShot","hermit:Glare","hermit:Combo","hermit:SprayPray+1","hermit:Glare","hermit:Dive","hermit:SprayPray+1"],"relics":["hermit:Momento","NeowsBlessing","Gensokyo:LunaticRedEyes","Replay:Mystery Machine","PreservedInsect","hermit:Spyglass","Bottled Lightning","Gensokyo:PortableGap","Philosopher\u0027s Stone","Darkstone Periapt","Replay:Bottled Eggs"],"acts_visited":["Gensokyo:Gensokyo","TheCity"],"potions_floor_usage":[31],"damage_taken":[{"damage":0,"enemies":"Gensokyo:Python","floor":1,"turns":1},{"damage":0,"enemies":"Gensokyo:3_Fairies","floor":4,"turns":1},{"damage":0,"enemies":"Gensokyo:Mamizou","floor":6,"turns":1},{"damage":0,"enemies":"Gensokyo:Gryphon","floor":7,"turns":1},{"damage":0,"enemies":"Gensokyo:Python_and_Kodama","floor":10,"turns":2},{"damage":43,"enemies":"Gensokyo:Aya","floor":11,"turns":6},{"damage":0,"enemies":"Gensokyo:3_Kodama","floor":13,"turns":4},{"damage":45,"enemies":"Gensokyo:Yukari","floor":16,"turns":16},{"damage":0,"enemies":"3 Byrds","floor":18,"turns":4},{"damage":0,"enemies":"Chosen","floor":20,"turns":4},{"damage":11,"enemies":"Replay:Snechameleon","floor":23,"turns":4},{"damage":24,"enemies":"Sentry and Sphere","floor":25,"turns":7},{"damage":18,"enemies":"Snake Plant","floor":27,"turns":3},{"damage":12,"enemies":"Shelled Parasite and Fungi","floor":28,"turns":4},{"damage":13,"enemies":"Sentry and Sphere","floor":31,"turns":2}],"seed_played":"-3659597999628000181","potions_obtained":[{"floor":6,"key":"SteroidPotion"},{"floor":11,"key":"Reflective Coating"},{"floor":13,"key":"Doom Potion"}],"is_trial":false,"path_per_floor":["M","?","?","M","$","E","M","R","T","M","E","R","M","?","R","B",null,"M","?","M","$","?","E","?","M","T","M","M","$","?","M"],"character_chosen":"HERMIT","items_purchased":["hermit:SprayPray","hermit:ShadowCloak","hermit:GhostlyPresence","hermit:BigShot","hermit:SprayPray","Replay:Bottled Eggs"],"campfire_rested":2,"item_purchase_floors":[5,5,21,21,29,29],"current_hp_per_floor":[75,75,60,60,60,60,60,60,60,60,17,39,39,39,59,14,68,68,68,68,68,68,57,57,33,33,15,3,3,3,0,0],"gold":49,"neow_bonus":"THREE_ENEMY_KILL","is_daily":false,"chose_seed":false,"campfire_upgraded":1,"win_rate":0.0,"timestamp":1608414533,"path_taken":["M","?","?","?","?","E","M","R","T","M","E","R","M","?","R","BOSS","M","?","M","$","?","E","?","M","T","?","?","?","?","M"],"items_purchased_type":["Card","Card","Card","Card","Card","Relic"],"build_version":"2020-12-13","purchased_purges":0,"victory":false,"max_hp_per_floor":[75,75,75,75,75,75,75,75,75,75,75,75,75,68,68,68,68,68,68,68,68,68,68,68,68,68,68,68,68,68,68,68],"card_choices":[{"not_picked":["hermit:CalledShot","hermit:Coalescence"],"picked":"hermit:Snipe","floor":1},{"not_picked":["hermit:Enervate","hermit:HighCaliber"],"picked":"hermit:TrackingShot","floor":4},{"not_picked":["hermit:BigShot","hermit:Vantage"],"picked":"hermit:Headshot","floor":6},{"not_picked":["hermit:Dive","hermit:HoleUp"],"picked":"hermit:Headshot","floor":7},{"not_picked":["hermit:Roulette","hermit:LowProfile"],"picked":"hermit:ItchyTrigger","floor":10},{"not_picked":["hermit:Showdown","hermit:SprayPray"],"picked":"hermit:GhostlyPresence","floor":11},{"not_picked":["hermit:Snipe","hermit:BodyArmor"],"picked":"hermit:Scavenge","floor":13},{"not_picked":["hermit:Purgatory","hermit:OverwhelmingPower"],"picked":"hermit:Roughhouse","floor":16},{"not_picked":["hermit:Coalescence","hermit:Horror+1"],"picked":"hermit:CalledShot+1","floor":18},{"not_picked":["hermit:ItchyTrigger+1","hermit:Midnight"],"picked":"hermit:Snipe","floor":20},{"not_picked":["hermit:PistolWhip","hermit:SprayPray"],"picked":"hermit:Glare","floor":23},{"not_picked":["hermit:Showdown+1","hermit:Roulette"],"picked":"hermit:SprayPray","floor":25},{"not_picked":["hermit:Horror","hermit:Misfire"],"picked":"hermit:Glare","floor":27},{"not_picked":["hermit:Maintenance+1","hermit:Shortfuse"],"picked":"hermit:Dive","floor":28}],"player_experience":89334,"relics_obtained":[{"floor":6,"key":"PreservedInsect"},{"floor":9,"key":"hermit:Spyglass"},{"floor":11,"key":"Bottled Lightning"},{"floor":23,"key":"Darkstone Periapt"}],"event_choices":[{"damage_healed":0,"gold_gain":99,"player_choice":"Stole From Cult","damage_taken":0,"max_hp_gain":0,"max_hp_loss":0,"event_name":"Nest","floor":22,"gold_loss":0},{"damage_healed":0,"gold_gain":0,"cards_transformed":["hermit:Defend_Hermit"],"player_choice":"Transformed","damage_taken":0,"max_hp_gain":0,"max_hp_loss":0,"event_name":"Transmorgrifier","floor":24,"gold_loss":0,"cards_obtained":["hermit:Combo"]}],"is_beta":false,"boss_relics":[{"not_picked":["ReplayTheSpireMod:DimensionalGlitch","Coffee Dripper"],"picked":"Philosopher\u0027s Stone"}],"items_purged_floors":[],"is_endless":false,"potions_floor_spawned":[6,11,13,23,25,27],"killed_by":"Sentry and Sphere","ascension_level":0}}