{"host":"agbyy69nq62afhwx","time":1608407413,"event":{"mods":["BaseMod","Colored Map","Highlight Path","Keyboard Shortcuts","Minty Spire (QoL Compilation)","Quick Restart","StSLib","SuperFastMode","everything is the same but u backflip on backflip"],"gold_per_floor":[109,125,200,212,225,225,251,251,251,251,270,286,286,305,305,409,409,420,430,314,314,324,324,324,338,338,350,362,392,404,416,428,545,557,581,610,622,646,677,689,712,724,736,748,775,787,312,337,337,337],"floor_reached":51,"playtime":1502,"items_purged":["Strike_G","Defend_G"],"score":770,"play_id":"b3bec7b9-aa8b-4bd2-9ea3-d01110862c7d","local_time":"20201220045013","is_ascension_mode":true,"campfire_choices":[{"data":"Bouncing Flask","floor":6.0,"key":"SMITH"},{"data":"Tactician","floor":8.0,"key":"SMITH"},{"data":"Acrobatics","floor":13.0,"key":"SMITH"},{"floor":15.0,"key":"REST"},{"floor":23.0,"key":"REST"},{"floor":28.0,"key":"REST"},{"data":"Catalyst","floor":30.0,"key":"SMITH"},{"floor":32.0,"key":"REST"},{"floor":40,"key":"REST"},{"data":"Catalyst","floor":42,"key":"SMITH"},{"data":"Bouncing Flask","floor":46,"key":"SMITH"},{"data":"Prepared","floor":49,"key":"SMITH"}],"circlet_count":0,"master_deck":["Defend_G","Defend_G","Defend_G","Defend_G","Survivor","Neutralize","Bouncing Flask+1","Acrobatics+1","Poisoned Stab","Tactician+1","Acrobatics","Dagger Throw","Caltrops","Corpse Explosion","Caltrops+1","Bouncing Flask+1","Catalyst+1","Prepared+1","Catalyst+1","Escape Plan+1","Backflip","Bandage Up","Noxious Fumes+1","Prepared+1","Purity"],"relics":["Ring of the Snake","Blood Vial","Bag of Preparation","Mummified Hand","Empty Cage","MawBank","Juzu Bracelet","SlaversCollar","Blue Candle","TheAbacus","MealTicket","Happy Flower"],"acts_visited":["Exordium","TheCity","TheBeyond"],"potions_floor_usage":[39,50,50,50],"damage_taken":[{"damage":2.0,"enemies":"Jaw Worm","floor":1.0,"turns":4.0},{"damage":0.0,"enemies":"Cultist","floor":2.0,"turns":3.0},{"damage":0.0,"enemies":"Small Slimes","floor":4.0,"turns":3.0},{"damage":6.0,"enemies":"Looter","floor":5.0,"turns":3.0},{"damage":12.0,"enemies":"Lagavulin","floor":7.0,"turns":6.0},{"damage":0.0,"enemies":"Blue Slaver","floor":11.0,"turns":2.0},{"damage":10.0,"enemies":"Gremlin Gang","floor":12.0,"turns":4.0},{"damage":6.0,"enemies":"3 Louse","floor":14.0,"turns":4.0},{"damage":55.0,"enemies":"Slime Boss","floor":16.0,"turns":11.0},{"damage":0.0,"enemies":"Chosen","floor":18.0,"turns":4.0},{"damage":14.0,"enemies":"Shell Parasite","floor":19.0,"turns":4.0},{"damage":48.0,"enemies":"Centurion and Healer","floor":22.0,"turns":6.0},{"damage":13.0,"enemies":"3 Cultists","floor":25.0,"turns":3.0},{"damage":15.0,"enemies":"Chosen and Byrds","floor":29.0,"turns":3.0},{"damage":16.0,"enemies":"Automaton","floor":33.0,"turns":4.0},{"damage":3.0,"enemies":"3 Darklings","floor":35.0,"turns":2.0},{"damage":0.0,"enemies":"3 Shapes","floor":36.0,"turns":5.0},{"damage":42.0,"enemies":"Maw","floor":38.0,"turns":6.0},{"damage":16,"enemies":"Spire Growth","floor":39,"turns":4},{"damage":0,"enemies":"Transient","floor":41,"turns":5},{"damage":4,"enemies":"4 Shapes","floor":45,"turns":4},{"damage":41,"enemies":"Time Eater","floor":50,"turns":5}],"seed_played":"-6432392926417160522","potions_obtained":[{"floor":1.0,"key":"DuplicationPotion"},{"floor":12.0,"key":"Poison Potion"},{"floor":14.0,"key":"ColorlessPotion"},{"floor":22.0,"key":"SkillPotion"},{"floor":25.0,"key":"Ancient Potion"},{"floor":33.0,"key":"Swift Potion"},{"floor":41,"key":"Strength Potion"}],"is_trial":false,"path_per_floor":["M","M","?","M","M","R","E","R","T","T","M","M","R","M","R","B",null,"M","M","$","?","M","R","?","M","T","T","R","M","R","?","R","B",null,"M","M","?","M","M","R","M","R","T","?","M","R","$","T","R","B",null],"character_chosen":"THE_SILENT","items_purchased":["Bouncing Flask","TheAbacus","MealTicket","Purity"],"campfire_rested":5,"item_purchase_floors":[20,47,47,47],"current_hp_per_floor":[75,75,64,64,58,58,46,46,46,46,48,40,40,36,59,6,77,77,63,63,63,17,40,40,29,29,29,52,39,39,39,62,48,77,74,76,76,35,25,48,54,54,54,54,56,56,56,56,56,17],"gold":337,"neow_bonus":"TEN_PERCENT_HP_BONUS","is_daily":false,"chose_seed":false,"campfire_upgraded":7,"win_rate":0.0,"timestamp":1608407413,"path_taken":["M","M","?","M","M","R","E","R","T","?","M","M","R","M","R","BOSS","M","?","$","?","M","R","?","M","T","?","R","M","R","?","R","BOSS","M","M","?","M","M","R","M","R","T","?","M","R","$","?","R","BOSS"],"items_purchased_type":["Card","Relic","Relic","Card"],"build_version":"2020-12-13","purchased_purges":2,"victory":true,"max_hp_per_floor":[77,77,77,77,77,77,77,77,77,77,77,77,77,77,77,77,77,77,77,77,77,77,77,77,77,77,77,77,77,77,77,77,77,77,77,77,77,77,77,77,77,77,77,77,77,77,77,77,77,77],"card_choices":[{"not_picked":["Caltrops","Deflect"],"picked":"Bouncing Flask","floor":1.0},{"not_picked":["Bane","Underhanded Strike","Deflect"],"picked":"SKIP","floor":2.0},{"not_picked":["Prepared","Endless Agony"],"picked":"Acrobatics","floor":4.0},{"not_picked":["Eviscerate","Dagger Throw"],"picked":"Poisoned Stab","floor":5.0},{"not_picked":["Riddle With Holes","Storm of Steel"],"picked":"Tactician","floor":7.0},{"not_picked":["PiercingWail","Dagger Spray"],"picked":"Acrobatics","floor":11.0},{"not_picked":["PiercingWail","Dagger Throw","Sucker Punch"],"picked":"SKIP","floor":12.0},{"not_picked":["PiercingWail","Sucker Punch"],"picked":"Dagger Throw","floor":12.0},{"not_picked":["Slice","Bane"],"picked":"Caltrops","floor":14.0},{"not_picked":["Night Terror","After Image"],"picked":"Corpse Explosion","floor":16.0},{"not_picked":["Poisoned Stab","Dagger Throw","Flying Knee"],"picked":"SKIP","floor":18.0},{"not_picked":["Dagger Spray+1","Underhanded Strike"],"picked":"Caltrops+1","floor":19.0},{"not_picked":["Cloak And Dagger+1","Deflect","Poisoned Stab"],"picked":"SKIP","floor":22.0},{"not_picked":["Slice+1","Sucker Punch+1"],"picked":"Escape Plan+1","floor":25.0},{"not_picked":["Dagger Throw","Concentrate"],"picked":"Backflip","floor":29.0},{"not_picked":["Deadly Poison","Acrobatics","Poisoned Stab"],"picked":"SKIP","floor":35.0},{"not_picked":["Expertise","Dagger Throw+1","Poisoned Stab+1"],"picked":"SKIP","floor":36.0},{"not_picked":["Dramatic Entrance","Jack Of All Trades"],"picked":"Bandage Up","floor":37.0},{"not_picked":["Backstab+1","Blade Dance+1"],"picked":"Noxious Fumes+1","floor":38.0},{"not_picked":["Slice","Quick Slash+1"],"picked":"Prepared+1","floor":39},{"not_picked":["PiercingWail","Blade Dance+1","Grand Finale"],"picked":"SKIP","floor":41},{"not_picked":["Deadly Poison+1","Infinite Blades","All Out Attack+1"],"picked":"SKIP","floor":45}],"player_experience":329367,"relics_obtained":[{"floor":7.0,"key":"Blood Vial"},{"floor":9.0,"key":"Bag of Preparation"},{"floor":10.0,"key":"Mummified Hand"},{"floor":26.0,"key":"MawBank"},{"floor":27.0,"key":"Juzu Bracelet"},{"floor":43,"key":"Blue Candle"},{"floor":48,"key":"Happy Flower"}],"event_choices":[{"damage_healed":0.0,"max_hp_gain":0.0,"max_hp_loss":0.0,"gold_gain":75.0,"event_name":"World of Goop","player_choice":"Gather Gold","floor":3.0,"gold_loss":0.0,"damage_taken":11.0},{"damage_healed":0.0,"max_hp_gain":0.0,"max_hp_loss":0.0,"gold_gain":0.0,"event_name":"The Library","player_choice":"Read","floor":21.0,"gold_loss":0.0,"damage_taken":0.0,"cards_obtained":["Catalyst"]},{"damage_healed":0.0,"max_hp_gain":0.0,"max_hp_loss":0.0,"gold_gain":0.0,"cards_transformed":["Strike_G","Strike_G"],"event_name":"Drug Dealer","player_choice":"Became Test Subject","floor":24.0,"gold_loss":0.0,"damage_taken":0.0,"cards_obtained":["Prepared","Catalyst"]},{"damage_healed":0.0,"max_hp_gain":0.0,"max_hp_loss":0.0,"gold_gain":0.0,"event_name":"Lab","player_choice":"Got Potions","floor":31.0,"gold_loss":0.0,"damage_taken":0.0},{"damage_healed":0.0,"max_hp_gain":0.0,"max_hp_loss":0.0,"gold_gain":0.0,"event_name":"SensoryStone","player_choice":"Memory 1","floor":37.0,"gold_loss":0.0,"damage_taken":0.0},{"damage_healed":0,"gold_gain":0,"player_choice":"Ignored","damage_taken":0,"max_hp_gain":0,"max_hp_loss":0,"event_name":"Tomb of Lord Red Mask","floor":44,"gold_loss":0}],"is_beta":false,"boss_relics":[{"not_picked":["WristBlade","Snecko Eye"],"picked":"Empty Cage"},{"not_picked":["Sozu","Pandora\u0027s Box"],"picked":"SlaversCollar"}],"items_purged_floors":[20,47],"is_endless":false,"potions_floor_spawned":[1,12,14,22,25,33,41,45],"ascension_level":3}}