{"host":"2e3z4r48quhw80cc","time":1608379393,"event":{"mods":["BaseMod","Minty Spire (QoL Compilation)","Quick Restart","StSLib","SuperFastMode"],"gold_per_floor":[117,127,144,156,171,171,184,203,227,242,298,398,429,448,448,551,551,569,569,588,588,588,588,598,612,612,381,381,480,480,507,507,507,507],"floor_reached":33,"playtime":1137,"items_purged":["Perfected Strike"],"score":350,"play_id":"c36d0132-d0e4-45ce-ae04-35f59ee3ba79","local_time":"20201219210313","is_ascension_mode":true,"campfire_choices":[{"data":"Flame Barrier","floor":6.0,"key":"SMITH"},{"data":"Armaments","floor":15.0,"key":"SMITH"},{"data":"Rampage","floor":23.0,"key":"SMITH"},{"floor":28.0,"key":"REST"},{"floor":32.0,"key":"REST"}],"circlet_count":0,"master_deck":["Bash","Shrug It Off","Flame Barrier+1","Thunderclap","Rampage+1","Armaments+1","Pommel Strike","Exhume","Havoc","Seeing Red","Evolve","Pummel","Feed","Carnage","Second Wind"],"relics":["Burning Blood","Happy Flower","Blue Candle","Paper Frog","Pandora\u0027s Box","Vajra","Molten Egg 2","Ginger","Bronze Scales","MutagenicStrength","Blood Vial"],"acts_visited":["TheCity"],"potions_floor_usage":[33,33],"damage_taken":[{"damage":1.0,"enemies":"Cultist","floor":1.0,"turns":3.0},{"damage":1.0,"enemies":"Small Slimes","floor":2.0,"turns":4.0},{"damage":2.0,"enemies":"Jaw Worm","floor":3.0,"turns":4.0},{"damage":33.0,"enemies":"Exordium Thugs","floor":4.0,"turns":8.0},{"damage":13.0,"enemies":"2 Fungi Beasts","floor":5.0,"turns":4.0},{"damage":0.0,"enemies":"Blue Slaver","floor":7.0,"turns":5.0},{"damage":7.0,"enemies":"3 Louse","floor":8.0,"turns":3.0},{"damage":7.0,"enemies":"2 Fungi Beasts","floor":10.0,"turns":4.0},{"damage":19.0,"enemies":"3 Sentries","floor":11.0,"turns":8.0},{"damage":21.0,"enemies":"Gremlin Nob","floor":13.0,"turns":4.0},{"damage":3.0,"enemies":"Exordium Wildlife","floor":14.0,"turns":5.0},{"damage":15.0,"enemies":"The Guardian","floor":16.0,"turns":15.0},{"damage":9.0,"enemies":"Shell Parasite","floor":18.0,"turns":3.0},{"damage":2.0,"enemies":"Chosen","floor":20.0,"turns":6.0},{"damage":15.0,"enemies":"Snecko","floor":24.0,"turns":5.0},{"damage":39.0,"enemies":"Snake Plant","floor":25.0,"turns":4.0},{"damage":56.0,"enemies":"Gremlin Leader","floor":31.0,"turns":6.0},{"damage":33,"enemies":"Collector","floor":33,"turns":6}],"seed_played":"-2847219756234664538","potions_obtained":[{"floor":2.0,"key":"Energy Potion"},{"floor":5.0,"key":"SteroidPotion"},{"floor":7.0,"key":"BloodPotion"},{"floor":11.0,"key":"Fruit Juice"},{"floor":13.0,"key":"PowerPotion"},{"floor":14.0,"key":"Strength Potion"},{"floor":20.0,"key":"Dexterity Potion"}],"is_trial":false,"path_per_floor":["M","M","M","M","M","R","M","M","T","M","?","?","E","M","R","B",null,"M","?","M","?","T","R","M","M","T","$","R","?","?","E","R","B"],"character_chosen":"IRONCLAD","items_purchased":["Bronze Scales"],"campfire_rested":2,"item_purchase_floors":[27],"current_hp_per_floor":[61,66,70,43,36,36,42,41,41,40,48,48,33,36,36,27,85,85,68,76,76,76,76,71,41,41,41,72,72,72,26,58,27,27],"gold":507,"neow_bonus":"REMOVE_TWO","is_daily":false,"chose_seed":false,"campfire_upgraded":3,"win_rate":0.0,"timestamp":1608379393,"path_taken":["M","?","M","M","M","R","M","M","T","M","?","?","E","M","R","BOSS","M","?","M","?","?","R","M","M","T","$","R","?","?","E","R","BOSS"],"items_purchased_type":["Relic"],"build_version":"2020-12-13","purchased_purges":1,"victory":false,"max_hp_per_floor":[80,80,80,80,80,80,80,80,80,80,85,85,85,85,85,85,85,88,93,97,97,97,97,101,104,104,104,104,104,104,108,108,108,108],"card_choices":[{"not_picked":["Clothesline","Armaments"],"picked":"Shrug It Off","floor":1.0},{"not_picked":["Shrug It Off","Entrench"],"picked":"Flame Barrier","floor":2.0},{"not_picked":["Clothesline","Anger","Perfected Strike"],"picked":"SKIP","floor":3.0},{"not_picked":["True Grit","Body Slam"],"picked":"Thunderclap","floor":4.0},{"not_picked":["Dual Wield","Thunderclap","Warcry"],"picked":"SKIP","floor":5.0},{"not_picked":["Inflame","Anger"],"picked":"Rampage","floor":7.0},{"not_picked":["Evolve","Flex","Dual Wield"],"picked":"SKIP","floor":8.0},{"not_picked":["Immolate","Shrug It Off"],"picked":"Armaments","floor":10.0},{"not_picked":["Twin Strike","Armaments"],"picked":"Pommel Strike","floor":11.0},{"not_picked":["Rage","Wild Strike","Searing Blow"],"picked":"SKIP","floor":13.0},{"not_picked":["Heavy Blade","Reckless Charge","Warcry"],"picked":"SKIP","floor":14.0},{"not_picked":["Limit Break","Bludgeon"],"picked":"Exhume","floor":16.0},{"not_picked":["Cleave","Intimidate","Heavy Blade"],"picked":"SKIP","floor":18.0},{"not_picked":["Pummel","Searing Blow+1","Heavy Blade+1"],"picked":"SKIP","floor":20.0},{"not_picked":["True Grit","Iron Wave+1"],"picked":"Second Wind","floor":24.0},{"not_picked":["Clash+1","Seeing Red","Dark Embrace+1"],"picked":"SKIP","floor":25.0},{"not_picked":["Clash+1","Burning Pact","Thunderclap+1"],"picked":"SKIP","floor":31.0}],"player_experience":60385,"relics_obtained":[{"floor":9.0,"key":"Happy Flower"},{"floor":13.0,"key":"Paper Frog"},{"floor":22.0,"key":"Molten Egg 2"},{"floor":26.0,"key":"Ginger"},{"floor":31.0,"key":"Blood Vial"}],"event_choices":[{"damage_healed":0.0,"max_hp_gain":0.0,"max_hp_loss":0.0,"gold_gain":30.0,"event_name":"Dead Adventurer","player_choice":"Searched \u00273\u0027 times","floor":11.0,"gold_loss":0.0,"damage_taken":0.0,"relics_obtained":["Blue Candle"]},{"damage_healed":0.0,"max_hp_gain":0.0,"max_hp_loss":0.0,"gold_gain":100.0,"event_name":"Wheel of Change","player_choice":"Gold","floor":12.0,"gold_loss":0.0,"damage_taken":0.0},{"damage_healed":0.0,"max_hp_gain":5.0,"max_hp_loss":0.0,"gold_gain":0.0,"event_name":"Forgotten Altar","player_choice":"Shed Blood","floor":19.0,"gold_loss":0.0,"damage_taken":22.0},{"damage_healed":0.0,"max_hp_gain":0.0,"max_hp_loss":0.0,"gold_gain":0.0,"event_name":"The Mausoleum","player_choice":"Opened","floor":21.0,"gold_loss":0.0,"damage_taken":0.0,"relics_obtained":["Vajra"]},{"damage_healed":0.0,"max_hp_gain":0.0,"max_hp_loss":0.0,"gold_gain":99.0,"event_name":"Nest","player_choice":"Stole From Cult","floor":29.0,"gold_loss":0.0,"damage_taken":0.0},{"damage_healed":0.0,"max_hp_gain":0.0,"max_hp_loss":0.0,"gold_gain":0.0,"event_name":"Drug Dealer","player_choice":"Inject Mutagens","floor":30.0,"gold_loss":0.0,"damage_taken":0.0,"relics_obtained":["MutagenicStrength"]}],"is_beta":false,"boss_relics":[{"not_picked":["SacredBark","Philosopher\u0027s Stone"],"picked":"Pandora\u0027s Box"}],"items_purged_floors":[27],"is_endless":false,"potions_floor_spawned":[2,5,7,11,13,14,20,24],"killed_by":"Collector","ascension_level":4}}