{"host":"dsxpg2dh2uupq0t9","time":1608356710,"event":{"mods":["Act Like it!","Aspiration","BaseMod","Better Note","Better Skull","BetterRewards","Colored Powertips","DeckTracker","Halation","Hallownest","Hubris","Minty Spire (QoL Compilation)","Replay The Spire","Shop Mod","Spicy Shops","StSLib"],"gold_per_floor":[117,129,145,160,59,59,234,259,259,275,275,275,275,275,275,295,295,395,395,410,410,410,410,430,430,108,108,108,108,120,120,139,159,159,159,159],"floor_reached":35,"playtime":2411,"items_purged":[],"score":295,"play_id":"54250359-6688-4fb0-b1bd-f8e0b4ebeff0","local_time":"20201219004510","is_ascension_mode":true,"campfire_choices":[{"floor":6.0,"key":"REST"},{"floor":13.0,"key":"REST"},{"data":"Zap","floor":15.0,"key":"SMITH"},{"data":"Barrage","floor":25.0,"key":"SMITH"},{"data":"TalkToTheHand","floor":29.0,"key":"SMITH"},{"floor":31.0,"key":"REST"},{"floor":34,"key":"REST"}],"circlet_count":0,"master_deck":["Strike_B+1","Strike_B+1","Strike_B+1","Strike_B+1","Defend_B+1","Defend_B+1","Defend_B+1","Defend_B+1","Zap+1","Dualcast","BasicCrystalCard+1","Sweeping Beam","Go for the Eyes","TalkToTheHand+1","Go for the Eyes","Beam Cell","Doubt","Parasite","JustLucky","Gash","Barrage+1","Scrape+1","Go for the Eyes+1","Defragment+1","Go for the Eyes+1","Conserve Battery","Rebound","Go for the Eyes"],"relics":["Cracked Core","aspiration:Nostalgia","Replay:M_StaffOfTheSnake","Question Card","aspiration:HiddenCompartment","SlaversCollar","MutagenicStrength","Prayer Wheel","Gremlin Food","Blood Vial","Singing Bowl"],"acts_visited":["Exordium","TheCity"],"potions_floor_usage":[35,35,35],"damage_taken":[{"damage":10.0,"enemies":"Jaw Worm","floor":1.0,"turns":4.0},{"damage":6.0,"enemies":"Small Slimes","floor":2.0,"turns":3.0},{"damage":7.0,"enemies":"2 Louse","floor":3.0,"turns":2.0},{"damage":8.0,"enemies":"Red Slaver","floor":4.0,"turns":4.0},{"damage":20.0,"enemies":"Lagavulin","floor":8.0,"turns":6.0},{"damage":15.0,"enemies":"Exordium Wildlife","floor":10.0,"turns":4.0},{"damage":6.0,"enemies":"Lots of Slimes","floor":16.0,"turns":3.0},{"damage":22.0,"enemies":"Slime Boss","floor":18.0,"turns":8.0},{"damage":18.0,"enemies":"Spheric Guardian","floor":20.0,"turns":4.0},{"damage":9.0,"enemies":"2 Thieves","floor":24.0,"turns":4.0},{"damage":0.0,"enemies":"Snecko","floor":30.0,"turns":4.0},{"damage":16.0,"enemies":"Shelled Parasite and Fungi","floor":32.0,"turns":4.0},{"damage":19.0,"enemies":"Sentry and Sphere","floor":33.0,"turns":5.0},{"damage":89,"enemies":"Champ","floor":35,"turns":13}],"seed_played":"-2326563041479875106","potions_obtained":[{"floor":1.0,"key":"Weak Potion"},{"floor":2.0,"key":"Regen Potion"},{"floor":8.0,"key":"Explosive Potion"},{"floor":10.0,"key":"Swift Potion"},{"floor":16.0,"key":"AttackPotion"},{"floor":32.0,"key":"Swift Potion"},{"floor":33.0,"key":"ColorlessPotion"}],"is_trial":false,"path_per_floor":["M","M","M","M","$","R","?","E","T","M","PTL","PTL","R","?","R","M","R","B",null,"M","?","?","?","M","R","$","?","T","R","M","R","M","M","R","B"],"character_chosen":"DEFECT","items_purchased":["Go for the Eyes","Beam Cell","Gremlin Food","Go for the Eyes","Defragment"],"campfire_rested":4,"item_purchase_floors":[5,5,26,26,26],"current_hp_per_floor":[65,59,52,44,44,66,66,46,46,31,31,31,53,71,71,65,75,53,75,57,57,57,75,66,66,66,66,66,66,68,75,61,46,69,0,0],"gold":159,"neow_bonus":"NOSTALGIA","is_daily":false,"chose_seed":false,"campfire_upgraded":3,"win_rate":0.0,"timestamp":1608356710,"path_taken":["M","M","M","M","$","R","?","E","T","M","PTL","PTL","R","?","R","M","R","BOSS","M","?","?","?","M","R","$","?","T","R","M","R","M","?","R","BOSS"],"items_purchased_type":["Card","Card","Relic","Card","Card"],"build_version":"2020-12-13","purchased_purges":0,"victory":false,"max_hp_per_floor":[75,75,75,75,75,75,75,75,75,75,75,75,75,75,75,75,75,75,75,75,75,75,75,75,75,75,75,75,75,75,75,77,79,79,79,79],"card_choices":[{"not_picked":["Double Energy","JustLucky"],"picked":"BasicCrystalCard","floor":1.0},{"not_picked":["Turbo","ClearTheMind"],"picked":"Sweeping Beam","floor":2.0},{"not_picked":["Steam Power","Hologram"],"picked":"Go for the Eyes","floor":3.0},{"not_picked":["Turbo","Escape Plan"],"picked":"TalkToTheHand","floor":4.0},{"not_picked":["ReplayTheSpireMod:Repulse","Panic Button","ReplayTheSpireMod:System Scan"],"picked":"SKIP","floor":8.0},{"not_picked":["Coolheaded","Turbo","Hologram"],"picked":"Cold Snap","floor":10.0},{"not_picked":["Masterful Stab","Weave","ReplaySort"],"picked":"JustLucky","floor":16.0},{"not_picked":["hubris:Prefetch","Wraith Form v2","Rainbow"],"picked":"ReplayTheSpireMod:Fabricate Wheel","floor":18.0},{"not_picked":["Conserve Battery","FIFO Queue","Coolheaded"],"picked":"Gash","floor":20.0},{"not_picked":["Panic Button","Recycle+1","ReplayTheSpireMod:GoodbyeWorld"],"picked":"Barrage","floor":24.0},{"not_picked":["Skim","Capacitor+1","Turbo"],"picked":"Scrape+1","floor":24.0},{"not_picked":["Defragment","Beam Cell","Compile Driver+1"],"picked":"Go for the Eyes+1","floor":30.0},{"not_picked":["Redo","Rip and Tear","Stack"],"picked":"Conserve Battery","floor":30.0},{"not_picked":["ReplaySort","Turbo","Conserve Battery","ReplayRNGCard"],"picked":"Singing Bowl","floor":32.0},{"not_picked":["Sweeping Beam","ReplayGash","Lockon"],"picked":"Rebound","floor":32.0},{"not_picked":["Redo","Skim","Rebound+1"],"picked":"Go for the Eyes","floor":33.0},{"not_picked":["Barrage+1","ReplayGash+1","Hologram","Panic Button"],"picked":"Singing Bowl","floor":33.0}],"player_experience":614607,"relics_obtained":[{"floor":8.0,"key":"Question Card"},{"floor":9.0,"key":"aspiration:HiddenCompartment"},{"floor":28.0,"key":"Singing Bowl"}],"event_choices":[{"damage_healed":0.0,"max_hp_gain":0.0,"max_hp_loss":0.0,"gold_gain":175.0,"event_name":"Liars Game","player_choice":"AGREE","floor":7.0,"gold_loss":0.0,"damage_taken":0.0,"cards_obtained":["Doubt"]},{"damage_healed":18.0,"max_hp_gain":0.0,"max_hp_loss":0.0,"gold_gain":0.0,"event_name":"Mushrooms","player_choice":"Healed and dodged fight","floor":14.0,"gold_loss":0.0,"damage_taken":0.0,"cards_obtained":["Parasite"]},{"damage_healed":0.0,"max_hp_gain":0.0,"max_hp_loss":0.0,"gold_gain":0.0,"event_name":"Drug Dealer","player_choice":"Inject Mutagens","floor":21.0,"gold_loss":0.0,"damage_taken":0.0,"relics_obtained":["MutagenicStrength"]},{"damage_healed":0.0,"max_hp_gain":0.0,"max_hp_loss":0.0,"gold_gain":0.0,"event_name":"Back to Basics","player_choice":"Simplicity","floor":22.0,"gold_loss":0.0,"damage_taken":0.0,"cards_upgraded":["Strike_B","Strike_B","Strike_B","Strike_B","Defend_B","Defend_B","Defend_B","Defend_B"]},{"damage_healed":25.0,"max_hp_gain":0.0,"max_hp_loss":0.0,"gold_gain":0.0,"event_name":"The Library","player_choice":"Heal","floor":23.0,"gold_loss":0.0,"damage_taken":0.0},{"cards_removed":["Cold Snap"],"damage_healed":0.0,"max_hp_gain":0.0,"max_hp_loss":0.0,"gold_gain":0.0,"event_name":"WeMeetAgain","player_choice":"Gave Card","floor":27.0,"gold_loss":0.0,"damage_taken":0.0,"relics_obtained":["Blood Vial"]}],"is_beta":false,"boss_relics":[{"not_picked":["halation:Prosthetics","aspiration:FutureDiary"],"picked":"SlaversCollar"}],"items_purged_floors":[],"is_endless":false,"potions_floor_spawned":[1,2,8,10,16,32,33],"killed_by":"Champ","ascension_level":1}}