{"host":"allmbduy0wevzqlm","time":1608359710,"event":{"mods":["2.2 Compatiblity","AchievementEnabler","BaseMod","DeckTracker","Highlight Path","Minty Spire (QoL Compilation)","Quick Restart","everything is the same but u backflip on backflip"],"gold_per_floor":[119,132,132,144,144,179,253,253,253,267,42,52,68,86,86,189,189,189,0,0,17,17,47,47,64,87,87,186,186,34,52,52,150,150,169,16,29,29,29,46,46,46,46,46,59,72,72,82,82,82,82],"floor_reached":50,"playtime":4232,"items_purged":["Strike_P","Strike_P"],"score":491,"play_id":"efc7ea20-2d29-4fbe-ab71-7e966ce6a061","local_time":"20201219153510","is_ascension_mode":false,"campfire_choices":[{"data":"ConjureBlade","floor":8.0,"key":"SMITH"},{"floor":15.0,"key":"REST"},{"floor":24.0,"key":"REST"},{"data":"DevaForm","floor":27.0,"key":"SMITH"},{"data":"Vigilance","floor":29.0,"key":"SMITH"},{"floor":32.0,"key":"REST"},{"data":"MasterReality","floor":42.0,"key":"SMITH"},{"floor":47.0,"key":"REST"},{"floor":49,"key":"REST"}],"circlet_count":0,"master_deck":["Strike_P","Defend_P+1","Defend_P","Defend_P","Defend_P+1","Eruption","Vigilance+1","ConjureBlade+1","Perseverance","Adaptation","DevaForm+1","Fasting2","Halt+1","LikeWater","JustLucky","MasterReality+1","Evaluate+1","Decay","Perseverance+1"],"relics":["HolyWater","NeowsBlessing","FaceOfCleric","Oddly Smooth Stone","Bottled Lightning","Bird Faced Urn","Orichalcum","Toy Ornithopter","Cursed Key","War Paint","Molten Egg 2"],"acts_visited":["Exordium","TheCity","TheBeyond"],"potions_floor_usage":[48],"damage_taken":[{"damage":0.0,"enemies":"Cultist","floor":1.0,"turns":1.0},{"damage":0.0,"enemies":"2 Louse","floor":2.0,"turns":1.0},{"damage":0.0,"enemies":"Jaw Worm","floor":4.0,"turns":1.0},{"damage":46.0,"enemies":"3 Sentries","floor":6.0,"turns":7.0},{"damage":15.0,"enemies":"Blue Slaver","floor":10.0,"turns":4.0},{"damage":7.0,"enemies":"Looter","floor":12.0,"turns":3.0},{"damage":1.0,"enemies":"Large Slime","floor":13.0,"turns":4.0},{"damage":1.0,"enemies":"Blue Slaver","floor":14.0,"turns":4.0},{"damage":32.0,"enemies":"The Guardian","floor":16.0,"turns":15.0},{"damage":0.0,"enemies":"3 Byrds","floor":18.0,"turns":1.0},{"damage":0.0,"enemies":"Shell Parasite","floor":21.0,"turns":8.0},{"damage":70.0,"enemies":"Slavers","floor":23.0,"turns":11.0},{"damage":15.0,"enemies":"3 Cultists","floor":25.0,"turns":6.0},{"damage":9.0,"enemies":"Centurion and Healer","floor":31.0,"turns":7.0},{"damage":72.0,"enemies":"Automaton","floor":33.0,"turns":7.0},{"damage":4.0,"enemies":"Orb Walker","floor":35.0,"turns":2.0},{"damage":12.0,"enemies":"3 Shapes","floor":37.0,"turns":9.0},{"damage":11.0,"enemies":"Maw","floor":40.0,"turns":7.0},{"damage":16.0,"enemies":"3 Darklings","floor":44.0,"turns":2.0},{"damage":25.0,"enemies":"4 Shapes","floor":45.0,"turns":9.0},{"damage":44.0,"enemies":"Sphere and 2 Shapes","floor":46.0,"turns":8.0},{"damage":40,"enemies":"Transient","floor":48,"turns":5},{"damage":80,"enemies":"Awakened One","floor":50,"turns":24}],"seed_played":"8211654810368909753","potions_obtained":[{"floor":1.0,"key":"Weak Potion"},{"floor":4.0,"key":"ColorlessPotion"},{"floor":12.0,"key":"SmokeBomb"},{"floor":13.0,"key":"Regen Potion"},{"floor":14.0,"key":"Strength Potion"},{"floor":16.0,"key":"DuplicationPotion"},{"floor":21.0,"key":"Dexterity Potion"},{"floor":23.0,"key":"Block Potion"},{"floor":25.0,"key":"GamblersBrew"},{"floor":35.0,"key":"EntropicBrew"},{"floor":40.0,"key":"DistilledChaos"},{"floor":41.0,"key":"DuplicationPotion"},{"floor":46.0,"key":"Fire Potion"}],"is_trial":false,"path_per_floor":["M","M","?","M","?","E","T","R","T","M","$","M","M","M","R","B",null,"M","?","?","M","?","E","R","M","T","R","?","R","$","M","R","B",null,"M","$","M","$","?","M","?","R","T","M","M","M","R","M","R","B"],"character_chosen":"WATCHER","items_purchased":["Adaptation","Regen Potion","PowerPotion","War Paint"],"campfire_rested":5,"item_purchase_floors":[11,11,30,36],"current_hp_per_floor":[72,72,72,73,73,28,28,28,28,14,14,19,21,35,58,29,79,80,80,80,81,81,16,40,32,32,32,32,32,32,39,64,11,85,84,84,83,83,83,83,83,83,83,83,73,40,67,43,70,0,0],"gold":82,"neow_bonus":"THREE_ENEMY_KILL","is_daily":false,"chose_seed":false,"campfire_upgraded":4,"win_rate":0.0,"timestamp":1608359710,"path_taken":["M","?","?","?","?","E","?","R","T","M","$","M","M","M","R","BOSS","M","?","?","M","?","E","R","M","T","R","?","R","$","M","R","BOSS","M","$","M","$","?","M","?","R","T","M","M","M","R","?","R","BOSS"],"items_purchased_type":["Card","Potion","Potion","Relic"],"build_version":"2020-12-13","purchased_purges":2,"victory":false,"max_hp_per_floor":[72,72,72,73,73,74,74,74,74,75,75,76,77,78,78,79,79,80,80,80,81,81,82,82,83,83,83,83,83,83,84,84,85,85,86,86,87,87,87,88,88,88,88,89,90,91,91,92,92,92,92],"card_choices":[{"not_picked":["WheelKick","Evaluate","Protect"],"picked":"SKIP","floor":1.0},{"not_picked":["CutThroughFate","Halt","Consecrate"],"picked":"SKIP","floor":2.0},{"not_picked":["EmptyBody","Nirvana","Halt"],"picked":"SKIP","floor":4.0},{"not_picked":["EmptyBody","Halt","FollowUp"],"picked":"SKIP","floor":6.0},{"not_picked":["EmptyBody","ClearTheMind"],"picked":"Perseverance","floor":10.0},{"not_picked":["SignatureMove","BowlingBash","ClearTheMind"],"picked":"SKIP","floor":12.0},{"not_picked":["SandsOfTime","BattleHymn","Crescendo"],"picked":"SKIP","floor":13.0},{"not_picked":["FlurryOfBlows","FollowUp","SashWhip"],"picked":"SKIP","floor":14.0},{"not_picked":["Judgement","MasterReality"],"picked":"DevaForm","floor":16.0},{"not_picked":["PathToVictory","FollowUp"],"picked":"Fasting2","floor":21.0},{"not_picked":["BowlingBash","Tantrum+1"],"picked":"Halt+1","floor":23.0},{"not_picked":["EmptyFist","FlurryOfBlows+1"],"picked":"LikeWater","floor":25.0},{"not_picked":["CutThroughFate","Crescendo"],"picked":"JustLucky","floor":31.0},{"not_picked":["Judgement","Establishment"],"picked":"MasterReality","floor":33.0},{"not_picked":["Consecrate","FlurryOfBlows"],"picked":"Evaluate+1","floor":35.0},{"not_picked":["ThirdEye","EmptyFist+1","SandsOfTime+1"],"picked":"SKIP","floor":37.0},{"not_picked":["ReachHeaven+1","Consecrate","SashWhip+1"],"picked":"SKIP","floor":40.0},{"not_picked":["JustLucky+1","ReachHeaven+1"],"picked":"Perseverance+1","floor":45.0},{"not_picked":["CutThroughFate+1","BowlingBash+1","EmptyBody"],"picked":"SKIP","floor":46.0},{"not_picked":["FollowUp+1","Sanctity","Pray+1"],"picked":"SKIP","floor":48}],"player_experience":271165,"relics_obtained":[{"floor":6.0,"key":"Oddly Smooth Stone"},{"floor":7.0,"key":"Bottled Lightning"},{"floor":9.0,"key":"Bird Faced Urn"},{"floor":23.0,"key":"Orichalcum"},{"floor":26.0,"key":"Toy Ornithopter"},{"floor":43.0,"key":"Molten Egg 2"}],"event_choices":[{"damage_healed":0.0,"max_hp_gain":0.0,"max_hp_loss":0.0,"gold_gain":0.0,"event_name":"FaceTrader","player_choice":"Trade","floor":3.0,"gold_loss":0.0,"damage_taken":0.0,"relics_obtained":["FaceOfCleric"]},{"damage_healed":0.0,"max_hp_gain":0.0,"max_hp_loss":0.0,"gold_gain":0.0,"cards_transformed":["Strike_P"],"event_name":"Living Wall","player_choice":"Change","floor":5.0,"gold_loss":0.0,"damage_taken":0.0,"cards_obtained":["ConjureBlade"]},{"damage_healed":0.0,"max_hp_gain":0.0,"max_hp_loss":0.0,"gold_gain":0.0,"event_name":"Masked Bandits","player_choice":"Paid Fearfully","floor":19.0,"gold_loss":189.0,"damage_taken":0.0},{"damage_healed":0.0,"max_hp_gain":0.0,"max_hp_loss":0.0,"gold_gain":0.0,"event_name":"Ghosts","player_choice":"Ignored","floor":20.0,"gold_loss":0.0,"damage_taken":0.0},{"damage_healed":0.0,"max_hp_gain":0.0,"max_hp_loss":0.0,"gold_gain":99.0,"event_name":"Nest","player_choice":"Stole From Cult","floor":28.0,"gold_loss":0.0,"damage_taken":0.0},{"damage_healed":0.0,"max_hp_gain":0.0,"max_hp_loss":0.0,"gold_gain":0.0,"event_name":"SensoryStone","player_choice":"Memory 1","floor":39.0,"gold_loss":0.0,"damage_taken":0.0},{"damage_healed":0.0,"max_hp_gain":0.0,"max_hp_loss":0.0,"gold_gain":0.0,"event_name":"Lab","player_choice":"Got Potions","floor":41.0,"gold_loss":0.0,"damage_taken":0.0}],"is_beta":false,"boss_relics":[{"not_picked":["VioletLotus","Empty Cage"],"picked":"HolyWater"},{"not_picked":["Black Star","SacredBark"],"picked":"Cursed Key"}],"items_purged_floors":[11,30],"is_endless":false,"potions_floor_spawned":[1,4,12,13,14,16,21,23,25,35,40,46],"killed_by":"Awakened One","ascension_level":0}}