{"host":"87fdiiwflhrwsj8a","time":1608351020,"event":{"mods":["Aspiration","BaseMod","Better Match","Better Third Choice","BetterRewards","Colored Map","Downfall","GifTheSpireLib","Infinite Spire","Minty Spire (QoL Compilation)","Relic Sorter","Replay The Spire","Robot Space Explorer","StSLib","Stuff the Spire","The Cursed"],"gold_per_floor":[112,112,112,122,132,132,167,167,167,198,213,213,34,61,61,159,159,178,277,324,324,338,338,356,356,428,628,628,660,676,218,218,322,322,332,351,311,327,73,101,101,130,154,154,154,184,334,334,334,334,334,334,68,94,94],"floor_reached":56,"playtime":6279,"items_purged":[],"score":2554,"play_id":"c143b0a8-d4f4-4b84-83bd-2993fea5c198","local_time":"20201218231020","is_ascension_mode":true,"campfire_choices":[{"data":"TheCursedMod:SpitefulPray","floor":6.0,"key":"SMITH"},{"floor":8.0,"key":"REST"},{"floor":12.0,"key":"REST"},{"data":"TheCursedMod:CollectTribute","floor":15.0,"key":"SMITH"},{"data":"TheCursedMod:OutForBlood","floor":23.0,"key":"SMITH"},{"data":"TheCursedMod:Torture","floor":25.0,"key":"SMITH"},{"floor":32,"key":"DIG"},{"data":"TheCursedMod:EmpowerCircles","floor":45,"key":"SMITH"},{"floor":49,"key":"RECALL"},{"data":"TheCursedMod:SpitefulPray","floor":52,"key":"SMITH"}],"circlet_count":0,"master_deck":["TheCursedMod:Strike_TheCursed","TheCursedMod:Strike_TheCursed","TheCursedMod:Defend_TheCursed","TheCursedMod:Defend_TheCursed","TheCursedMod:Defend_TheCursed","TheCursedMod:CleanUpWorkshop","TheCursedMod:Dregs","TheCursedMod:SpitefulPray+1","TheCursedMod:SpitefulPray+1","TheCursedMod:HellsGateOpen+1","TheCursedMod:CursedMace","TheCursedMod:Torture+1","TheCursedMod:VitalStrike","TheCursedMod:SurpriseAttack","TheCursedMod:CursedBlade","TheCursedMod:CollectTribute+1","TheCursedMod:VitalStrike","TheCursedMod:Stigma+1","Master of Strategy","TheCursedMod:OutForBlood+1","TheCursedMod:SurpriseAttack","ReplayTheSpireMod:Splinters","TheCursedMod:CircleOfWindfury","TheCursedMod:CursedBlade+1","TheCursedMod:VitalStrike+1","TheCursedMod:SurpriseAttack","infinitespire:Collect+1","TheCursedMod:Mangle","TheCursedMod:DemonSword+1","TheCursedMod:Hemoplague+1","TheCursedMod:CollectTribute+1","TheCursedMod:CircleOfWindfury+1","TheCursedMod:CircleOfCorruption+1","TheCursedMod:DoubleShield+1","TheCursedMod:EmpowerCircles+1","TheCursedMod:CircleOfFlame","Pot Of Greed+1","Pot Of Greed+1","Pot Of Greed+1","Pot Of Greed+1","TheCursedMod:HellfireBreathing+1","TheCursedMod:CursedSpellbook+1","TheCursedMod:CursedSpellbook+1","TheCursedMod:Obscuration+1","Writhe","TheCursedMod:StingEye+1","Delirium","Parasite","Flash of Steel+1","TheCursedMod:EmpowerCircles+1","TheCursedMod:CursedWand"],"relics":["TheCursedMod:BlackMagic101","StuffTheSpire:GrapeVine","Prayer Wheel","ClockworkSouvenir","StuffTheSpire:Nightcore","WingedGreaves","Blue Candle","FaceOfCleric","CaptainsWheel","Turnip","StoneCalendar","Replay:Drink Me","Replay:Accelerometer","Golden Egg","MealTicket","infinitespire:Broken Mirror","Onion Ring","Blue Doll","Busted Crown","Grinning Jar","Simple Rune","Gremlin Horn","Dream Catcher","Blood Vial","ReplayTheSpireMod:CursedCoin","ChewingGum","Molten Egg 2","ReplayTheSpireMod:CursedCoin","Replay:WaspNest","StuffTheSpire:Mouthbags"],"acts_visited":["Exordium","TheCity","TheBeyond","TheEnding"],"potions_floor_usage":[30,55],"damage_taken":[{"damage":10.0,"enemies":"2 Louse","floor":1.0,"turns":2.0},{"damage":0.0,"enemies":"Small Slimes","floor":4.0,"turns":3.0},{"damage":0.0,"enemies":"Cultist","floor":5.0,"turns":2.0},{"damage":10.0,"enemies":"Lagavulin","floor":7.0,"turns":3.0},{"damage":27.0,"enemies":"3 Sentries","floor":10.0,"turns":7.0},{"damage":14.0,"enemies":"Exordium Thugs","floor":11.0,"turns":3.0},{"damage":15.0,"enemies":"Lagavulin","floor":14.0,"turns":3.0},{"damage":4.0,"enemies":"Hexaghost","floor":16.0,"turns":4.0},{"damage":0.0,"enemies":"Shell Parasite","floor":18.0,"turns":3.0},{"damage":0.0,"enemies":"3 Byrds","floor":22.0,"turns":3.0},{"damage":12.0,"enemies":"Shelled Parasite and Fungi","floor":24.0,"turns":3.0},{"damage":0,"enemies":"Gremlin Leader","floor":29,"turns":3},{"damage":10,"enemies":"Snake Plant","floor":30,"turns":2},{"damage":11,"enemies":"Collector","floor":33,"turns":3},{"damage":4,"enemies":"3 Shapes","floor":35,"turns":2},{"damage":19,"enemies":"3 Darklings","floor":36,"turns":3},{"damage":2,"enemies":"Transient","floor":38,"turns":5},{"damage":1,"enemies":"Giant Head","floor":40,"turns":2},{"damage":0,"enemies":"Reptomancer","floor":42,"turns":2},{"damage":1,"enemies":"R_Hoarder","floor":46,"turns":4},{"damage":3,"enemies":"Donu and Deca","floor":50,"turns":2},{"damage":1,"enemies":"Shield and Spear","floor":54,"turns":3},{"damage":45,"enemies":"The Heart","floor":55,"turns":5}],"seed_played":"-3022300689024271476","potions_obtained":[{"floor":4.0,"key":"Explosive Potion"},{"floor":5.0,"key":"Weak Potion"},{"floor":11.0,"key":"FairyPotion"},{"floor":14.0,"key":"PowerPotion"},{"floor":24.0,"key":"Weak Potion"},{"floor":33,"key":"LiquidMemories"},{"floor":36,"key":"champ:CounterPotion"}],"is_trial":false,"path_per_floor":["M","?","?","M","M","R","E","R","T","E","M","R","$","E","R","B",null,"M","?","?","?","M","R","M","R","T","?","AVR","E","M","$","R_BF","B",null,"M","M","?","M","$","E","R","E","T","?","R","E","AVR","T","R_BF","B",null,"R","$","E","B",null],"character_chosen":"THE_CURSED","items_purchased":["StuffTheSpire:GrapeVine","TheCursedMod:SpitefulPray","ClockworkSouvenir","TheCursedMod:SpitefulPray","Blue Candle","TheCursedMod:HellsGateOpen+1","TheCursedMod:CursedMace","Master of Strategy","Onion Ring","TheCursedMod:DemonSword","TheCursedMod:Hemoplague","Grinning Jar","TheCursedMod:HellfireBreathing+1","TheCursedMod:CursedSpellbook","TheCursedMod:Obscuration","ReplayTheSpireMod:CursedCoin","Replay:WaspNest","Flash of Steel+1","TheCursedMod:EmpowerCircles"],"campfire_rested":2,"item_purchase_floors":[0,0,0,0,0,0,0,13,31,31,31,39,39,39,39,53,53,53,53],"current_hp_per_floor":[11,26,26,27,28,28,19,42,42,16,3,27,27,13,13,10,49,50,50,50,50,51,51,40,40,40,40,40,41,32,47,47,37,60,57,39,39,38,53,53,53,54,54,72,72,72,72,72,72,72,74,74,75,75,32],"gold":94,"neow_bonus":"","is_daily":false,"chose_seed":false,"campfire_upgraded":6,"win_rate":0.0,"timestamp":1608351020,"path_taken":["M","?","?","M","?","R","E","R","T","E","M","R","$","E","R","BOSS","M","?","?","?","?","R","M","R","T","?","AVR","E","M","$","R_BF","BOSS","M","?","?","?","$","E","R","E","T","?","R","E","AVR","?","R_BF","BOSS","R","$","E","BOSS"],"items_purchased_type":["Relic","Card","Relic","Card","Relic","Card","Card","Card","Relic","Card","Card","Relic","Card","Card","Card","Relic","Relic","Card","Card"],"build_version":"2020-12-13","purchased_purges":0,"victory":true,"max_hp_per_floor":[75,75,75,76,77,77,78,78,78,79,80,80,80,81,81,82,62,63,63,63,63,64,64,65,65,65,65,65,66,67,67,67,68,68,69,70,70,71,71,72,72,73,73,73,73,74,74,74,74,75,75,75,75,76,77],"card_choices":[{"not_picked":["TheCursedMod:ReleasedStrength","TheCursedMod:CircleOfFlame"],"picked":"TheCursedMod:Torture","floor":1.0},{"not_picked":["TheCursedMod:FleshFromBone","TheCursedMod:SoulCrush","TheCursedMod:CircleOfCorruption"],"picked":"SKIP","floor":1.0},{"not_picked":["TheCursedMod:FleshFromBone","TheCursedMod:SoulCrush","TheCursedMod:CircleOfCorruption"],"picked":"SKIP","floor":1.0},{"not_picked":["TheCursedMod:Stretching","TheCursedMod:RapidMovement"],"picked":"TheCursedMod:VitalStrike","floor":4.0},{"not_picked":["TheCursedMod:SpitefulStrike","TheCursedMod:TacticalStrike","TheCursedMod:SurpriseAttack"],"picked":"SKIP","floor":4.0},{"not_picked":["TheCursedMod:SpitefulStrike","TheCursedMod:TacticalStrike"],"picked":"TheCursedMod:SurpriseAttack","floor":4.0},{"not_picked":["TheCursedMod:CursedAmulet","TheCursedMod:RapidMovement"],"picked":"TheCursedMod:CursedBlade","floor":5.0},{"not_picked":["TheCursedMod:CursedBoomerang","TheCursedMod:CursedAmulet"],"picked":"TheCursedMod:CollectTribute","floor":5.0},{"not_picked":["TheCursedMod:CursedMace","TheCursedMod:AshesToAshes"],"picked":"TheCursedMod:VitalStrike","floor":7.0},{"not_picked":["TheCursedMod:CursedAmulet","TheCursedMod:Obscuration","TheCursedMod:VitalStrike"],"picked":"SKIP","floor":10.0},{"not_picked":["TheCursedMod:CursedMace","TheCursedMod:SoulCrush"],"picked":"TheCursedMod:Stigma","floor":11.0},{"not_picked":["TheCursedMod:CursedAmulet","TheCursedMod:FleshFromBone","TheCursedMod:SoulCrush"],"picked":"SKIP","floor":11.0},{"not_picked":["TheCursedMod:CircleOfBlood","TheCursedMod:Wield","TheCursedMod:HellsGateOpen"],"picked":"SKIP","floor":14.0},{"not_picked":["TheCursedMod:ParallelWorld","TheCursedMod:CollectTribute"],"picked":"TheCursedMod:OutForBlood","floor":16.0},{"not_picked":["TheCursedMod:CursedAmulet","TheCursedMod:Obscuration"],"picked":"TheCursedMod:SurpriseAttack","floor":18.0},{"not_picked":["TheCursedMod:VitalStrike","TheCursedMod:Wield","TheCursedMod:CursedBlade"],"picked":"SKIP","floor":18.0},{"not_picked":["TheCursedMod:Stigma","TheCursedMod:VoidForm"],"picked":"TheCursedMod:CircleOfWindfury","floor":20.0},{"not_picked":["TheCursedMod:ReleasedStrength","TheCursedMod:Obscuration"],"picked":"TheCursedMod:CursedBlade+1","floor":20.0},{"not_picked":["TheCursedMod:TacticalStrike","TheCursedMod:FleshFromBone"],"picked":"TheCursedMod:VitalStrike+1","floor":22.0},{"not_picked":["TheCursedMod:Stigma","TheCursedMod:Wield","TheCursedMod:CursedBlade"],"picked":"SKIP","floor":22.0},{"not_picked":["TheCursedMod:Grudge","TheCursedMod:Wield"],"picked":"TheCursedMod:SurpriseAttack","floor":24.0},{"not_picked":["TheCursedMod:CursedAmulet","TheCursedMod:Torture","TheCursedMod:Wield"],"picked":"SKIP","floor":24.0},{"not_picked":["TheCursedMod:AntiAging","TheCursedMod:CircleOfFlame"],"picked":"TheCursedMod:Mangle","floor":29},{"not_picked":["TheCursedMod:VitalStrike","TheCursedMod:CircleOfFlame","TheCursedMod:CursedMace+1"],"picked":"SKIP","floor":30},{"not_picked":["TheCursedMod:SmokeScreen","TheCursedMod:VitalStrike","TheCursedMod:CursedAmulet"],"picked":"SKIP","floor":30},{"not_picked":["TheCursedMod:ShockAndAwe","TheCursedMod:StunningStrike"],"picked":"TheCursedMod:CollectTribute","floor":33},{"not_picked":[],"picked":"TheCursedMod:CircleOfWindfury+1","floor":35},{"not_picked":[],"picked":"TheCursedMod:CircleOfCorruption+1","floor":35},{"not_picked":[],"picked":"TheCursedMod:DoubleShield+1","floor":36},{"not_picked":[],"picked":"TheCursedMod:EmpowerCircles","floor":36},{"not_picked":[],"picked":"TheCursedMod:CircleOfFlame","floor":38},{"not_picked":["TheCursedMod:FleshFromBone"],"picked":"SKIP","floor":38},{"not_picked":["TheCursedMod:CursedArmor+1"],"picked":"SKIP","floor":40},{"not_picked":["TheCursedMod:SoulReap+1"],"picked":"SKIP","floor":42},{"not_picked":[],"picked":"TheCursedMod:StingEye+1","floor":46},{"not_picked":["TheCursedMod:CursedAmulet"],"picked":"SKIP","floor":54}],"player_experience":2578583,"relics_obtained":[{"floor":7.0,"key":"CaptainsWheel"},{"floor":10.0,"key":"Turnip"},{"floor":14.0,"key":"StoneCalendar"},{"floor":20.0,"key":"Replay:Accelerometer"},{"floor":26.0,"key":"Golden Egg"},{"floor":29,"key":"infinitespire:Broken Mirror"},{"floor":32,"key":"Blue Doll"},{"floor":40,"key":"Simple Rune"},{"floor":42,"key":"Gremlin Horn"},{"floor":43,"key":"Dream Catcher"},{"floor":46,"key":"Blood Vial"},{"floor":48,"key":"Molten Egg 2"},{"floor":54,"key":"StuffTheSpire:Mouthbags"}],"event_choices":[{"damage_healed":0.0,"max_hp_gain":0.0,"max_hp_loss":0.0,"gold_gain":0.0,"event_name":"FaceTrader","player_choice":"Trade","floor":3.0,"gold_loss":0.0,"damage_taken":0.0,"relics_obtained":["FaceOfCleric"]},{"damage_healed":0.0,"max_hp_gain":0.0,"max_hp_loss":0.0,"gold_gain":99.0,"event_name":"betterThird:BetterNest","player_choice":"Steal","floor":19.0,"gold_loss":0.0,"damage_taken":0.0},{"damage_healed":0.0,"max_hp_gain":0.0,"max_hp_loss":0.0,"gold_gain":0.0,"event_name":"Beggar","player_choice":"Ignored","floor":21.0,"gold_loss":0.0,"damage_taken":0.0},{"damage_healed":0.0,"max_hp_gain":0.0,"max_hp_loss":0.0,"gold_gain":200.0,"event_name":"Wheel of Change","player_choice":"Gold","floor":27.0,"gold_loss":0.0,"damage_taken":0.0},{"damage_healed":0,"gold_gain":0,"player_choice":"Upgraded Two","damage_taken":0,"max_hp_gain":0,"max_hp_loss":0,"event_name":"Designer","floor":37,"gold_loss":40,"cards_upgraded":["infinitespire:Collect","TheCursedMod:Stigma"]},{"damage_healed":18,"gold_gain":0,"player_choice":"Writhe","damage_taken":0,"max_hp_gain":0,"max_hp_loss":0,"event_name":"Winding Halls","floor":44,"gold_loss":0,"cards_obtained":["Writhe"]}],"is_beta":false,"boss_relics":[{"not_picked":["Honey Jar","Replay:Wanted Poster"],"picked":"Replay:Drink Me"},{"not_picked":["Sozu","Velvet Choker"],"picked":"Busted Crown"}],"items_purged_floors":[],"is_endless":false,"potions_floor_spawned":[4,5,11,14,24,33,36,42],"ascension_level":8}}