{"host":"8qb550oiisecbnz6","time":1608397983,"event":{"mods":["AchievementEnabler","BaseMod","Colored Map","Colored Powertips","Minty Spire (QoL Compilation)","Quick Restart","Slay-I","StSLib"],"gold_per_floor":[118,43,43,43,43,74,94,94,94,129,29,29,29,54,54,179,179,194,194,69,90,106,106,139,139,188,188,188],"floor_reached":27,"playtime":995,"items_purged":["Strike_B","Strike_B","Regret"],"score":341,"play_id":"b828297a-c968-40b1-a2de-1cd4b31d9fce","local_time":"20201219181303","is_ascension_mode":true,"campfire_choices":[{"data":"Zap","floor":8,"key":"SMITH"},{"data":"Zap","floor":13,"key":"SMITH"},{"data":"Redo","floor":15,"key":"SMITH"},{"floor":23,"key":"REST"},{"data":"Dualcast","floor":25,"key":"SMITH"}],"circlet_count":0,"master_deck":["Strike_B","Strike_B","Defend_B","Defend_B","Defend_B","Defend_B","Zap+1","Dualcast+1","Sweeping Beam","Loop","Zap+1","Thunder Strike","Lockon","Redo+1","Electrodynamics","Gash+1","Beam Cell+1"],"relics":["Cracked Core","NeowsBlessing","Letter Opener","Golden Idol","Eternal Feather","Darkstone Periapt","Bird Faced Urn","Boot","Inserter","Prayer Wheel","DataDisk"],"acts_visited":["Exordium","TheCity"],"potions_floor_usage":[14,22,22,27],"damage_taken":[{"damage":0,"enemies":"Small Slimes","floor":1,"turns":1},{"damage":0,"enemies":"Lagavulin","floor":6,"turns":1},{"damage":0,"enemies":"Jaw Worm","floor":7,"turns":1},{"damage":43,"enemies":"3 Sentries","floor":10,"turns":6},{"damage":2,"enemies":"2 Louse","floor":14,"turns":2},{"damage":27,"enemies":"Slime Boss","floor":16,"turns":6},{"damage":4,"enemies":"Chosen","floor":18,"turns":4},{"damage":26,"enemies":"3 Byrds","floor":21,"turns":3},{"damage":14,"enemies":"Snake Plant","floor":22,"turns":3},{"damage":31,"enemies":"Slavers","floor":24,"turns":3},{"damage":33,"enemies":"Shelled Parasite and Fungi","floor":27,"turns":3}],"seed_played":"-8747447967552040907","potions_obtained":[{"floor":7,"key":"PotionOfCapacity"},{"floor":14,"key":"Fruit Juice"},{"floor":16,"key":"SteroidPotion"},{"floor":21,"key":"AttackPotion"},{"floor":24,"key":"Block Potion"}],"is_trial":false,"path_per_floor":["M","$","?","?","?","E","M","R","T","E","$","?","R","M","R","B",null,"M","?","$","M","M","R","E","R","T","M"],"character_chosen":"DEFECT","items_purchased":[],"campfire_rested":1,"item_purchase_floors":[],"current_hp_per_floor":[68,68,68,68,68,68,68,69,69,26,26,26,32,35,44,19,60,60,53,53,29,19,50,21,30,30,0,0],"gold":188,"neow_bonus":"THREE_ENEMY_KILL","is_daily":false,"chose_seed":false,"campfire_upgraded":4,"win_rate":0.0,"timestamp":1608397983,"path_taken":["M","$","?","?","?","E","?","R","T","E","$","?","R","M","R","BOSS","M","?","$","M","M","R","E","R","T","?"],"items_purchased_type":[],"build_version":"2020-12-13","purchased_purges":3,"victory":false,"max_hp_per_floor":[75,75,75,69,69,69,69,69,69,69,69,69,69,74,74,74,74,74,74,74,74,74,74,74,74,74,74,74],"card_choices":[{"not_picked":["Turbo","Leap"],"picked":"Sweeping Beam","floor":1},{"not_picked":["Steam Power","Gash"],"picked":"Thunder Strike","floor":6},{"not_picked":["Hologram","Gash"],"picked":"Lockon","floor":7},{"not_picked":["Double Energy","Biased Cognition","Scrape"],"picked":"SKIP","floor":10},{"not_picked":["Sweeping Beam","Gash"],"picked":"Redo","floor":14},{"not_picked":["Buffer","Multi-Cast"],"picked":"Electrodynamics","floor":16},{"not_picked":["Heatsinks","Compile Driver+1"],"picked":"Gash+1","floor":18},{"not_picked":["Scrape+1","Storm"],"picked":"Beam Cell+1","floor":21},{"not_picked":["Sunder","Rebound","Genetic Algorithm+1"],"picked":"SKIP","floor":22},{"not_picked":["Barrage","Streamline","Gash"],"picked":"SKIP","floor":24}],"player_experience":382086,"relics_obtained":[{"floor":6,"key":"Eternal Feather"},{"floor":9,"key":"Darkstone Periapt"},{"floor":10,"key":"Bird Faced Urn"},{"floor":24,"key":"Prayer Wheel"},{"floor":26,"key":"DataDisk"}],"event_choices":[{"damage_healed":0,"gold_gain":0,"player_choice":"Box","damage_taken":0,"relics_obtained":["Letter Opener"],"max_hp_gain":0,"max_hp_loss":0,"event_name":"Big Fish","floor":3,"gold_loss":0,"cards_obtained":["Regret"]},{"damage_healed":0,"gold_gain":0,"player_choice":"Lose Max HP","damage_taken":0,"relics_obtained":["Golden Idol"],"max_hp_gain":0,"max_hp_loss":6,"event_name":"Golden Idol","floor":4,"gold_loss":0},{"damage_healed":0,"gold_gain":0,"player_choice":"2 cards matched","damage_taken":0,"max_hp_gain":0,"max_hp_loss":0,"event_name":"Match and Keep!","floor":5,"gold_loss":0,"cards_obtained":["Loop","Zap"]},{"damage_healed":0,"gold_gain":0,"player_choice":"Gave Potion","damage_taken":0,"relics_obtained":["Boot"],"max_hp_gain":0,"max_hp_loss":0,"event_name":"WeMeetAgain","floor":12,"gold_loss":0},{"damage_healed":0,"gold_gain":0,"player_choice":"Damaged","damage_taken":7,"max_hp_gain":0,"max_hp_loss":0,"event_name":"Wheel of Change","floor":19,"gold_loss":0}],"is_beta":false,"boss_relics":[{"not_picked":["Calling Bell","Sozu"],"picked":"Inserter"}],"items_purged_floors":[2,11,20],"is_endless":false,"potions_floor_spawned":[7,14,16,21,24],"killed_by":"Shelled Parasite and Fungi","ascension_level":6}}