{"host":"oluf6aumjll4vfac","time":1608395452,"event":{"mods":["BaseMod","Colored Map","Colored Powertips","Conspire","Downfall","Minty Spire (QoL Compilation)","Quick Restart","Shop Mod","StSLib","SuperFastMode"],"gold_per_floor":[117,67,95,113,126,126,145,145,192,192,192,228,248,43,43,172,235,248,248,269,46,64,64,14,14,38,52,52,73,73,88,88,214,214,239,252,315,8,8,8,32,32,32],"floor_reached":42,"playtime":1220,"items_purged":["Strike_R"],"score":388,"play_id":"334f2773-3a5c-489e-97b2-9120d72c6cf8","local_time":"20201220003052","is_ascension_mode":false,"campfire_choices":[{"data":"Armaments","floor":6,"key":"SMITH"},{"data":"Cleave","floor":8,"key":"SMITH"},{"data":"Thunderclap","floor":10,"key":"SMITH"},{"data":"Apotheosis","floor":15,"key":"SMITH"},{"data":"Corruption","floor":23,"key":"SMITH"},{"data":"Infernal Blade","floor":25,"key":"SMITH"},{"data":"Limit Break","floor":30,"key":"SMITH"},{"floor":32,"key":"REST"},{"floor":40,"key":"REST"}],"circlet_count":0,"master_deck":["Strike_R","Strike_R","Strike_R","Defend_R","Defend_R","Defend_R+1","Bash","Thunderclap+1","Hemokinesis","Armaments+1","Infernal Blade+1","Cleave+1","Anger","Wild Strike","Apotheosis+1","Blood for Blood","Offering","Wild Strike","Shockwave","Twin Strike+1","Bandage Up","Corruption+1","Havoc+1","Bandage Up","Limit Break+1","Anger+1","Double Tap","Spot Weakness","Combust","Feed","Flex","conspire:Charge+1"],"relics":["Burning Blood","NeowsBlessing","Smiling Mask","Toy Ornithopter","Golden Idol","Odd Mushroom","Tiny House","Centennial Puzzle","Black Star","Thread and Needle","Membership Card"],"acts_visited":["Exordium","TheCity","TheBeyond"],"potions_floor_usage":[12,16,16,16,18,22,27,33,33,41,41,42],"damage_taken":[{"damage":0,"enemies":"Small Slimes","floor":1,"turns":1},{"damage":0,"enemies":"conspire:MimicChest","floor":3,"turns":1},{"damage":0,"enemies":"2 Louse","floor":4,"turns":1},{"damage":10,"enemies":"conspire:RoseBush","floor":5,"turns":2},{"damage":11,"enemies":"Blue Slaver","floor":7,"turns":3},{"damage":15,"enemies":"The Mushroom Lair","floor":12,"turns":3},{"damage":13,"enemies":"Large Slime","floor":13,"turns":3},{"damage":46,"enemies":"Hexaghost","floor":16,"turns":7},{"damage":12,"enemies":"3 Byrds","floor":18,"turns":4},{"damage":8,"enemies":"Spheric Guardian","floor":20,"turns":1},{"damage":14,"enemies":"Snecko","floor":22,"turns":3},{"damage":13,"enemies":"conspire:HollyBat","floor":27,"turns":4},{"damage":6,"enemies":"Snake Plant","floor":29,"turns":3},{"damage":49,"enemies":"Cultist and Chosen","floor":31,"turns":7},{"damage":99,"enemies":"Automaton","floor":33,"turns":9},{"damage":16,"enemies":"Orb Walker","floor":35,"turns":3},{"damage":15,"enemies":"3 Shapes","floor":36,"turns":3},{"damage":50,"enemies":"Mind Bloom Boss Battle","floor":37,"turns":6},{"damage":7,"enemies":"3 Darklings","floor":41,"turns":3},{"damage":95,"enemies":"Nemesis","floor":42,"turns":6}],"seed_played":"-4947298594082917866","potions_obtained":[{"floor":3,"key":"Weak Potion"},{"floor":5,"key":"Regen Potion"},{"floor":7,"key":"Swift Potion"},{"floor":12,"key":"BloodPotion"},{"floor":16,"key":"FearPotion"},{"floor":17,"key":"SkillPotion"},{"floor":20,"key":"GamblersBrew"},{"floor":22,"key":"BloodPotion"},{"floor":31,"key":"Block Potion"},{"floor":37,"key":"Explosive Potion"},{"floor":41,"key":"BlessingOfTheForge"}],"is_trial":false,"path_per_floor":["M","?","?","M","M","R","M","R","T","R","?","?","M","$","R","B",null,"M","?","M","$","M","R","$","R","T","M","?","M","R","M","R","B",null,"M","M","?","$","?","R","M","E"],"character_chosen":"IRONCLAD","items_purchased":["Apotheosis","Blood for Blood","Bandage Up","Corruption","Feed","Flex","Membership Card","Strength Potion"],"campfire_rested":2,"item_purchase_floors":[14,14,21,21,38,38,38,38],"current_hp_per_floor":[80,80,80,80,76,76,71,71,71,71,71,73,66,66,66,57,85,84,84,82,82,81,81,81,81,81,78,78,84,84,50,75,21,85,75,78,42,42,42,67,76,0,0],"gold":32,"neow_bonus":"THREE_ENEMY_KILL","is_daily":false,"chose_seed":false,"campfire_upgraded":7,"win_rate":0.0,"timestamp":1608395452,"path_taken":["M","?","?","M","M","R","M","R","T","R","?","?","M","?","R","BOSS","M","?","M","$","M","R","$","R","T","M","?","M","R","M","R","BOSS","M","?","?","$","?","R","M","E"],"items_purchased_type":["Card","Card","Card","Card","Card","Card","Relic","Potion"],"build_version":"2020-12-13","purchased_purges":1,"victory":false,"max_hp_per_floor":[80,80,80,80,80,80,80,80,80,80,80,80,80,80,80,80,85,85,85,85,85,85,85,85,85,85,85,85,85,85,85,85,85,85,85,85,85,85,85,85,85,85,85],"card_choices":[{"not_picked":["Wild Strike","Entrench"],"picked":"Thunderclap","floor":1},{"not_picked":["Pummel","Bloodletting"],"picked":"Hemokinesis","floor":3},{"not_picked":["Flex","Thunderclap"],"picked":"Armaments","floor":4},{"not_picked":["Second Wind","Rupture"],"picked":"Infernal Blade","floor":5},{"not_picked":["Metallicize","Seeing Red"],"picked":"Cleave","floor":7},{"not_picked":["Shockwave","Body Slam"],"picked":"Anger","floor":12},{"not_picked":["Iron Wave","Warcry"],"picked":"Wild Strike","floor":13},{"not_picked":["Demon Form","conspire:Purge"],"picked":"Offering","floor":16},{"not_picked":["True Grit","Sword Boomerang"],"picked":"Wild Strike","floor":17},{"not_picked":["Shrug It Off","Iron Wave"],"picked":"Shockwave","floor":18},{"not_picked":["Bloodletting","Havoc"],"picked":"Twin Strike+1","floor":20},{"not_picked":["Twin Strike","Heavy Blade+1"],"picked":"Havoc+1","floor":22},{"not_picked":["Feel No Pain+1","Body Slam","Pummel"],"picked":"SKIP","floor":27},{"not_picked":["Dropkick","Perfected Strike"],"picked":"Limit Break","floor":29},{"not_picked":["Iron Wave+1","Headbutt"],"picked":"Anger+1","floor":31},{"not_picked":["Impervious","Exhume"],"picked":"Double Tap","floor":33},{"not_picked":["Thunderclap+1","Whirlwind+1"],"picked":"Spot Weakness","floor":35},{"not_picked":["Body Slam","Feel No Pain","Cleave"],"picked":"SKIP","floor":36},{"not_picked":["Metallicize+1","Clash"],"picked":"Combust","floor":37},{"not_picked":["Clothesline","Disarm"],"picked":"conspire:Charge+1","floor":41}],"player_experience":49613,"relics_obtained":[{"floor":3,"key":"Smiling Mask"},{"floor":9,"key":"Toy Ornithopter"},{"floor":12,"key":"Odd Mushroom"},{"floor":26,"key":"Centennial Puzzle"},{"floor":37,"key":"Thread and Needle"}],"event_choices":[{"cards_removed":["Strike_R"],"damage_healed":0,"gold_gain":0,"player_choice":"Card Removal","damage_taken":0,"max_hp_gain":0,"max_hp_loss":0,"event_name":"The Cleric","floor":2,"gold_loss":50},{"damage_healed":0,"gold_gain":0,"player_choice":"Take Wound","damage_taken":0,"relics_obtained":["Golden Idol"],"max_hp_gain":0,"max_hp_loss":0,"event_name":"Golden Idol","floor":11,"gold_loss":0,"cards_obtained":["Injury"]},{"damage_healed":0,"gold_gain":0,"player_choice":"Fought Mushrooms","damage_taken":0,"max_hp_gain":0,"max_hp_loss":0,"event_name":"Mushrooms","floor":12,"gold_loss":0},{"cards_removed":["Injury"],"damage_healed":0,"gold_gain":0,"player_choice":"Elegance","damage_taken":0,"max_hp_gain":0,"max_hp_loss":0,"event_name":"Back to Basics","floor":19,"gold_loss":0},{"damage_healed":0,"gold_gain":0,"player_choice":"Copied","damage_taken":0,"max_hp_gain":0,"max_hp_loss":0,"event_name":"Duplicator","floor":28,"gold_loss":0,"cards_obtained":["Bandage Up"]},{"damage_healed":0,"gold_gain":0,"player_choice":"Fight","damage_taken":0,"max_hp_gain":0,"max_hp_loss":0,"event_name":"MindBloom","floor":37,"gold_loss":0},{"cards_removed":["Defend_R"],"damage_healed":0,"gold_gain":0,"player_choice":"Removed Skill","damage_taken":0,"max_hp_gain":0,"max_hp_loss":0,"event_name":"Falling","floor":39,"gold_loss":0}],"is_beta":false,"boss_relics":[{"not_picked":["conspire:RunicOctahedron","Busted Crown"],"picked":"Tiny House"},{"not_picked":["Runic Pyramid","Astrolabe"],"picked":"Black Star"}],"items_purged_floors":[24],"is_endless":false,"potions_floor_spawned":[3,5,7,12,16,20,22,31,37,41],"killed_by":"Nemesis","ascension_level":0}}