{"host":"zekcc3vicrep0och","time":1608387943,"event":{"mods":["AchievementEnabler","BaseMod","Colored Map","Colored Powertips","Displayed Cursed Tome","Minty Spire (QoL Compilation)","Relic Stats","StSLib"],"gold_per_floor":[112,127,146,165,181,181,206,206,206,234,249,249,223,24,24,102,102,112,129,228,228,9,35,35,69,69,69,69],"floor_reached":27,"playtime":1008,"items_purged":["Strike_B"],"score":431,"play_id":"d48eda96-92ba-43c6-88c5-3554784d46af","local_time":"20201219172543","is_ascension_mode":true,"campfire_choices":[{"data":"Double Energy","floor":6.0,"key":"SMITH"},{"data":"Static Discharge","floor":8.0,"key":"SMITH"},{"floor":15.0,"key":"REST"},{"data":"Thunder Strike","floor":24.0,"key":"SMITH"}],"circlet_count":0,"master_deck":["AscendersBane","Strike_B","Defend_B","Defend_B","Defend_B","Defend_B","Zap","Dualcast","Streamline","Sweeping Beam","FTL","Double Energy+1","Coolheaded","Static Discharge+1","Compile Driver","Ball Lightning","Creative AI","Hologram","Thunder Strike+1","Rip and Tear","White Noise","Redo+1"],"relics":["Cracked Core","Pen Nib","CaptainsWheel","Ice Cream","White Beast Statue","Strange Spoon","Nuclear Battery","Anchor","StoneCalendar","The Courier","Question Card"],"acts_visited":["TheCity"],"potions_floor_usage":[25,25],"damage_taken":[{"damage":1.0,"enemies":"Cultist","floor":1.0,"turns":3.0},{"damage":2.0,"enemies":"Jaw Worm","floor":2.0,"turns":3.0},{"damage":0.0,"enemies":"Small Slimes","floor":3.0,"turns":2.0},{"damage":12.0,"enemies":"Looter","floor":4.0,"turns":3.0},{"damage":13.0,"enemies":"Large Slime","floor":5.0,"turns":5.0},{"damage":16.0,"enemies":"3 Sentries","floor":7.0,"turns":6.0},{"damage":8.0,"enemies":"Gremlin Nob","floor":10.0,"turns":4.0},{"damage":12.0,"enemies":"3 Louse","floor":11.0,"turns":3.0},{"damage":4.0,"enemies":"Slime Boss","floor":16.0,"turns":8.0},{"damage":12.0,"enemies":"Shell Parasite","floor":18.0,"turns":4.0},{"damage":2.0,"enemies":"Spheric Guardian","floor":19.0,"turns":4.0},{"damage":9.0,"enemies":"Slavers","floor":23.0,"turns":3.0},{"damage":20,"enemies":"Gremlin Leader","floor":25,"turns":4},{"damage":21,"enemies":"Book of Stabbing","floor":27,"turns":2}],"seed_played":"-4277193837799374851","potions_obtained":[{"floor":2.0,"key":"SpeedPotion"},{"floor":11.0,"key":"EssenceOfSteel"},{"floor":16.0,"key":"AttackPotion"},{"floor":18.0,"key":"Strength Potion"},{"floor":19.0,"key":"PowerPotion"},{"floor":23.0,"key":"SteroidPotion"},{"floor":25,"key":"Explosive Potion"}],"is_trial":false,"path_per_floor":["M","M","M","M","M","R","E","R","T","E","M","?","?","$","R","B",null,"M","M","?","?","$","E","R","E","T","E"],"character_chosen":"DEFECT","items_purchased":["Strange Spoon","SpeedPotion","Anchor"],"campfire_rested":1,"item_purchase_floors":[14,14,22],"current_hp_per_floor":[67,65,65,53,40,40,24,24,24,16,4,4,4,4,26,22,62,50,48,48,48,48,39,39,19,19,0,0],"gold":69,"neow_bonus":"RANDOM_COMMON_RELIC","is_daily":false,"chose_seed":false,"campfire_upgraded":3,"win_rate":0.0,"timestamp":1608387943,"path_taken":["M","M","M","?","M","R","E","R","T","E","M","?","?","$","R","BOSS","M","M","?","?","$","E","R","E","T","E"],"items_purchased_type":["Relic","Potion","Relic"],"build_version":"2020-12-13","purchased_purges":1,"victory":false,"max_hp_per_floor":[75,75,75,75,75,75,75,75,75,75,75,75,75,75,75,75,75,75,75,75,75,75,75,75,75,75,75,75],"relic_stats":{"Strange Spoon":[6],"counters":[14,54],"StoneCalendar":[0],"Pen Nib":[11],"Question Card":0,"obtain_stats":[{"Ice Cream":9,"Strange Spoon":14,"CaptainsWheel":7,"Anchor":22,"StoneCalendar":23,"Pen Nib":0,"The Courier":25,"Cracked Core":0,"Question Card":26,"White Beast Statue":10,"Nuclear Battery":17},{"Ice Cream":6,"Strange Spoon":8,"CaptainsWheel":6,"Anchor":11,"StoneCalendar":12,"Pen Nib":0,"The Courier":13,"Cracked Core":0,"Question Card":13,"White Beast Statue":7,"Nuclear Battery":9},{"Ice Cream":22,"Strange Spoon":29,"CaptainsWheel":22,"Anchor":45,"StoneCalendar":48,"Pen Nib":0,"The Courier":52,"Cracked Core":0,"Question Card":52,"White Beast Statue":26,"Nuclear Battery":37}]},"card_choices":[{"not_picked":["Beam Cell","Darkness"],"picked":"Streamline","floor":1.0},{"not_picked":["Beam Cell","Gash"],"picked":"Sweeping Beam","floor":2.0},{"not_picked":["Electrodynamics","Barrage"],"picked":"FTL","floor":3.0},{"not_picked":["Hologram","Sweeping Beam"],"picked":"Double Energy","floor":4.0},{"not_picked":["Sweeping Beam","Double Energy"],"picked":"Coolheaded","floor":5.0},{"not_picked":["Multi-Cast","Cold Snap"],"picked":"Static Discharge","floor":7.0},{"not_picked":["Go for the Eyes","Static Discharge"],"picked":"Compile Driver","floor":10.0},{"not_picked":["Force Field","Gash"],"picked":"Ball Lightning","floor":11.0},{"not_picked":["Multi-Cast","Buffer"],"picked":"Creative AI","floor":16.0},{"not_picked":["Skim","Compile Driver"],"picked":"Hologram","floor":18.0},{"not_picked":["Heatsinks","Fusion","Redo"],"picked":"SKIP","floor":19.0},{"not_picked":["Hello World","Turbo"],"picked":"White Noise","floor":23.0},{"not_picked":["Tempest","Cold Snap"],"picked":"Redo+1","floor":25}],"player_experience":444817,"relics_obtained":[{"floor":7.0,"key":"CaptainsWheel"},{"floor":9.0,"key":"Ice Cream"},{"floor":10.0,"key":"White Beast Statue"},{"floor":23.0,"key":"StoneCalendar"},{"floor":25,"key":"The Courier"},{"floor":26,"key":"Question Card"}],"event_choices":[{"damage_healed":0.0,"max_hp_gain":0.0,"max_hp_loss":0.0,"gold_gain":0.0,"event_name":"Scrap Ooze","player_choice":"Fled","floor":12.0,"gold_loss":0.0,"damage_taken":0.0},{"damage_healed":0.0,"max_hp_gain":0.0,"max_hp_loss":0.0,"gold_gain":0.0,"event_name":"World of Goop","player_choice":"Left Gold","floor":13.0,"gold_loss":26.0,"damage_taken":0.0},{"damage_healed":0.0,"max_hp_gain":0.0,"max_hp_loss":0.0,"gold_gain":99.0,"event_name":"Nest","player_choice":"Stole From Cult","floor":20.0,"gold_loss":0.0,"damage_taken":0.0},{"damage_healed":0.0,"max_hp_gain":0.0,"max_hp_loss":0.0,"gold_gain":0.0,"cards_transformed":["Strike_B","Strike_B"],"event_name":"Drug Dealer","player_choice":"Became Test Subject","floor":21.0,"gold_loss":0.0,"damage_taken":0.0,"cards_obtained":["Thunder Strike","Rip and Tear"]}],"is_beta":false,"boss_relics":[{"not_picked":["Empty Cage","Velvet Choker"],"picked":"Nuclear Battery"}],"items_purged_floors":[22],"is_endless":false,"potions_floor_spawned":[2,11,16,18,19,23,25],"killed_by":"Book of Stabbing","ascension_level":13}}