{"host":"qwie84gwfccqh4mc","time":1608391760,"event":{"mods":["Aspiration","BaseMod","Challenge The Spire","Colored Map","Colored Powertips","DeckTracker","Downfall","Highlight Path","Hubris","Infinite Spire","Marisa£®ÏF”Í°°ƒß¿Ì…≥£©","Minty Spire (QoL Compilation)","Quick Restart","Random Character Button","Relic Sorter","Relic Stats","Remilia£®¿Ÿ√◊¿Ú—«£©","Replay The Spire","StSLib","Synergy Search","UnlockEverythingMod","vexMod","¿œ“¡¿Ú—≈"],"gold_per_floor":[111,124,124,124,124,124,158,178,178,203,55,86,86,96,96,196,862,875,542,552,552,567,567,578,578,578,578,609,609,623,642,642,739,739,752,752,414,431,431,431,431,446,446,470,470,484,184,198,198,198,198,198,41,74,74,74],"floor_reached":55,"playtime":4920,"items_purged":["Wrath_TH","Delirium"],"score":755,"play_id":"1712344f-1c84-41db-b679-ea23a86e82e2","local_time":"20201219232920","is_ascension_mode":false,"campfire_choices":[{"data":"ReplayTheSpireMod:??????????????????????","floor":6.0,"key":"SMITH"},{"data":"PrismaMod:IllyaAssassinRevenge","floor":23.0,"key":"SMITH"},{"floor":27.0,"key":"RECALL"},{"floor":32.0,"key":"REST"},{"data":"PrismaMod:IllyaUberChannel","floor":40.0,"key":"SMITH"},{"data":"PrismaMod:IllyaBride","floor":45,"key":"SMITH"},{"data":"PrismaMod:IllyaMaid","floor":49,"key":"SMITH"},{"data":"PrismaMod:IllyaSaphire","floor":52,"key":"SMITH"}],"circlet_count":0,"master_deck":["PrismaMod:IllyaCommonDefend+1","PrismaMod:IllyaCommonDefend+1","PrismaMod:IllyaCommonDefend","PrismaMod:IllyaUncommonAttack","PrismaMod:IllyaUncommonDefend","PrismaMod:IllyaCheapChannelPoison+1","PrismaMod:IllyaGrail","ReplayTheSpireMod:??????????????????????+1","PrismaMod:IllyaGrail","PrismaMod:IllyaMaid+1","PrismaMod:IllyaSaphire+1","PrismaMod:IllyaCarnivalAttack","PrismaMod:IllyaPartialInstallAssassin","PrismaMod:IllyaAssassinRevenge+1","PrismaMod:IllyaInstallRider","PrismaMod:IllyaInstallArcher","PrismaMod:IllyaMinorZwei","PrismaMod:IllyaDevil","PrismaMod:IllyaMinorReinForce+1","EndlessPower","PrismaMod:IllyaUncommonDefend","PrismaMod:IllyaPoisonBlock","PrismaMod:IllyaUncommonAOEAttack+1","PrismaMod:IllyaSaphire+1","PrismaMod:IllyaRussianRoulette","PrismaMod:IllyaUberChannel+1","PrismaMod:IllyaBride+1","PrismaMod:IllyaCarnivalPrismaAstolfo+1","PrismaMod:IllyaBerserCAR+1","PrismaMod:IllyaBlindPoisonToss+1","PrismaMod:IllyaMinorZwei+1","PrismaMod:IllyaUpgradeOrbs","PrismaMod:IllyaCheapChannelDefend+1","PrismaMod:IllyaFeed","PrismaMod:IllyaCheapChannelPoison+1","PrismaMod:IllyaPoisonBlock","PrismaMod:IllyaZwei+1","PrismaMod:IllyaDualEvoke+1"],"relics":["MiniHakkero","infinitespire:Cupcake","infinitespire:ShieldingShard","infinitespire:Cubic Diamond","infinitespire:Broken Mirror","Orichalcum","vexMod:RockOfEvil","Replay:PocketPolymizer","Bird Faced Urn","Golden Egg","vexMod:MysteryBossChallenge","hubris:HollowSoul","ReplayTheSpireMod:Ring of Collecting","Ring of Hypnosis","Replay:Bottled Steam","Ring of Fury","StrikeDummy","Omamori","ReplayTheSpireMod:Ring of Addiction","White Beast Statue","SacredBark","aspiration:AnachronicSnailShell","hubris:EmptyBottle","Simple Rune"],"acts_visited":["Exordium","TheCity","TheBeyond","TheEnding"],"potions_floor_usage":[50,50,50,55,55],"damage_taken":[{"damage":0.0,"enemies":"Cultist","floor":1.0,"turns":3.0},{"damage":0.0,"enemies":"Jaw Worm","floor":2.0,"turns":6.0},{"damage":14.0,"enemies":"Lagavulin","floor":7.0,"turns":5.0},{"damage":0.0,"enemies":"Small Slimes","floor":8.0,"turns":2.0},{"damage":6.0,"enemies":"3 Sentries","floor":10.0,"turns":4.0},{"damage":11.0,"enemies":"Gremlin Nob","floor":12.0,"turns":3.0},{"damage":0.0,"enemies":"3 Louse","floor":14.0,"turns":1.0},{"damage":9.0,"enemies":"The Guardian","floor":16.0,"turns":8.0},{"damage":0.0,"enemies":"Shell Parasite","floor":18.0,"turns":1.0},{"damage":0.0,"enemies":"Spheric Guardian","floor":20.0,"turns":3.0},{"damage":21.0,"enemies":"Shelled Parasite and Fungi","floor":22.0,"turns":4.0},{"damage":8.0,"enemies":"Centurion and Healer","floor":24.0,"turns":3.0},{"damage":20.0,"enemies":"Slavers","floor":28.0,"turns":3.0},{"damage":0.0,"enemies":"Chosen and Byrds","floor":30.0,"turns":3.0},{"damage":15.0,"enemies":"Snake Plant","floor":31.0,"turns":4.0},{"damage":51.0,"enemies":"Automaton","floor":33.0,"turns":7.0},{"damage":0.0,"enemies":"3 Shapes","floor":35.0,"turns":4.0},{"damage":0.0,"enemies":"3 Darklings","floor":38.0,"turns":2.0},{"damage":38,"enemies":"Writhing Mass","floor":42,"turns":5},{"damage":0,"enemies":"4 Shapes","floor":46,"turns":4},{"damage":0,"enemies":"3 Darklings","floor":48,"turns":5},{"damage":37,"enemies":"Donu and Deca","floor":50,"turns":9},{"damage":75,"enemies":"Shield and Spear","floor":54,"turns":6},{"damage":34,"enemies":"The Heart","floor":55,"turns":1}],"seed_played":"-5032496534475671765","potions_obtained":[{"floor":2.0,"key":"Fruit Juice"},{"floor":8.0,"key":"Strength Potion"},{"floor":10.0,"key":"SpeedPotion"},{"floor":16.0,"key":"Fire Potion"},{"floor":18.0,"key":"Fire Potion"},{"floor":24.0,"key":"Reflective Coating"},{"floor":33.0,"key":"Flashbang"},{"floor":35.0,"key":"Fire Potion"},{"floor":44,"key":"Adrenaline Potion"},{"floor":48,"key":"Adrenaline Potion"},{"floor":54,"key":"Swift Potion"}],"is_trial":false,"path_per_floor":["M","M","$","?","?","R","E","M","T","E","$","E","?","M","R_BF","B",null,"M","$","M","?","M","R","M","?","T","R","E","AVR","M","M","R","B",null,"M","?","$","M","?","R","?","M","T","T","R","M","$","M","R","B",null,"R","$","E","B"],"character_chosen":"ILLYA","items_purchased":["PrismaMod:IllyaCarnivalAttack","Replay:PocketPolymizer","PrismaMod:IllyaDevil","Replay:Bottled Steam","PrismaMod:IllyaBlindPoisonToss","aspiration:AnachronicSnailShell","hubris:EmptyBottle"],"campfire_rested":1,"item_purchase_floors":[11,19,19,37,37,47,53],"current_hp_per_floor":[82,87,87,65,65,65,51,51,51,45,45,34,34,34,34,25,87,87,87,87,87,66,66,58,58,58,58,38,38,40,27,53,6,87,87,87,87,87,87,87,87,54,54,54,54,63,63,65,65,50,88,88,88,31,0,0],"gold":74,"neow_bonus":"TEN_PERCENT_HP_BONUS","is_daily":false,"chose_seed":false,"campfire_upgraded":6,"win_rate":0.0,"timestamp":1608391760,"path_taken":["M","?","$","?","?","R","E","M","T","E","?","E","?","M","R_BF","BOSS","M","$","?","?","M","R","M","?","T","R","E","AVR","?","M","R","BOSS","M","?","$","M","?","R","?","M","T","?","R","M","$","?","R","BOSS","R","$","E","BOSS"],"items_purchased_type":["Card","Relic","Card","Relic","Card","Relic","Relic"],"build_version":"2020-12-13","purchased_purges":2,"victory":false,"max_hp_per_floor":[82,87,87,87,87,87,87,87,87,87,87,87,87,87,87,87,87,87,87,87,87,87,87,87,87,87,87,87,87,87,87,87,87,87,87,87,87,87,87,87,87,90,90,90,90,90,90,88,88,88,88,88,88,89,89,89],"relic_stats":{"counters":[24,99],"Bird Faced Urn":[20],"Orichalcum":[126],"obtain_stats":[{"Golden Egg":28,"Replay:PocketPolymizer":19,"SacredBark":44,"infinitespire:Cubic Diamond":5,"hubris:EmptyBottle":53,"vexMod:RockOfEvil":17,"PrismaMod:PrismaRuby":0,"infinitespire:ShieldingShard":7,"aspiration:AnachronicSnailShell":47,"Replay:Bottled Steam":37,"Ring of Hypnosis":36,"ReplayTheSpireMod:Ring of Addiction":44,"vexMod:MysteryBossChallenge":29,"hubris:HollowSoul":34,"Omamori":44,"Orichalcum":12,"White Beast Statue":44,"infinitespire:Broken Mirror":10,"Bird Faced Urn":26,"ReplayTheSpireMod:Ring of Collecting":36,"Ring of Fury":43,"Simple Rune":54,"MiniHakkero":5,"StrikeDummy":43,"infinitespire:Cupcake":29},{"Golden Egg":13,"Replay:PocketPolymizer":9,"SacredBark":19,"infinitespire:Cubic Diamond":2,"hubris:EmptyBottle":22,"vexMod:RockOfEvil":8,"PrismaMod:PrismaRuby":0,"infinitespire:ShieldingShard":3,"aspiration:AnachronicSnailShell":20,"Replay:Bottled Steam":17,"Ring of Hypnosis":17,"ReplayTheSpireMod:Ring of Addiction":19,"vexMod:MysteryBossChallenge":13,"hubris:HollowSoul":16,"Omamori":19,"Orichalcum":6,"White Beast Statue":19,"infinitespire:Broken Mirror":5,"Bird Faced Urn":12,"ReplayTheSpireMod:Ring of Collecting":17,"Ring of Fury":19,"Simple Rune":23,"MiniHakkero":2,"StrikeDummy":19,"infinitespire:Cupcake":13},{"Golden Egg":46,"Replay:PocketPolymizer":33,"SacredBark":71,"infinitespire:Cubic Diamond":9,"hubris:EmptyBottle":89,"vexMod:RockOfEvil":32,"PrismaMod:PrismaRuby":0,"infinitespire:ShieldingShard":14,"aspiration:AnachronicSnailShell":75,"Replay:Bottled Steam":64,"Ring of Hypnosis":64,"ReplayTheSpireMod:Ring of Addiction":71,"vexMod:MysteryBossChallenge":46,"hubris:HollowSoul":60,"Omamori":71,"Orichalcum":23,"White Beast Statue":71,"infinitespire:Broken Mirror":20,"Bird Faced Urn":43,"ReplayTheSpireMod:Ring of Collecting":64,"Ring of Fury":71,"Simple Rune":95,"MiniHakkero":9,"StrikeDummy":71,"infinitespire:Cupcake":46}]},"card_choices":[{"not_picked":["PrismaMod:IllyaBoysLove","PrismaMod:IllyaFriendMaker"],"picked":"PrismaMod:IllyaCheapChannelPoison","floor":1.0},{"not_picked":["PrismaMod:IllyaRapidFire","PrismaMod:IllyaStunPoison"],"picked":"PrismaMod:IllyaGrail","floor":2.0},{"not_picked":["infinitespire:Fortify","infinitespire:DeathsTouch"],"picked":"ReplayTheSpireMod:??????????????????????","floor":4.0},{"not_picked":["PrismaMod:IllyaTestament","PrismaMod:IllyaCheapAttack"],"picked":"PrismaMod:IllyaGrail","floor":7.0},{"not_picked":["PrismaMod:IllyaPoisonTippedWeapons","PrismaMod:IllyaAOECommonAttack"],"picked":"PrismaMod:IllyaMaid","floor":8.0},{"not_picked":["PrismaMod:IllyaCheapChannelPoison","PrismaMod:IllyaRapidFire"],"picked":"PrismaMod:IllyaSaphire","floor":10.0},{"not_picked":["PrismaMod:IllyaAOECommonAttack","PrismaMod:IllyaCommonEvoke"],"picked":"PrismaMod:IllyaPartialInstallAssassin","floor":12.0},{"not_picked":["PrismaMod:IllyaGrailKun","PrismaMod:IllyaBoysLove"],"picked":"PrismaMod:IllyaAssassinRevenge","floor":14.0},{"not_picked":["PrismaMod:IllyaInstallLancer","PrismaMod:IllyaZwei"],"picked":"PrismaMod:IllyaInstallArcher","floor":16.0},{"not_picked":["PrismaMod:IllyaCommonEvoke","PrismaMod:IllyaMaid"],"picked":"PrismaMod:IllyaMinorZwei","floor":18.0},{"not_picked":["PrismaMod:IllyaBlindPoisonToss","PrismaMod:IllyaAlice"],"picked":"PrismaMod:IllyaMinorReinForce+1","floor":20.0},{"not_picked":["PrismaMod:IllyaReinForce","PrismaMod:IllyaMaid"],"picked":"PrismaMod:IllyaUncommonDefend","floor":22.0},{"not_picked":["PrismaMod:IllyaMaid","PrismaMod:IllyaFeed"],"picked":"PrismaMod:IllyaUncommonAOEAttack+1","floor":24.0},{"not_picked":["PrismaMod:IllyaCheapChannelPoison","PrismaMod:IllyaAssassinRevenge"],"picked":"PrismaMod:IllyaSaphire+1","floor":28.0},{"not_picked":["PrismaMod:IllyaHassanGift","PrismaMod:IllyaCheapChannelAttack"],"picked":"PrismaMod:IllyaRussianRoulette","floor":30.0},{"not_picked":["PrismaMod:IllyaInstallSaber","PrismaMod:IllyaBlindPoisonToss"],"picked":"PrismaMod:IllyaUberChannel","floor":31.0},{"not_picked":["PrismaMod:IllyaCarnivalAttack","PrismaMod:IllyaZwei"],"picked":"PrismaMod:IllyaCarnivalPrismaAstolfo","floor":33.0},{"not_picked":["PrismaMod:IllyaUberPoisonBlock","PrismaMod:IllyaHassanGift+1"],"picked":"PrismaMod:IllyaBerserCAR+1","floor":35.0},{"not_picked":["PrismaMod:IllyaDetonatingBlow","PrismaMod:IllyaFeed+1"],"picked":"PrismaMod:IllyaMinorZwei+1","floor":38.0},{"not_picked":["PrismaMod:IllyaRubysPotion","PrismaMod:IllyaMinorReinForce+1"],"picked":"PrismaMod:IllyaCheapChannelDefend+1","floor":42},{"not_picked":["PrismaMod:IllyaUberPoisonBlock","PrismaMod:IllyaPoisoningPhantasm"],"picked":"PrismaMod:IllyaCheapChannelPoison+1","floor":46},{"not_picked":["PrismaMod:IllyaFriendMaker","PrismaMod:IllyaMinorRapidFire","PrismaMod:IllyaPoisonBlock"],"picked":"SKIP","floor":48},{"not_picked":["PrismaMod:IllyaTestament+1","PrismaMod:IllyaDetonatingBlow+1"],"picked":"PrismaMod:IllyaDualEvoke+1","floor":54}],"player_experience":165400,"relics_obtained":[{"floor":7.0,"key":"infinitespire:ShieldingShard"},{"floor":10.0,"key":"infinitespire:Broken Mirror"},{"floor":12.0,"key":"Orichalcum"},{"floor":26.0,"key":"Bird Faced Urn"},{"floor":28.0,"key":"Golden Egg"},{"floor":36.0,"key":"ReplayTheSpireMod:Ring of Collecting"},{"floor":36.0,"key":"Ring of Hypnosis"},{"floor":43,"key":"Ring of Fury"},{"floor":43,"key":"StrikeDummy"},{"floor":44,"key":"Omamori"},{"floor":44,"key":"ReplayTheSpireMod:Ring of Addiction"},{"floor":44,"key":"White Beast Statue"},{"floor":44,"key":"SacredBark"},{"floor":54,"key":"Simple Rune"}],"event_choices":[{"damage_healed":0.0,"max_hp_gain":0.0,"max_hp_loss":0.0,"gold_gain":0.0,"event_name":"Accursed Blacksmith","player_choice":"Forge","floor":13.0,"gold_loss":0.0,"damage_taken":0.0,"cards_upgraded":["PrismaMod:IllyaCheapChannelPoison"]},{"damage_healed":0.0,"max_hp_gain":0.0,"max_hp_loss":0.0,"gold_gain":0.0,"event_name":"N\u0027loth","player_choice":"Ignored","floor":25.0,"gold_loss":0.0,"damage_taken":0.0},{"damage_healed":0.0,"max_hp_gain":0.0,"max_hp_loss":0.0,"gold_gain":0.0,"event_name":"Tomb of Lord Red Mask","player_choice":"Ignored","floor":39.0,"gold_loss":0.0,"damage_taken":0.0}],"is_beta":false,"boss_relics":[{"not_picked":["aspiration:SecretTechniqueScroll","vexMod:BigBerry"],"picked":"vexMod:RockOfEvil"},{"not_picked":["hubris:VirtuousBlindfold","ReplayTheSpireMod:SealedPack"],"picked":"hubris:HollowSoul"}],"items_purged_floors":[29,37],"is_endless":false,"potions_floor_spawned":[2,8,10,16,18,24,33,35,46,48,54],"killed_by":"The Heart","ascension_level":0}}