{"host":"y89x8uui45kcjy42","time":1608380523,"event":{"mods":["2.2 Compatiblity","BaseMod","CapriCore","Colored Map","Colored Powertips","Custom Start","Friendly Minions","Highlight Path","Keyboard Shortcuts","Minty Spire (QoL Compilation)","Relic Stats","Slay the Relics Exporter","StSLib","SuperFastMode","Waifu the Spire"],"gold_per_floor":[113,130,130,144,157,157,190,190,216,242,242,274,274,292,292,369,369,386,165,165,165],"floor_reached":20,"playtime":441,"items_purged":["Strike_B"],"score":384,"play_id":"5fe774a7-a816-413a-8264-1e4f96f8e1ff","local_time":"20201219212203","is_ascension_mode":true,"campfire_choices":[{"data":"Hyperbeam","floor":6,"key":"SMITH"},{"data":"Beam Cell","floor":8,"key":"SMITH"},{"data":"FTL","floor":11,"key":"SMITH"},{"floor":13,"key":"REST"},{"floor":15,"key":"REST"}],"circlet_count":0,"master_deck":["AscendersBane","Strike_B","Strike_B","Defend_B","Defend_B","Defend_B","Defend_B","Zap","Dualcast","Hyperbeam+1","Beam Cell+1","Rebound","FTL+1","Hologram","Melter","Genetic Algorithm","Core Surge","Seek"],"relics":["Cracked Core","DataDisk","Omamori","Smiling Mask","Centennial Puzzle","Philosopher\u0027s Stone"],"acts_visited":["Exordium","TheCity"],"potions_floor_usage":[7,7,16],"damage_taken":[{"damage":3,"enemies":"2 Louse","floor":1,"turns":2},{"damage":0,"enemies":"Cultist","floor":2,"turns":2},{"damage":0,"enemies":"Small Slimes","floor":4,"turns":2},{"damage":0,"enemies":"3 Louse","floor":5,"turns":1},{"damage":17,"enemies":"Lagavulin","floor":7,"turns":4},{"damage":8,"enemies":"Gremlin Nob","floor":10,"turns":3},{"damage":32,"enemies":"Lagavulin","floor":12,"turns":4},{"damage":17,"enemies":"Exordium Thugs","floor":14,"turns":3},{"damage":24,"enemies":"The Guardian","floor":16,"turns":11},{"damage":25,"enemies":"Shell Parasite","floor":18,"turns":3},{"damage":33,"enemies":"Chosen","floor":20,"turns":3}],"seed_played":"597961409465487435","potions_obtained":[{"floor":4,"key":"FearPotion"},{"floor":5,"key":"BlessingOfTheForge"},{"floor":14,"key":"SkillPotion"}],"is_trial":false,"path_per_floor":["M","M","?","M","M","R","E","R","T","E","R","E","R","M","R","B",null,"M","$","M"],"character_chosen":"DEFECT","items_purchased":["Seek"],"campfire_rested":2,"item_purchase_floors":[19],"current_hp_per_floor":[61,61,61,61,61,61,44,44,44,36,36,4,25,8,29,5,55,30,30,0,0],"gold":165,"neow_bonus":"ONE_RANDOM_RARE_CARD","is_daily":false,"chose_seed":false,"campfire_upgraded":3,"win_rate":0.0,"timestamp":1608380523,"path_taken":["M","M","?","M","?","R","E","R","T","E","R","E","R","M","R","BOSS","M","$","M"],"items_purchased_type":["Card"],"build_version":"2020-12-13","purchased_purges":1,"victory":false,"max_hp_per_floor":[71,71,71,71,71,71,71,71,71,71,71,71,71,71,71,71,71,71,71,71,71],"relic_stats":{"Centennial Puzzle":[9],"counters":[11,38],"Smiling Mask":25,"obtain_stats":[{"DataDisk":7,"Centennial Puzzle":12,"Philosopher\u0027s Stone":17,"Omamori":9,"Cracked Core":0,"Smiling Mask":10},{"DataDisk":5,"Centennial Puzzle":7,"Philosopher\u0027s Stone":9,"Omamori":5,"Cracked Core":0,"Smiling Mask":6},{"DataDisk":11,"Centennial Puzzle":18,"Philosopher\u0027s Stone":32,"Omamori":11,"Cracked Core":0,"Smiling Mask":14}]},"card_choices":[{"not_picked":["Sweeping Beam","Compile Driver"],"picked":"Beam Cell","floor":1},{"not_picked":["Coolheaded","Ball Lightning"],"picked":"Rebound","floor":2},{"not_picked":["Conserve Battery","Sweeping Beam"],"picked":"FTL","floor":4},{"not_picked":["Stack","Conserve Battery"],"picked":"Hologram","floor":5},{"not_picked":["Cold Snap","Steam"],"picked":"Melter","floor":7},{"not_picked":["Sunder","Doom and Gloom","Hello World"],"picked":"SKIP","floor":10},{"not_picked":["Glacier","Multi-Cast","Steam"],"picked":"SKIP","floor":12},{"not_picked":["Redo","Conserve Battery"],"picked":"Genetic Algorithm","floor":14},{"not_picked":["Amplify","Echo Form"],"picked":"Core Surge","floor":16},{"not_picked":["Steam","Ball Lightning","Loop"],"picked":"SKIP","floor":18}],"player_experience":506254,"relics_obtained":[{"floor":7,"key":"DataDisk"},{"floor":9,"key":"Omamori"},{"floor":10,"key":"Smiling Mask"},{"floor":12,"key":"Centennial Puzzle"}],"event_choices":[{"cards_removed":["Strike_B"],"damage_healed":0,"gold_gain":0,"player_choice":"Purged","damage_taken":0,"max_hp_gain":0,"max_hp_loss":0,"event_name":"Purifier","floor":3,"gold_loss":0}],"is_beta":false,"boss_relics":[{"not_picked":["Ectoplasm","Snecko Eye"],"picked":"Philosopher\u0027s Stone"}],"items_purged_floors":[19],"is_endless":false,"potions_floor_spawned":[4,5,14],"killed_by":"Chosen","ascension_level":20}}