{"host":"cr9rpoy6dx9riis3","time":1608382520,"event":{"mods":["AchievementEnabler","BaseMod","Better Altar","Better Note","Better Sensory Stone","Better Skull","Better Third Choice","Better-Laid Plans","BetterRewards","Block Reminder","Curses Come First","Displayed Cursed Tome","Emptier Cage","Marked Mod","Minty Spire (QoL Compilation)","Permanent Neow","Relic Sorter","StSLib","The Blue Laboratory","Transform Curses"],"gold_per_floor":[129,147,156,190,237,298,298,330,330,402,441,535,398,436,436,548,548,591,571,672,719,343,343,424,450,531,531,251,251,64,64,64,173,173,222,108,128,137,149,208,208,229,255,255,63,103,120,163,163,163],"floor_reached":51,"playtime":2355,"items_purged":["Strike_R","Defend_R","Strike_R","Strike_R","Strike_R","Strike_R"],"score":1265,"play_id":"cb6bfaac-d2ec-4510-956d-ea941be46dfe","local_time":"20201219135520","is_ascension_mode":true,"campfire_choices":[{"data":"HandOfGreed","floor":7.0,"key":"SMITH"},{"data":"Double Tap","floor":15.0,"key":"SMITH"},{"data":"Wallop","floor":23.0,"key":"SMITH"},{"data":"Reaper","floor":27.0,"key":"SMITH"},{"data":"Rupture","floor":29.0,"key":"SMITH"},{"data":"Seeing Red","floor":32.0,"key":"SMITH"},{"data":"Bandage Up","floor":41.0,"key":"SMITH"},{"data":"Rupture","floor":44.0,"key":"SMITH"},{"data":"Reaper","floor":49.0,"key":"SMITH"}],"circlet_count":0,"master_deck":["Defend_R","Defend_R","Defend_R","Bash","HandOfGreed+1","Wallop+1","Offering","Hemokinesis","Double Tap+1","Spot Weakness+1","Finesse","Brutality","Rage","Hemokinesis","Blood for Blood","Rupture+1","Hemokinesis","Rupture+1","Seeing Red+1","Reaper+1","Dramatic Entrance","Reaper+1","Bloodletting+1","Bandage Up+1","Uppercut+1","Dramatic Entrance","Blood for Blood","Spot Weakness+1","Spot Weakness","Panacea","Blood for Blood","Bloodletting"],"relics":["Burning Blood","Membership Card","CeramicFish","Bottled Lightning","Toy Ornithopter","PreservedInsect","Prayer Wheel","ClockworkSouvenir","Odd Mushroom","Blood Vial","Coffee Dripper","Ornamental Fan","MealTicket"],"acts_visited":["Exordium","TheCity","TheBeyond"],"potions_floor_usage":[50],"damage_taken":[{"damage":15.0,"enemies":"Small Slimes","floor":1.0,"turns":3.0},{"damage":12.0,"enemies":"Jaw Worm","floor":2.0,"turns":2.0},{"damage":1.0,"enemies":"Cultist","floor":4.0,"turns":3.0},{"damage":4.0,"enemies":"Red Slaver","floor":5.0,"turns":4.0},{"damage":3.0,"enemies":"Gremlin Nob","floor":6.0,"turns":4.0},{"damage":25.0,"enemies":"Lagavulin","floor":8.0,"turns":3.0},{"damage":8.0,"enemies":"The Mushroom Lair","floor":10.0,"turns":3.0},{"damage":6.0,"enemies":"Looter","floor":11.0,"turns":3.0},{"damage":6.0,"enemies":"3 Sentries","floor":12.0,"turns":2.0},{"damage":6.0,"enemies":"Exordium Wildlife","floor":14.0,"turns":2.0},{"damage":18.0,"enemies":"The Guardian","floor":16.0,"turns":10.0},{"damage":19.0,"enemies":"Spheric Guardian","floor":18.0,"turns":3.0},{"damage":35.0,"enemies":"3 Byrds","floor":20.0,"turns":6.0},{"damage":38.0,"enemies":"Centurion and Healer","floor":21.0,"turns":5.0},{"damage":26.0,"enemies":"3 Cultists","floor":24.0,"turns":5.0},{"damage":13.0,"enemies":"Snake Plant","floor":25.0,"turns":3.0},{"damage":84.0,"enemies":"Automaton","floor":33.0,"turns":7.0},{"damage":28.0,"enemies":"3 Shapes","floor":35.0,"turns":3.0},{"damage":37.0,"enemies":"Orb Walker","floor":37.0,"turns":4.0},{"damage":59.0,"enemies":"Jaw Worm Horde","floor":39.0,"turns":4.0},{"damage":30.0,"enemies":"Nemesis","floor":40.0,"turns":5.0},{"damage":28.0,"enemies":"3 Darklings","floor":42.0,"turns":4.0},{"damage":64.0,"enemies":"Reptomancer","floor":46.0,"turns":4.0},{"damage":58.0,"enemies":"Transient","floor":47.0,"turns":5.0},{"damage":25.0,"enemies":"Giant Head","floor":48.0,"turns":5.0},{"damage":133,"enemies":"Awakened One","floor":50,"turns":10}],"seed_played":"-4556675988568445495","potions_obtained":[{"floor":1.0,"key":"Fruit Juice"},{"floor":4.0,"key":"blueLaboratory:EnragingPotion"},{"floor":5.0,"key":"BloodPotion"},{"floor":10.0,"key":"LiquidMemories"},{"floor":11.0,"key":"SkillPotion"},{"floor":12.0,"key":"SpeedPotion"},{"floor":19.0,"key":"blueLaboratory:FruitPunch"},{"floor":25.0,"key":"blueLaboratory:ImpenetrablePotion"},{"floor":33.0,"key":"Block Potion"}],"is_trial":false,"path_per_floor":["M","M","?","M","M","E","R","E","T","?","M","E","$","M","R","B",null,"M","?","M","M","$","R","M","M","T","R","$","R","$","?","R","B",null,"M","$","M","?","M","E","R","M","T","R","$","E","M","E","R","B",null],"character_chosen":"IRONCLAD","items_purchased":["PreservedInsect","Fruit Juice","Membership Card","HandOfGreed","CeramicFish","Spot Weakness","Finesse","CultistPotion","Prayer Wheel","Orrery","Hemokinesis","Ornamental Fan","ColorlessPotion","AttackPotion","Blood Vial","ClockworkSouvenir","Dramatic Entrance","Bandage Up","Toy Ornithopter","FairyPotion","Spot Weakness","Panacea","blueLaboratory:SmithPotion","blueLaboratory:CorrosionFlask"],"campfire_rested":0,"item_purchase_floors":[0,0,0,0,0,13,13,22,22,22,22,28,28,28,30,30,30,36,36,45,45,45,45,45],"current_hp_per_floor":[42,36,34,39,41,44,44,25,25,23,23,23,23,23,23,11,70,57,57,30,16,16,16,90,83,83,83,83,83,83,83,83,36,83,89,89,68,68,56,73,73,91,91,91,99,60,32,62,62,34],"gold":163,"neow_bonus":"","is_daily":false,"chose_seed":false,"campfire_upgraded":9,"win_rate":0.0,"timestamp":1608382520,"path_taken":["M","M","?","M","M","E","R","E","T","?","M","E","$","M","R","BOSS","M","?","M","M","?","R","M","?","T","R","?","R","$","?","R","BOSS","M","$","M","?","M","E","R","M","T","R","$","E","?","E","R","BOSS"],"items_purchased_type":["Relic","Potion","Relic","Card","Relic","Card","Card","Potion","Relic","Relic","Card","Relic","Potion","Potion","Relic","Relic","Card","Card","Relic","Potion","Card","Card","Potion","Potion"],"build_version":"2020-12-13","purchased_purges":6,"victory":true,"max_hp_per_floor":[90,90,90,90,90,90,90,90,90,90,90,90,90,90,90,90,90,90,90,92,92,92,92,99,99,99,99,99,99,99,99,99,99,99,99,99,99,99,99,99,99,99,99,99,99,99,99,99,99,99],"card_choices":[{"not_picked":["Fire Breathing","Metallicize","Twin Strike"],"picked":"SKIP","floor":1.0},{"not_picked":["Perfected Strike","Wild Strike","Pommel Strike"],"picked":"SKIP","floor":2.0},{"not_picked":["Havoc","Twin Strike","Cleave"],"picked":"SKIP","floor":4.0},{"not_picked":["Wild Strike","Inflame"],"picked":"Offering","floor":5.0},{"not_picked":["Pummel","Twin Strike"],"picked":"Hemokinesis","floor":6.0},{"not_picked":["Wild Strike","Pummel","Cleave"],"picked":"SKIP","floor":8.0},{"not_picked":["Anger","True Grit","Clash"],"picked":"SKIP","floor":11.0},{"not_picked":["Shrug It Off","Disarm"],"picked":"Double Tap","floor":12.0},{"not_picked":["Battle Trance","Thunderclap","Clothesline"],"picked":"SKIP","floor":14.0},{"not_picked":["Barricade","Exhume"],"picked":"Brutality","floor":16.0},{"not_picked":["Havoc","Cleave","Sword Boomerang"],"picked":"SKIP","floor":18.0},{"not_picked":["Havoc","Infernal Blade+1"],"picked":"Rage","floor":20.0},{"not_picked":["Cleave","Iron Wave"],"picked":"Hemokinesis","floor":21.0},{"not_picked":["Sword Boomerang","Twin Strike"],"picked":"Blood for Blood","floor":22.0},{"not_picked":["Iron Wave","Infernal Blade+1"],"picked":"Rupture","floor":22.0},{"not_picked":["Combust+1","Clothesline"],"picked":"Rupture","floor":24.0},{"not_picked":["Body Slam","Twin Strike"],"picked":"Seeing Red","floor":24.0},{"not_picked":["Sever Soul","Warcry"],"picked":"Reaper","floor":25.0},{"not_picked":["Shrug It Off","Wild Strike+1","Perfected Strike+1"],"picked":"SKIP","floor":25.0},{"not_picked":["Immolate","Juggernaut"],"picked":"Reaper","floor":33.0},{"not_picked":["Intimidate","Shrug It Off"],"picked":"Bloodletting+1","floor":35.0},{"not_picked":["Pummel","Whirlwind","Wild Strike"],"picked":"SKIP","floor":35.0},{"not_picked":["Shrug It Off+1","Anger"],"picked":"Uppercut+1","floor":37.0},{"not_picked":["Havoc+1","Perfected Strike+1","Pommel Strike"],"picked":"SKIP","floor":37.0},{"not_picked":["Perfected Strike","Cleave+1","Intimidate+1"],"picked":"SKIP","floor":39.0},{"not_picked":["Havoc+1","Sword Boomerang+1","Shrug It Off"],"picked":"SKIP","floor":39.0},{"not_picked":["Bludgeon","Seeing Red+1"],"picked":"Blood for Blood","floor":40.0},{"not_picked":["Clash","Armaments+1"],"picked":"Spot Weakness+1","floor":42.0},{"not_picked":["Feel No Pain","Warcry+1","Armaments+1"],"picked":"SKIP","floor":42.0},{"not_picked":["Combust","Corruption"],"picked":"Blood for Blood","floor":46.0},{"not_picked":["Shockwave","Thunderclap","Cleave+1"],"picked":"SKIP","floor":47.0},{"not_picked":["Thunderclap+1","Flex","Clothesline"],"picked":"SKIP","floor":47.0},{"not_picked":["Flex+1","Heavy Blade+1"],"picked":"Bloodletting","floor":48.0}],"player_experience":731551,"relics_obtained":[{"floor":9.0,"key":"Bottled Lightning"},{"floor":10.0,"key":"Odd Mushroom"},{"floor":40.0,"key":"MealTicket"}],"event_choices":[{"damage_healed":0.0,"max_hp_gain":0.0,"max_hp_loss":0.0,"gold_gain":0.0,"event_name":"betterThird:BetterScrap","player_choice":"Card ","floor":3.0,"gold_loss":0.0,"damage_taken":2.0,"cards_obtained":["Wallop"]},{"damage_healed":0.0,"max_hp_gain":0.0,"max_hp_loss":0.0,"gold_gain":0.0,"event_name":"Mushrooms","player_choice":"Fought Mushrooms","floor":10.0,"gold_loss":0.0,"damage_taken":0.0},{"damage_healed":0.0,"max_hp_gain":0.0,"max_hp_loss":0.0,"gold_gain":0.0,"event_name":"The Woman in Blue","player_choice":"Bought 1 Potion","floor":19.0,"gold_loss":0.0,"damage_taken":0.0},{"damage_healed":0.0,"max_hp_gain":0.0,"max_hp_loss":0.0,"gold_gain":0.0,"event_name":"Upgrade Shrine","player_choice":"Upgraded","floor":31.0,"gold_loss":0.0,"damage_taken":0.0,"cards_upgraded":["Spot Weakness"]},{"damage_healed":0.0,"max_hp_gain":0.0,"max_hp_loss":0.0,"gold_gain":0.0,"event_name":"Match and Keep!","player_choice":"1 cards matched","floor":38.0,"gold_loss":0.0,"damage_taken":0.0,"cards_obtained":["Dramatic Entrance"]}],"is_beta":false,"boss_relics":[{"not_picked":["Velvet Choker","Astrolabe","Runic Pyramid"]},{"not_picked":["Sozu","Pandora\u0027s Box"],"picked":"Coffee Dripper"}],"items_purged_floors":[0,0,0,13,22,28],"is_endless":false,"potions_floor_spawned":[1,4,5,10,11,12,14,25,33,35,37,46,48],"ascension_level":5}}