{"host":"ljavmhyz2e552xgo","time":1608413781,"event":{"mods":["BaseMod","Better Third Choice","Downfall","Friendly Minions","Minty Spire (QoL Compilation)","Permanent Neow","Spicy Shops","StSLib"],"gold_per_floor":[99,99,99,99,110,128,128,128,159,159,176,192,212,231,246,349,349,349,361,361,4,4,35,35,35,35,35,20,40,58,58,69,168,168,18,44,44,44,54,54,54,54,74,74,84,25,25,93,112,112],"floor_reached":51,"playtime":3457,"items_purged":["Pain"],"score":795,"play_id":"8ce86ec6-b4fe-415c-9bdd-c2d18f8dbc08","local_time":"20201219153621","is_ascension_mode":false,"campfire_choices":[{"data":"sneckomod:SnekBite","floor":1.0,"key":"SMITH"},{"data":"sneckomod:MasterEye","floor":8.0,"key":"SMITH"},{"floor":10.0,"key":"REST"},{"floor":18.0,"key":"RECALL"},{"floor":22.0,"key":"DIG"},{"floor":25.0,"key":"DIG"},{"floor":26.0,"key":"DIG"},{"floor":27.0,"key":"DIG"},{"floor":35,"key":"DIG"},{"data":"sneckomod:Strike","floor":38,"key":"PURGE"},{"data":"sneckomod:DiceBlock","floor":40,"key":"PURGE"},{"floor":44,"key":"DIG"}],"circlet_count":0,"master_deck":["sneckomod:Defend","sneckomod:Defend","sneckomod:Defend","sneckomod:TailWhip","sneckomod:SnekBite+1","sneckomod:Unknown","sneckomod:Unknown","DevaForm+1","sneckomod:UnknownClassRED","sneckomod:MasterEye+1","sneckomod:QuickBite","sneckomod:QuickMove","sneckomod:UnknownUncommonSkill","sneckomod:Restock","sneckomod:Nope","sneckomod:UnlimitedRolls","sneckomod:UnknownCommonSkill","sneckomod:QuickMove+1","sneckomod:UnknownBlock","sneckomod:SoulRoll+1","Necronomicurse","sneckomod:SlitherStrike+1","sneckomod:Unknown3Cost","sneckomod:SerpentIdol+1","sneckomod:MasterEye","sneckomod:SnakeSap","Panache+1","expansioncontent:DarkVoid","expansioncontent:LastStand+1","expansioncontent:TimeRipple"],"relics":["sneckomod:SneckoSoul","Shovel","downfall:ShatteredFragment","Smiling Mask","Blue Candle","Oddly Smooth Stone","Fusion Hammer","InkBottle","WingedGreaves","Lantern","Vajra","Centennial Puzzle","CaptainsWheel","Singing Bowl","Mango","Incense Burner","Necronomicon","Busted Crown","downfall:HeartBlessingRed","downfall:HeartBlessingGreen","Peace Pipe","Boot","Frozen Egg 2","Medical Kit","ClockworkSouvenir","Toxic Egg 2"],"acts_visited":["Exordium","TheCity","TheBeyond"],"potions_floor_usage":[33,33],"damage_taken":[{"damage":6.0,"enemies":"2 Louse","floor":5.0,"turns":2.0},{"damage":0.0,"enemies":"Small Slimes","floor":6.0,"turns":2.0},{"damage":20.0,"enemies":"Gremlin Nob","floor":9.0,"turns":4.0},{"damage":0.0,"enemies":"Jaw Worm","floor":11.0,"turns":2.0},{"damage":16.0,"enemies":"Exordium Wildlife","floor":12.0,"turns":3.0},{"damage":10.0,"enemies":"Exordium Thugs","floor":13.0,"turns":3.0},{"damage":4.0,"enemies":"Exordium Wildlife","floor":14.0,"turns":3.0},{"damage":0.0,"enemies":"Lots of Slimes","floor":15.0,"turns":2.0},{"damage":11.0,"enemies":"downfall:Watcher","floor":16.0,"turns":6.0},{"damage":8.0,"enemies":"3 Byrds","floor":19.0,"turns":4.0},{"damage":5.0,"enemies":"downfall:FleeingMerchant","floor":21.0,"turns":4.0},{"damage":13.0,"enemies":"Gremlin Leader","floor":23.0,"turns":7.0},{"damage":0,"enemies":"downfall:FleeingMerchant","floor":28,"turns":4},{"damage":6,"enemies":"Cultist and Chosen","floor":29,"turns":5},{"damage":7,"enemies":"Chosen and Byrds","floor":30,"turns":5},{"damage":7,"enemies":"Centurion and Healer","floor":32,"turns":2},{"damage":21,"enemies":"downfall:Silent","floor":33,"turns":7},{"damage":1,"enemies":"Reptomancer","floor":36,"turns":4},{"damage":0,"enemies":"Orb Walker","floor":39,"turns":2},{"damage":2,"enemies":"3 Shapes","floor":43,"turns":4},{"damage":1,"enemies":"Maw","floor":45,"turns":6},{"damage":15,"enemies":"downfall:FleeingMerchant","floor":46,"turns":3},{"damage":3,"enemies":"Transient","floor":49,"turns":5},{"damage":3,"enemies":"downfall:Defect","floor":50,"turns":4}],"seed_played":"1870057388912361245","potions_obtained":[{"floor":5.0,"key":"SneckoOil"},{"floor":9.0,"key":"AttackPotion"},{"floor":13.0,"key":"Strength Potion"},{"floor":16.0,"key":"DuplicationPotion"},{"floor":19.0,"key":"DuplicationPotion"},{"floor":30,"key":"champ:CounterPotion"},{"floor":33,"key":"sneckomod:CheatPotion"},{"floor":43,"key":"LiquidBronze"},{"floor":45,"key":"Weak Potion"}],"is_trial":false,"path_per_floor":["R","?","?","?","M","M","T","R","E","R","M","M","M","M","M","B",null,"R","M","?","$","R","E","T","R","R","R","$","M","M","?","M","B",null,"R","E","?","R","M","R","T","?","M","R","M","$","?","T","M","B",null],"character_chosen":"THE_SNECKO","items_purchased":["WingedGreaves","Lantern","Medical Kit","ClockworkSouvenir","Panache+1"],"campfire_rested":1,"item_purchase_floors":[21,21,46,46,46],"current_hp_per_floor":[90,90,69,57,52,52,52,52,39,66,66,51,41,39,39,28,92,92,85,85,80,80,68,68,68,82,82,82,76,75,59,52,32,111,111,112,112,112,112,112,112,112,110,110,111,98,88,88,87,84],"gold":112,"neow_bonus":"ONE_RARE_RELIC","is_daily":false,"chose_seed":false,"campfire_upgraded":2,"win_rate":0.0,"timestamp":1608413781,"path_taken":["R","?","?","?","M","M","T","R","E","R","M","M","?","M","M","BOSS","R","M","?","?","R","E","T","R","R","R","?","M","M","?","M","BOSS","R","E","?","R","M","R","T","?","M","R","?","$","?","?","M","BOSS"],"items_purchased_type":["Relic","Relic","Relic","Relic","Card"],"build_version":"2020-12-13","purchased_purges":1,"victory":true,"max_hp_per_floor":[90,90,90,90,91,91,91,91,91,91,91,92,92,92,92,92,92,92,93,93,93,93,94,94,94,108,108,108,108,110,110,110,111,111,111,113,113,113,113,113,113,113,113,113,115,117,117,117,119,119],"card_choices":[{"not_picked":["sneckomod:Unknown1Cost","sneckomod:QuickMove"],"picked":"sneckomod:UnknownClassRED","floor":5.0},{"not_picked":["sneckomod:QuickMove","sneckomod:Nope"],"picked":"sneckomod:MasterEye","floor":6.0},{"not_picked":["sneckomod:IronFang","sneckomod:Unknown1Cost"],"picked":"sneckomod:QuickBite","floor":9.0},{"not_picked":["sneckomod:UnknownCommonSkill","sneckomod:MasterEye"],"picked":"sneckomod:QuickMove","floor":11.0},{"not_picked":["sneckomod:UnknownCommonSkill","sneckomod:UnknownCommonAttack"],"picked":"sneckomod:UnknownUncommonSkill","floor":12.0},{"not_picked":["sneckomod:RainOfDice","sneckomod:UnknownVulnerable"],"picked":"sneckomod:Restock","floor":13.0},{"not_picked":["sneckomod:UnknownClassHEXA_GHOST_PURPLE","sneckomod:UnknownCommonSkill","sneckomod:UnknownVulnerable"],"picked":"SKIP","floor":14.0},{"not_picked":["sneckomod:QuickBite","sneckomod:UnknownClassPURPLE"],"picked":"sneckomod:Nope","floor":15.0},{"not_picked":["sneckomod:Cheat","sneckomod:GlitteringGambit"],"picked":"sneckomod:UnlimitedRolls","floor":16.0},{"not_picked":["sneckomod:UnknownStrike","sneckomod:UnknownX"],"picked":"sneckomod:UnknownCommonSkill","floor":19.0},{"not_picked":["sneckomod:UnknownCommonSkill+1","sneckomod:UnknownClassPURPLE"],"picked":"sneckomod:QuickMove+1","floor":21.0},{"not_picked":["sneckomod:QuickMove","sneckomod:DiceCrush"],"picked":"sneckomod:UnknownBlock","floor":23.0},{"not_picked":["sneckomod:UnknownBlock","sneckomod:QuickBite"],"picked":"sneckomod:DiceBlock","floor":28},{"not_picked":["sneckomod:QuickBite","sneckomod:PureSnecko"],"picked":"sneckomod:SoulRoll+1","floor":29},{"not_picked":["sneckomod:Nope","sneckomod:SoulExchange","sneckomod:UnknownCommonSkill"],"picked":"Singing Bowl","floor":30},{"not_picked":["sneckomod:Unknown0Cost","sneckomod:UnknownUncommonAttack"],"picked":"sneckomod:SlitherStrike+1","floor":32},{"not_picked":["sneckomod:UnknownRareAttack","sneckomod:Restock"],"picked":"sneckomod:Unknown3Cost","floor":33},{"not_picked":["sneckomod:Nope"],"picked":"Singing Bowl","floor":36},{"not_picked":[],"picked":"sneckomod:SerpentIdol+1","floor":39},{"not_picked":[],"picked":"sneckomod:SnakeSap","floor":43},{"not_picked":["sneckomod:IronFang+1"],"picked":"Singing Bowl","floor":45},{"not_picked":["sneckomod:PureSnecko+1"],"picked":"Singing Bowl","floor":46},{"not_picked":[],"picked":"expansioncontent:DarkVoid","floor":47},{"not_picked":[],"picked":"expansioncontent:LastStand+1","floor":47},{"not_picked":[],"picked":"expansioncontent:TimeRipple","floor":47},{"not_picked":["sneckomod:UnknownCommonAttack+1"],"picked":"Singing Bowl","floor":49}],"player_experience":1410751,"relics_obtained":[{"floor":7.0,"key":"Blue Candle"},{"floor":9.0,"key":"Oddly Smooth Stone"},{"floor":22.0,"key":"Vajra"},{"floor":23.0,"key":"Centennial Puzzle"},{"floor":24.0,"key":"CaptainsWheel"},{"floor":25.0,"key":"Singing Bowl"},{"floor":26.0,"key":"Mango"},{"floor":27.0,"key":"Incense Burner"},{"floor":31,"key":"Necronomicon"},{"floor":35,"key":"Peace Pipe"},{"floor":36,"key":"Boot"},{"floor":44,"key":"Frozen Egg 2"},{"floor":48,"key":"Toxic Egg 2"}],"event_choices":[{"cards_removed":["Pain"],"damage_healed":0.0,"max_hp_gain":0.0,"max_hp_loss":0.0,"gold_gain":0.0,"event_name":"The Cleric","player_choice":"Card Removal","floor":2.0,"gold_loss":0.0,"damage_taken":0.0},{"cards_removed":["sneckomod:Strike"],"damage_healed":0,"gold_gain":0,"player_choice":"Removed Attack","damage_taken":0,"max_hp_gain":0,"max_hp_loss":0,"event_name":"Falling","floor":37,"gold_loss":0},{"damage_healed":0,"gold_gain":0,"cards_transformed":["sneckomod:Strike"],"player_choice":"Transformed","damage_taken":0,"max_hp_gain":0,"max_hp_loss":0,"event_name":"Transmorgrifier","floor":42,"gold_loss":0,"cards_obtained":["sneckomod:MasterEye"]}],"is_beta":false,"boss_relics":[{"not_picked":["Tiny House","Ectoplasm"],"picked":"Fusion Hammer"},{"not_picked":["SlaversCollar","Astrolabe"],"picked":"Busted Crown"}],"items_purged_floors":[21],"is_endless":false,"potions_floor_spawned":[5,9,13,16,19,30,32,33,43,45,49],"ascension_level":0}}