{"host":"pbf6u3tyx46snqc7","time":1608398004,"event":{"mods":["AchievementEnabler","BaseMod","Colored Map","Marisa£¨Ùöéë¡¡Øª×âÞÞ£©","Minty Spire (QoL Compilation)","Rare Cards Sparkle","Shop Mod","SuperFastMode"],"gold_per_floor":[361,379,9,9,9,9,37,37,37,47,47,74,84,96,96,173,173,184,234,244,169,37,37,37],"floor_reached":23,"playtime":692,"items_purged":["Strike_B"],"score":448,"play_id":"acd97b70-0c3e-42f1-8f58-2cc6914745c5","local_time":"20201220021324","is_ascension_mode":true,"campfire_choices":[{"data":"Loop","floor":6,"key":"SMITH"},{"data":"Zap","floor":8,"key":"SMITH"},{"floor":11,"key":"REST"},{"data":"Redo","floor":15,"key":"SMITH"}],"circlet_count":0,"master_deck":["AscendersBane","Strike_B","Strike_B","Defend_B","Defend_B","Defend_B","Defend_B","Zap+1","Dualcast+1","Redo+1","Melter","Loop+1","Core Surge","Ball Lightning","Electrodynamics","Coolheaded","Fusion","Hologram","Cold Snap"],"relics":["Cracked Core","Incense Burner","Toy Ornithopter","Girya","MealTicket","Black Star"],"acts_visited":["Exordium","TheCity"],"potions_floor_usage":[23,23],"damage_taken":[{"damage":0,"enemies":"Small Slimes","floor":1,"turns":3},{"damage":4,"enemies":"2 Louse","floor":2,"turns":3},{"damage":35,"enemies":"3 Sentries","floor":7,"turns":8},{"damage":0,"enemies":"Cultist","floor":10,"turns":2},{"damage":1,"enemies":"Gremlin Nob","floor":12,"turns":3},{"damage":11,"enemies":"3 Louse","floor":13,"turns":2},{"damage":0,"enemies":"Large Slime","floor":14,"turns":3},{"damage":0,"enemies":"Slime Boss","floor":16,"turns":6},{"damage":19,"enemies":"Shell Parasite","floor":18,"turns":5},{"damage":0,"enemies":"Spheric Guardian","floor":20,"turns":2},{"damage":68,"enemies":"Slavers","floor":23,"turns":3}],"seed_played":"-2135944569651919358","potions_obtained":[{"floor":2,"key":"LiquidMemories"},{"floor":7,"key":"Strength Potion"},{"floor":13,"key":"AttackPotion"}],"is_trial":false,"path_per_floor":["M","M","$","?","?","R","E","R","T","M","R","E","M","M","R","B",null,"M","?","M","?","$","E"],"character_chosen":"DEFECT","items_purchased":["Incense Burner","Loop","Cold Snap"],"campfire_rested":1,"item_purchase_floors":[3,3,22],"current_hp_per_floor":[64,60,60,65,65,65,30,30,30,30,50,49,38,38,38,38,61,42,42,42,42,57,0,0],"gold":37,"neow_bonus":"TWO_FIFTY_GOLD","is_daily":false,"chose_seed":false,"campfire_upgraded":3,"win_rate":0.0,"timestamp":1608398004,"path_taken":["M","M","$","?","?","R","E","R","T","?","R","E","M","M","R","BOSS","M","?","M","?","?","E"],"items_purchased_type":["Relic","Card","Card"],"build_version":"2020-12-13","purchased_purges":1,"victory":false,"max_hp_per_floor":[64,64,64,69,69,69,69,69,69,69,69,69,69,69,69,69,69,69,69,69,69,69,69,69],"card_choices":[{"not_picked":["Beam Cell","Gash"],"picked":"Redo","floor":1},{"not_picked":["Compile Driver","Leap"],"picked":"Melter","floor":2},{"not_picked":["Glacier","Compile Driver"],"picked":"Core Surge","floor":7},{"not_picked":["Aggregate","Compile Driver"],"picked":"Ball Lightning","floor":10},{"not_picked":["Beam Cell","Steam"],"picked":"Electrodynamics","floor":12},{"not_picked":["Compile Driver","Redo"],"picked":"Coolheaded","floor":13},{"not_picked":["Doom and Gloom","Storm","Sweeping Beam"],"picked":"SKIP","floor":14},{"not_picked":["Steam Power","Double Energy"],"picked":"Fusion","floor":18},{"not_picked":["Double Energy","Gash"],"picked":"Hologram","floor":20}],"player_experience":285839,"relics_obtained":[{"floor":7,"key":"Toy Ornithopter"},{"floor":9,"key":"Girya"},{"floor":12,"key":"MealTicket"}],"event_choices":[{"damage_healed":0,"gold_gain":0,"player_choice":"Donut","damage_taken":0,"max_hp_gain":5,"max_hp_loss":0,"event_name":"Big Fish","floor":4,"gold_loss":0},{"damage_healed":0,"gold_gain":0,"player_choice":"Upgraded","damage_taken":0,"max_hp_gain":0,"max_hp_loss":0,"event_name":"Upgrade Shrine","floor":5,"gold_loss":0,"cards_upgraded":["Dualcast"]},{"damage_healed":0,"gold_gain":50,"player_choice":"Stole From Cult","damage_taken":0,"max_hp_gain":0,"max_hp_loss":0,"event_name":"Nest","floor":19,"gold_loss":0},{"cards_removed":["Strike_B"],"damage_healed":0,"gold_gain":0,"player_choice":"Gave Gold","damage_taken":0,"max_hp_gain":0,"max_hp_loss":0,"event_name":"Beggar","floor":21,"gold_loss":75}],"is_beta":false,"boss_relics":[{"not_picked":["Nuclear Battery","FrozenCore"],"picked":"Black Star"}],"items_purged_floors":[22],"is_endless":false,"potions_floor_spawned":[2,7,13,14],"killed_by":"Slavers","ascension_level":16}}