{"host":"gc0hqzwg2gd3zszy","time":1608378401,"event":{"mods":["BaseMod","DeckTracker","Minty Spire (QoL Compilation)","Relic Stats","SuperFastMode"],"gold_per_floor":[111,130,147,147,72,102,102,113,113,113,23,23,36,66,66,66,66],"floor_reached":16,"playtime":547,"items_purged":["Defend_G"],"score":220,"play_id":"a74915b4-ffbc-4c83-9131-6a79e61874d4","local_time":"20201219204641","is_ascension_mode":true,"campfire_choices":[{"data":"Deadly Poison","floor":7,"key":"SMITH"},{"data":"Neutralize","floor":10,"key":"SMITH"},{"data":"Footwork","floor":12,"key":"SMITH"},{"data":"Dagger Spray","floor":15,"key":"SMITH"}],"circlet_count":0,"master_deck":["AscendersBane","Strike_G","Strike_G","Strike_G","Strike_G","Defend_G","Defend_G","Defend_G","Defend_G","Survivor","Neutralize+1","Adrenaline","Backflip","Deadly Poison+1","Backflip","Footwork+1","Dagger Spray+1","PiercingWail"],"relics":["Ring of the Snake","Lantern","MealTicket","Bottled Tornado"],"acts_visited":["Exordium"],"potions_floor_usage":[14],"damage_taken":[{"damage":0,"enemies":"Small Slimes","floor":1,"turns":4},{"damage":15,"enemies":"Jaw Worm","floor":2,"turns":6},{"damage":5,"enemies":"2 Louse","floor":3,"turns":3},{"damage":25,"enemies":"Lagavulin","floor":6,"turns":9},{"damage":6,"enemies":"Exordium Wildlife","floor":8,"turns":4},{"damage":0,"enemies":"3 Louse","floor":13,"turns":4},{"damage":21,"enemies":"Gremlin Nob","floor":14,"turns":4},{"damage":27,"enemies":"Hexaghost","floor":16,"turns":9}],"seed_played":"-2695239915417594882","potions_obtained":[{"floor":13,"key":"BlessingOfTheForge"}],"is_trial":false,"path_per_floor":["M","M","M","?","$","E","R","M","T","R","$","R","M","E","R","B"],"character_chosen":"THE_SILENT","items_purchased":["Footwork"],"campfire_rested":0,"item_purchase_floors":[11],"current_hp_per_floor":[59,44,39,61,61,36,36,30,30,30,45,45,45,24,24,0,0],"gold":66,"neow_bonus":"TRANSFORM_CARD","is_daily":false,"chose_seed":false,"campfire_upgraded":4,"win_rate":0.0,"timestamp":1608378401,"path_taken":["M","M","M","?","$","E","R","M","T","R","$","R","M","E","R","BOSS"],"items_purchased_type":["Card"],"build_version":"2020-12-13","purchased_purges":1,"victory":false,"max_hp_per_floor":[66,66,66,66,66,66,66,66,66,66,66,66,66,66,66,66,66],"relic_stats":{"counters":[8,43],"MealTicket":15,"obtain_stats":[{"Lantern":6,"MealTicket":9,"Bottled Tornado":14,"Ring of the Snake":0},{"Lantern":4,"MealTicket":5,"Bottled Tornado":7,"Ring of the Snake":0},{"Lantern":22,"MealTicket":26,"Bottled Tornado":34,"Ring of the Snake":0}],"Ring of the Snake":[16]},"card_choices":[{"not_picked":["PiercingWail","Bane"],"picked":"Backflip","floor":1},{"not_picked":["Blade Dance","Deflect"],"picked":"Deadly Poison","floor":2},{"not_picked":["Finisher","Flying Knee"],"picked":"Backflip","floor":3},{"not_picked":["Deadly Poison","Eviscerate","Endless Agony"],"picked":"SKIP","floor":6},{"not_picked":["Quick Slash","Cloak And Dagger","Deadly Poison"],"picked":"SKIP","floor":8},{"not_picked":["Storm of Steel","Bane"],"picked":"Dagger Spray","floor":13},{"not_picked":["Backflip","Terror"],"picked":"PiercingWail","floor":14}],"player_experience":1316060,"relics_obtained":[{"floor":6,"key":"Lantern"},{"floor":9,"key":"MealTicket"},{"floor":14,"key":"Bottled Tornado"}],"event_choices":[{"damage_healed":22,"gold_gain":0,"player_choice":"Banana","damage_taken":0,"max_hp_gain":0,"max_hp_loss":0,"event_name":"Big Fish","floor":4,"gold_loss":0}],"is_beta":false,"boss_relics":[],"items_purged_floors":[5],"is_endless":false,"potions_floor_spawned":[13],"killed_by":"Hexaghost","ascension_level":20}}