{"host":"bqe9lax0hk9c02ri","time":1608359194,"event":{"mods":["BaseMod","Better Altar","Better Match","Better Note","Better Sensory Stone","Better Skull","Better Third Choice","Minty Spire (QoL Compilation)","Quick Restart","RNG Fix","Reworked Bosses","StSLib"],"gold_per_floor":[114,114,114,131,131,162,162,205,228,237,261,280,307,318,318,425,425,449,458,370,413,338,374,385,394,448,448,488,488,243,261,261,367,367,381,603,603,184,200,200,241,241,241,285,336,186,186,203,203,203,203,203,28,71,71,71],"floor_reached":55,"playtime":2311,"items_purged":["Defend_G","Strike_G","Strike_G","Strike_G","Infinite Blades"],"score":1405,"play_id":"304b0fa9-8ee9-4364-bd47-9f020f0dcb4b","local_time":"20201218222634","is_ascension_mode":true,"campfire_choices":[{"data":"Neutralize","floor":7,"key":"SMITH"},{"floor":10,"key":"REST"},{"data":"Blade Dance","floor":15,"key":"SMITH"},{"data":"Glass Knife","floor":27,"key":"SMITH"},{"data":"Glass Knife","floor":29,"key":"SMITH"},{"data":"Blade Dance","floor":32,"key":"SMITH"},{"data":"Burst","floor":40,"key":"SMITH"},{"data":"Accuracy","floor":42,"key":"SMITH"},{"floor":47,"key":"RECALL"},{"data":"Finisher","floor":49,"key":"SMITH"},{"data":"Cloak And Dagger","floor":52,"key":"SMITH"}],"circlet_count":0,"master_deck":["Strike_G+1","Defend_G","Defend_G","Defend_G","Defend_G","Survivor+1","Neutralize+1","Blade Dance+1","Backflip","Swift Strike","Heel Hook","Glass Knife+1","Slice","Glass Knife+1","Backflip+1","Phantasmal Killer","Cloak And Dagger+1","Finisher+1","Blade Dance+1","Phantasmal Killer","Terror","Burst+1","Glass Knife+1","Accuracy+1","Blade Dance+1","Finisher"],"relics":["Ring of the Snake","NeowsBlessing","PreservedInsect","Bird Faced Urn","CeramicFish","Dream Catcher","Shuriken","Philosopher\u0027s Stone","Red Mask","HornCleat","Eternal Feather","Boot","Sozu","Vajra","DollysMirror","Ginger","Mercury Hourglass","Bag of Preparation","Omamori","Nunchaku"],"acts_visited":["Exordium","TheCity","TheBeyond","TheEnding"],"potions_floor_usage":[21,23,33,50,55],"damage_taken":[{"damage":0,"enemies":"2 Louse","floor":1,"turns":1},{"damage":0,"enemies":"Small Slimes","floor":4,"turns":1},{"damage":0,"enemies":"Lagavulin","floor":6,"turns":1},{"damage":5,"enemies":"3 Sentries","floor":8,"turns":7},{"damage":2,"enemies":"Jaw Worm","floor":11,"turns":4},{"damage":0,"enemies":"Looter","floor":12,"turns":2},{"damage":0,"enemies":"Gremlin Nob","floor":13,"turns":3},{"damage":0,"enemies":"Large Slime","floor":14,"turns":3},{"damage":0,"enemies":"Slime Boss","floor":16,"turns":6},{"damage":0,"enemies":"Spheric Guardian","floor":18,"turns":2},{"damage":3,"enemies":"Masked Bandits","floor":21,"turns":2},{"damage":10,"enemies":"Gremlin Leader","floor":23,"turns":3},{"damage":10,"enemies":"2 Thieves","floor":24,"turns":3},{"damage":7,"enemies":"Book of Stabbing","floor":28,"turns":2},{"damage":0,"enemies":"Snecko","floor":31,"turns":2},{"damage":0,"enemies":"bossMod:newCollector","floor":33,"turns":3},{"damage":0,"enemies":"3 Darklings","floor":35,"turns":3},{"damage":0,"enemies":"Orb Walker","floor":39,"turns":1},{"damage":0,"enemies":"Reptomancer","floor":41,"turns":3},{"damage":0,"enemies":"Nemesis","floor":44,"turns":3},{"damage":0,"enemies":"Spire Growth","floor":48,"turns":2},{"damage":4,"enemies":"bossMod:newShapes","floor":50,"turns":4},{"damage":0,"enemies":"Shield and Spear","floor":54,"turns":1},{"damage":132,"enemies":"The Heart","floor":55,"turns":3}],"seed_played":"8545862272507691669","potions_obtained":[{"floor":4,"key":"ColorlessPotion"},{"floor":11,"key":"PowerPotion"},{"floor":12,"key":"Block Potion"},{"floor":13,"key":"Strength Potion"},{"floor":18,"key":"FearPotion"},{"floor":23,"key":"CultistPotion"},{"floor":28,"key":"GhostInAJar"}],"is_trial":false,"path_per_floor":["M","?","?","M","?","E","R","E","T","R","M","M","E","M","R","B",null,"M","?","$","?","?","E","M","?","T","R","E","R","$","M","R","B",null,"M","?","?","$","M","R","E","R","T","E","T","$","R","M","R","B",null,"R","$","E","B"],"character_chosen":"THE_SILENT","items_purchased":["Cloak And Dagger","Boot","Vajra","DollysMirror"],"campfire_rested":1,"item_purchase_floors":[20,30,38,38],"current_hp_per_floor":[63,60,46,46,46,46,46,41,41,62,62,62,62,62,62,64,69,70,70,70,67,67,57,47,47,47,47,40,55,55,55,67,69,70,70,70,66,66,66,66,66,66,66,66,66,66,66,66,66,66,66,66,66,66,0,0],"gold":71,"neow_bonus":"THREE_ENEMY_KILL","is_daily":false,"chose_seed":false,"campfire_upgraded":9,"win_rate":0.0,"timestamp":1608359194,"path_taken":["M","?","?","M","?","E","R","E","T","R","M","M","E","?","R","BOSS","M","?","$","?","?","E","?","?","T","R","E","R","?","M","R","BOSS","M","?","?","$","M","R","E","R","T","E","?","$","R","M","R","BOSS","R","$","E","BOSS"],"items_purchased_type":["Card","Relic","Relic","Relic"],"build_version":"2020-12-13","purchased_purges":5,"victory":false,"max_hp_per_floor":[70,70,70,70,70,70,70,70,70,70,70,70,70,70,70,70,70,70,70,70,70,70,70,70,70,70,70,70,70,70,70,70,70,70,70,70,66,66,66,66,66,66,66,66,66,66,66,66,66,66,66,66,66,66,66,66],"card_choices":[{"not_picked":["Cloak And Dagger","Underhanded Strike"],"picked":"Blade Dance","floor":1},{"not_picked":["PiercingWail","Dodge and Roll"],"picked":"Backflip","floor":4},{"not_picked":["Enlightenment","PanicButton"],"picked":"Swift Strike","floor":5},{"not_picked":["Eviscerate","Catalyst","Outmaneuver"],"picked":"SKIP","floor":6},{"not_picked":["Skewer","Caltrops"],"picked":"Infinite Blades","floor":8},{"not_picked":["Quick Slash","Outmaneuver"],"picked":"Heel Hook","floor":10},{"not_picked":["Bane","Expertise"],"picked":"Glass Knife","floor":11},{"not_picked":["Bouncing Flask","Acrobatics"],"picked":"Slice","floor":12},{"not_picked":["Eviscerate","Dodge and Roll","Outmaneuver"],"picked":"SKIP","floor":13},{"not_picked":["Outmaneuver","Prepared","Dagger Throw"],"picked":"SKIP","floor":14},{"not_picked":["Grand Finale","After Image"],"picked":"Glass Knife","floor":16},{"not_picked":["Deflect","Quick Slash"],"picked":"Backflip+1","floor":18},{"not_picked":["Flying Knee","Dagger Throw"],"picked":"Finisher","floor":21},{"not_picked":["Dagger Spray","Footwork+1"],"picked":"Blade Dance","floor":23},{"not_picked":["Dodge and Roll","Backflip","Slice"],"picked":"SKIP","floor":24},{"not_picked":["Sucker Punch","Flechettes+1"],"picked":"Terror","floor":28},{"not_picked":["Sucker Punch+1","Footwork","Flechettes"],"picked":"SKIP","floor":31},{"not_picked":["Bullet Time","Envenom"],"picked":"Burst","floor":33},{"not_picked":["Dagger Throw+1","Masterful Stab+1","Outmaneuver"],"picked":"SKIP","floor":35},{"not_picked":["Bane","Deadly Poison+1","Cloak And Dagger"],"picked":"SKIP","floor":39},{"not_picked":["Backstab+1","Distraction"],"picked":"Accuracy","floor":41},{"not_picked":["Bane","Skewer"],"picked":"Blade Dance+1","floor":44},{"not_picked":["Sucker Punch+1","Concentrate+1","Caltrops+1"],"picked":"SKIP","floor":48},{"not_picked":["Endless Agony+1","Sucker Punch"],"picked":"Finisher","floor":54}],"player_experience":672728,"relics_obtained":[{"floor":6,"key":"Bird Faced Urn"},{"floor":8,"key":"CeramicFish"},{"floor":9,"key":"Dream Catcher"},{"floor":13,"key":"Shuriken"},{"floor":21,"key":"Red Mask"},{"floor":23,"key":"HornCleat"},{"floor":28,"key":"Eternal Feather"},{"floor":41,"key":"Ginger"},{"floor":43,"key":"Mercury Hourglass"},{"floor":44,"key":"Bag of Preparation"},{"floor":45,"key":"Omamori"},{"floor":54,"key":"Nunchaku"}],"event_choices":[{"damage_healed":0,"gold_gain":0,"player_choice":"Relic ","damage_taken":3,"max_hp_gain":0,"max_hp_loss":0,"event_name":"betterThird:BetterScrap","floor":2,"gold_loss":0,"cards_obtained":["Devotion"]},{"damage_healed":60,"gold_gain":0,"player_choice":"Upgrade","damage_taken":14,"max_hp_gain":0,"max_hp_loss":70,"event_name":"betterThird:BetterShining","floor":3,"gold_loss":0,"cards_upgraded":["Strike_G","Survivor"]},{"damage_healed":0,"gold_gain":1,"player_choice":"1","damage_taken":0,"max_hp_gain":0,"max_hp_loss":0,"event_name":"betterStone:BetterStone","floor":5,"gold_loss":0},{"damage_healed":0,"gold_gain":0,"player_choice":"Read","damage_taken":0,"max_hp_gain":0,"max_hp_loss":0,"event_name":"The Library","floor":19,"gold_loss":0,"cards_obtained":["Phantasmal Killer"]},{"damage_healed":0,"gold_gain":0,"player_choice":"Fought Bandits","damage_taken":0,"max_hp_gain":0,"max_hp_loss":0,"event_name":"Masked Bandits","floor":21,"gold_loss":0},{"cards_removed":["Strike_G"],"damage_healed":0,"gold_gain":0,"player_choice":"Gave Gold","damage_taken":0,"max_hp_gain":0,"max_hp_loss":0,"event_name":"Beggar","floor":22,"gold_loss":75},{"damage_healed":0,"gold_gain":0,"player_choice":"Copied","damage_taken":0,"max_hp_gain":0,"max_hp_loss":0,"event_name":"Duplicator","floor":25,"gold_loss":0,"cards_obtained":["Phantasmal Killer"]},{"damage_healed":0,"gold_gain":222,"player_choice":"Wore Mask","damage_taken":0,"max_hp_gain":0,"max_hp_loss":0,"event_name":"Tomb of Lord Red Mask","floor":36,"gold_loss":0},{"damage_healed":0,"gold_gain":0,"player_choice":"Max HP","damage_taken":0,"max_hp_gain":0,"max_hp_loss":4,"event_name":"Winding Halls","floor":37,"gold_loss":0}],"is_beta":false,"boss_relics":[{"not_picked":["Snecko Eye","Fusion Hammer"],"picked":"Philosopher\u0027s Stone"},{"not_picked":["Calling Bell","Cursed Key"],"picked":"Sozu"}],"items_purged_floors":[20,30,38,46,53],"is_endless":false,"potions_floor_spawned":[4,11,12,13,14,18,23,28,41,48,54],"killed_by":"The Heart","ascension_level":9}}