{"host":"m6aaltr68g9tvoay","time":1608359808,"event":{"mods":["AchievementEnabler","BaseMod","Colored Map","Minty Spire (QoL Compilation)","StSLib"],"gold_per_floor":[118,129,129,129,152,190,190,206,206,219,244,244,244,244],"floor_reached":13,"playtime":542,"items_purged":[],"score":170,"play_id":"bbd9c107-581b-4c4e-8733-cb095c864cef","local_time":"20201218223648","is_ascension_mode":true,"campfire_choices":[{"floor":7,"key":"REST"},{"floor":12,"key":"REST"}],"circlet_count":0,"master_deck":["AscendersBane","Strike_G","Strike_G","Strike_G","Strike_G","Strike_G","Defend_G","Defend_G","Defend_G","Survivor","Neutralize","Deadly Poison","Dash","Injury","Infinite Blades","Backstab","Blade Dance","Backflip"],"relics":["Empty Cage","Golden Idol","The Specimen","Singing Bowl"],"acts_visited":["Exordium"],"potions_floor_usage":[6,6,13],"damage_taken":[{"damage":3,"enemies":"2 Louse","floor":1,"turns":3},{"damage":7,"enemies":"Small Slimes","floor":2,"turns":3},{"damage":0,"enemies":"Jaw Worm","floor":5,"turns":5},{"damage":41,"enemies":"Lagavulin","floor":6,"turns":7},{"damage":15,"enemies":"Gremlin Gang","floor":8,"turns":4},{"damage":7,"enemies":"Blue Slaver","floor":10,"turns":5},{"damage":2,"enemies":"Looter","floor":11,"turns":4},{"damage":35,"enemies":"Gremlin Nob","floor":13,"turns":4}],"seed_played":"-1186008391142190624","potions_obtained":[{"floor":1,"key":"GamblersBrew"},{"floor":2,"key":"Energy Potion"},{"floor":10,"key":"Dexterity Potion"}],"is_trial":false,"path_per_floor":["M","M","?","?","M","E","R","M","T","M","M","R","E"],"character_chosen":"THE_SILENT","items_purchased":[],"campfire_rested":2,"item_purchase_floors":[],"current_hp_per_floor":[56,49,49,49,49,8,27,12,12,7,5,25,0,0],"gold":244,"neow_bonus":"BOSS_RELIC","is_daily":false,"chose_seed":false,"campfire_upgraded":0,"win_rate":0.0,"timestamp":1608359808,"path_taken":["M","M","?","?","M","E","R","M","T","M","M","R","E"],"items_purchased_type":[],"build_version":"2020-12-13","purchased_purges":0,"victory":false,"max_hp_per_floor":[66,66,66,66,66,66,66,66,66,68,68,68,68,68],"card_choices":[{"not_picked":["Calculated Gamble","Backflip"],"picked":"Deadly Poison","floor":1},{"not_picked":["Noxious Fumes","Prepared"],"picked":"Dash","floor":2},{"not_picked":["Prepared","Calculated Gamble"],"picked":"Infinite Blades","floor":5},{"not_picked":["Outmaneuver","Catalyst"],"picked":"Backstab","floor":6},{"not_picked":["Escape Plan","Eviscerate"],"picked":"Blade Dance","floor":8},{"not_picked":["All Out Attack","Calculated Gamble","PiercingWail"],"picked":"Singing Bowl","floor":10},{"not_picked":["Dagger Throw","Distraction"],"picked":"Backflip","floor":11}],"player_experience":1261348,"relics_obtained":[{"floor":6,"key":"The Specimen"},{"floor":9,"key":"Singing Bowl"}],"event_choices":[{"damage_healed":0,"gold_gain":0,"player_choice":"Ignored","damage_taken":0,"max_hp_gain":0,"max_hp_loss":0,"event_name":"Shining Light","floor":3,"gold_loss":0},{"damage_healed":0,"gold_gain":0,"player_choice":"Take Wound","damage_taken":0,"relics_obtained":["Golden Idol"],"max_hp_gain":0,"max_hp_loss":0,"event_name":"Golden Idol","floor":4,"gold_loss":0,"cards_obtained":["Injury"]}],"is_beta":false,"boss_relics":[],"items_purged_floors":[],"is_endless":false,"potions_floor_spawned":[1,2,10],"killed_by":"Gremlin Nob","ascension_level":19}}