{"host":"26je6g5b6jsd0prz","time":1608375250,"event":{"mods":["AchievementEnabler","BaseMod","Colored Map","Minty Spire (QoL Compilation)"],"gold_per_floor":[119,119,119,137,137,137,165,165,191,204,39,53,53,53,53,156,156,176,189,189,189,202,227,3,3,3],"floor_reached":25,"playtime":1148,"items_purged":[],"score":269,"play_id":"c80892af-d4e2-4d0d-b8df-7f3c3e0cb5b8","local_time":"20201219195410","is_ascension_mode":false,"campfire_choices":[{"data":"Zap","floor":6,"key":"SMITH"},{"data":"Storm","floor":8,"key":"SMITH"},{"data":"Static Discharge","floor":15,"key":"SMITH"}],"circlet_count":0,"master_deck":["Strike_B","Strike_B","Strike_B","Defend_B","Defend_B","Defend_B","Zap+1","Dualcast","Capacitor+1","Conserve Battery","Storm+1","Consume","White Noise","Static Discharge+1","Go for the Eyes","Steam","Core Surge","CurseOfTheBell","Stack+1","Loop","Hello World","Reinforced Body","Redo","Machine Learning","Storm+1","Genetic Algorithm","Loop","Leap","Conserve Battery"],"relics":["Cracked Core","NeowsBlessing","FaceOfCleric","Shuriken","Potion Belt","The Courier","Calling Bell","Omamori","Pear","Thread and Needle","Boot","Juzu Bracelet"],"acts_visited":["Exordium","TheCity"],"potions_floor_usage":[16,16,23],"damage_taken":[{"damage":0,"enemies":"Jaw Worm","floor":1,"turns":1},{"damage":0,"enemies":"Small Slimes","floor":4,"turns":1},{"damage":0,"enemies":"Lagavulin","floor":7,"turns":1},{"damage":0,"enemies":"Cultist","floor":10,"turns":3},{"damage":7,"enemies":"Blue Slaver","floor":12,"turns":3},{"damage":44,"enemies":"Hexaghost","floor":16,"turns":8},{"damage":21,"enemies":"Spheric Guardian","floor":18,"turns":4},{"damage":0,"enemies":"Chosen","floor":19,"turns":5},{"damage":26,"enemies":"Centurion and Healer","floor":22,"turns":5},{"damage":39,"enemies":"Slavers","floor":23,"turns":5},{"damage":8,"enemies":"Snake Plant","floor":25,"turns":1}],"seed_played":"-8153617122944059819","potions_obtained":[{"floor":1,"key":"SpeedPotion"},{"floor":4,"key":"ColorlessPotion"},{"floor":10,"key":"FearPotion"},{"floor":22,"key":"Block Potion"}],"is_trial":false,"path_per_floor":["M","?","?","M","?","R","E","R","T","M","$","M","?","?","R","B",null,"M","M","?","?","M","E","$","M"],"character_chosen":"DEFECT","items_purchased":["White Noise","Static Discharge","Go for the Eyes","Loop","Leap","Juzu Bracelet","Conserve Battery"],"campfire_rested":0,"item_purchase_floors":[11,11,11,24,24,24,24],"current_hp_per_floor":[75,75,75,76,76,76,77,77,77,78,78,72,72,72,72,29,90,70,71,71,71,46,8,8,0,0],"gold":3,"neow_bonus":"THREE_ENEMY_KILL","is_daily":false,"chose_seed":false,"campfire_upgraded":3,"win_rate":0.0,"timestamp":1608375250,"path_taken":["M","?","?","?","?","R","E","R","T","M","?","M","?","?","R","BOSS","M","M","?","?","?","E","$","M"],"items_purchased_type":["Card","Card","Card","Card","Card","Relic","Card"],"build_version":"2020-12-13","purchased_purges":0,"victory":false,"max_hp_per_floor":[75,75,75,76,76,76,77,77,77,78,78,79,79,79,79,80,90,91,92,92,92,93,94,94,94,94],"card_choices":[{"not_picked":["Force Field","Beam Cell"],"picked":"Capacitor","floor":1},{"not_picked":["Rip and Tear","Streamline"],"picked":"Conserve Battery","floor":4},{"not_picked":["Steam","Fusion"],"picked":"Storm","floor":7},{"not_picked":["Beam Cell","Gash"],"picked":"Consume","floor":10},{"not_picked":["BootSequence","Ball Lightning"],"picked":"Steam","floor":12},{"not_picked":["Machine Learning","Hyperbeam"],"picked":"Core Surge","floor":16},{"not_picked":["Go for the Eyes","Compile Driver"],"picked":"Stack+1","floor":18},{"not_picked":["Hologram","Aggregate"],"picked":"Loop","floor":19},{"not_picked":["Tempest","Glacier+1"],"picked":"Storm+1","floor":22},{"not_picked":["Cold Snap","Hologram"],"picked":"Genetic Algorithm","floor":23}],"player_experience":159261,"relics_obtained":[{"floor":7,"key":"Shuriken"},{"floor":9,"key":"Potion Belt"},{"floor":17,"key":"Omamori"},{"floor":17,"key":"Pear"},{"floor":17,"key":"Thread and Needle"},{"floor":23,"key":"Boot"}],"event_choices":[{"damage_healed":0,"gold_gain":0,"player_choice":"Leave","damage_taken":0,"max_hp_gain":0,"max_hp_loss":0,"event_name":"The Cleric","floor":2,"gold_loss":0},{"damage_healed":0,"gold_gain":0,"player_choice":"Trade","damage_taken":0,"relics_obtained":["FaceOfCleric"],"max_hp_gain":0,"max_hp_loss":0,"event_name":"FaceTrader","floor":3,"gold_loss":0},{"damage_healed":0,"gold_gain":0,"player_choice":"Grow","damage_taken":0,"max_hp_gain":0,"max_hp_loss":0,"event_name":"Living Wall","floor":5,"gold_loss":0,"cards_upgraded":["Capacitor"]},{"damage_healed":0,"gold_gain":0,"player_choice":"Box","damage_taken":0,"relics_obtained":["The Courier"],"max_hp_gain":0,"max_hp_loss":0,"event_name":"Big Fish","floor":13,"gold_loss":0,"cards_obtained":["Regret"]},{"cards_removed":["Regret"],"damage_healed":0,"gold_gain":0,"player_choice":"Removed Curses","damage_taken":0,"max_hp_gain":0,"max_hp_loss":0,"event_name":"Fountain of Cleansing","floor":14,"gold_loss":0},{"damage_healed":0,"gold_gain":0,"cards_transformed":["Strike_B","Defend_B"],"player_choice":"Became Test Subject","damage_taken":0,"max_hp_gain":0,"max_hp_loss":0,"event_name":"Drug Dealer","floor":20,"gold_loss":0,"cards_obtained":["Hello World","Reinforced Body"]},{"damage_healed":0,"gold_gain":0,"player_choice":"2 cards matched","damage_taken":0,"max_hp_gain":0,"max_hp_loss":0,"event_name":"Match and Keep!","floor":21,"gold_loss":0,"cards_obtained":["Redo","Machine Learning"]}],"is_beta":false,"boss_relics":[{"not_picked":["Coffee Dripper","Sozu"],"picked":"Calling Bell"}],"items_purged_floors":[],"is_endless":false,"potions_floor_spawned":[1,4,10,22],"killed_by":"Snake Plant","ascension_level":0}}