{"host":"krw8blyxua7at9ak","time":1608340698,"event":{"mods":["BaseMod","Highlight Path","Minty Spire (QoL Compilation)","ojb\u0027s Info Mod"],"gold_per_floor":[119,44,57,73,91,91,118,137,206,206,206,206],"floor_reached":11,"playtime":497,"items_purged":[],"score":150,"play_id":"32f1497b-849c-4d7c-ba39-ab56e1c2c236","local_time":"20201219021818","is_ascension_mode":true,"campfire_choices":[{"data":"Underhanded Strike","floor":6,"key":"SMITH"},{"data":"Backstab","floor":10,"key":"SMITH"}],"circlet_count":0,"master_deck":["AscendersBane","Strike_G","Strike_G","Strike_G","Defend_G","Defend_G","Defend_G","Defend_G","Survivor","Neutralize","Underhanded Strike+1","Footwork","Deflect","Backstab+1","Escape Plan","Cloak And Dagger"],"relics":["Ring of the Snake","Akabeko","Bottled Lightning"],"acts_visited":["Exordium"],"potions_floor_usage":[5,11],"damage_taken":[{"damage":0,"enemies":"2 Louse","floor":1,"turns":3},{"damage":1,"enemies":"Jaw Worm","floor":3,"turns":3},{"damage":0,"enemies":"Cultist","floor":4,"turns":4},{"damage":3,"enemies":"Exordium Thugs","floor":5,"turns":7},{"damage":21,"enemies":"Lagavulin","floor":7,"turns":8},{"damage":0,"enemies":"2 Fungi Beasts","floor":8,"turns":5},{"damage":34,"enemies":"Gremlin Nob","floor":11,"turns":4}],"seed_played":"6947982823459196028","potions_obtained":[{"floor":4,"key":"Swift Potion"},{"floor":7,"key":"GhostInAJar"}],"is_trial":false,"path_per_floor":["M","?","M","M","M","R","E","M","T","R","E"],"character_chosen":"THE_SILENT","items_purchased":[],"campfire_rested":0,"item_purchase_floors":[],"current_hp_per_floor":[59,59,58,58,55,55,34,34,34,34,0,0],"gold":206,"neow_bonus":"REMOVE_TWO","is_daily":false,"chose_seed":false,"campfire_upgraded":2,"win_rate":0.0,"timestamp":1608340698,"path_taken":["M","?","M","M","M","R","E","M","T","R","E"],"items_purchased_type":[],"build_version":"2020-12-13","purchased_purges":0,"victory":false,"max_hp_per_floor":[60,60,60,60,60,60,60,60,60,60,60,60],"card_choices":[{"not_picked":["Backflip","Infinite Blades"],"picked":"Underhanded Strike","floor":1},{"not_picked":["Terror","Masterful Stab"],"picked":"Footwork","floor":3},{"not_picked":["Riddle With Holes","Accuracy"],"picked":"Deflect","floor":4},{"not_picked":["Cloak And Dagger","Infinite Blades"],"picked":"Backstab","floor":5},{"not_picked":["Deadly Poison","Skewer"],"picked":"Escape Plan","floor":7},{"not_picked":["Tactician","Choke"],"picked":"Cloak And Dagger","floor":8}],"player_experience":339571,"relics_obtained":[{"floor":7,"key":"Akabeko"},{"floor":9,"key":"Bottled Lightning"}],"event_choices":[{"cards_removed":["Strike_G"],"damage_healed":0,"gold_gain":0,"player_choice":"Card Removal","damage_taken":0,"max_hp_gain":0,"max_hp_loss":0,"event_name":"The Cleric","floor":2,"gold_loss":75}],"is_beta":false,"boss_relics":[],"items_purged_floors":[],"is_endless":false,"potions_floor_spawned":[4,7],"killed_by":"Gremlin Nob","ascension_level":20}}