{"host":"u0ul4tg7h190tzjo","time":1608398581,"event":{"mods":["AchievementEnabler","Act Like it!","Aspiration","BaseMod","Beaked The Cultist","Better Altar","Better Note","Better Sensory Stone","Better Skull","Better Third Choice","Colored Powertips","Conspire","Downfall","Energized Spire","GifTheSpireLib","Hubris","Minty Spire (QoL Compilation)","Rare Cards Sparkle","Shop Mod","Spikes Relics","StSLib","Stuff the Spire","vexMod"],"gold_per_floor":[99,249,249,308,308,319,372,297,315,347,347,357,43,43,59,59,59],"floor_reached":16,"playtime":1035,"items_purged":["Slimebound:Icky"],"score":123,"play_id":"b2c450e2-9f51-4c97-b3c0-7887daa39ec1","local_time":"20201219122301","is_ascension_mode":false,"campfire_choices":[{"data":"champ:Taunt","floor":1,"key":"SMITH"},{"data":"champ:DefensiveShout","floor":5,"key":"SMITH"},{"data":"champ:PerfectedStrike","floor":8,"key":"SMITH"}],"circlet_count":0,"master_deck":["champ:Strike","champ:Strike","champ:Strike","champ:Strike","champ:Defend","champ:Defend","champ:Defend","champ:Execute+1","champ:Taunt+1","champ:DefensiveShout+1","champ:PerfectedStrike+1","champ:PerfectedStrike","champ:LastStand","champ:FanOfKnives+1","champ:RisingSlash","champ:ShieldSlam"],"relics":["champ:ChampionCrown","StuffTheSpire:GrapeVine","downfall:HeartBlessingBlue","aspiration:Lifesprig","Whetstone"],"acts_visited":["Exordium"],"potions_floor_usage":[11,11,12,16,16],"damage_taken":[{"damage":53,"enemies":"3 Sentries","floor":4,"turns":10},{"damage":5,"enemies":"Small Slimes","floor":6,"turns":3},{"damage":3,"enemies":"Jaw Worm","floor":9,"turns":3},{"damage":21,"enemies":"Lagavulin","floor":10,"turns":5},{"damage":0,"enemies":"Cultist","floor":12,"turns":2},{"damage":5,"enemies":"downfall:FleeingMerchant","floor":13,"turns":4},{"damage":0,"enemies":"2 Fungi Beasts","floor":15,"turns":1},{"damage":55,"enemies":"downfall:Watcher","floor":16,"turns":7}],"seed_played":"-4643713499436426145","potions_obtained":[{"floor":4,"key":"sneckomod:MuddlingPotion"},{"floor":10,"key":"Block Potion"},{"floor":11,"key":"Fruit Juice"},{"floor":11,"key":"EntropicBrew"},{"floor":11,"key":"Swift Potion"}],"is_trial":false,"path_per_floor":["R","?","?","?","R","M","T","R","M","E","?","M","$","?","M","B"],"character_chosen":"THE_CHAMP","items_purchased":["champ:RisingSlash","Whetstone"],"campfire_rested":0,"item_purchase_floors":[13,13],"current_hp_per_floor":[99,99,99,56,56,56,56,66,63,42,47,47,47,47,47,0,0],"gold":59,"neow_bonus":"TEN_PERCENT_HP_BONUS","is_daily":false,"chose_seed":false,"campfire_upgraded":3,"win_rate":0.0,"timestamp":1608398581,"path_taken":["R","?","?","?","R","M","T","R","M","E","?","?","$","?","M","BOSS"],"items_purchased_type":["Card","Relic"],"build_version":"2020-12-13","purchased_purges":1,"victory":false,"max_hp_per_floor":[99,99,99,99,99,99,99,109,109,109,114,114,114,114,114,114,114],"card_choices":[{"not_picked":["champ:BerserkersShout","champ:ShieldWall"],"picked":"champ:DefensiveShout","floor":4},{"not_picked":["champ:Riposte","champ:BladeFlurry"],"picked":"champ:PerfectedStrike","floor":6},{"not_picked":["champ:GladiatorsShout","champ:FightOn"],"picked":"champ:PerfectedStrike","floor":9},{"not_picked":["champ:RapidStrikes","champ:Backstep","champ:StanceDance"],"picked":"SKIP","floor":10},{"not_picked":["champ:BringItOn","champ:FanOfKnives"],"picked":"champ:LastStand","floor":12},{"not_picked":["champ:DefensiveShout","champ:BerserkersShout"],"picked":"champ:FanOfKnives","floor":13},{"not_picked":["champ:PreciseThrust","champ:AdrenalArmor","champ:Backstep"],"picked":"SKIP","floor":15}],"player_experience":174011,"relics_obtained":[{"floor":4,"key":"StuffTheSpire:GrapeVine"},{"floor":10,"key":"aspiration:Lifesprig"}],"event_choices":[{"damage_healed":0,"gold_gain":0,"player_choice":"Got Potions","damage_taken":0,"max_hp_gain":0,"max_hp_loss":0,"event_name":"Lab","floor":11,"gold_loss":0},{"damage_healed":0,"gold_gain":0,"cards_transformed":["champ:Defend"],"player_choice":"Transformed","damage_taken":0,"max_hp_gain":0,"max_hp_loss":0,"event_name":"Transmorgrifier","floor":14,"gold_loss":0,"cards_obtained":["champ:ShieldSlam"]}],"is_beta":false,"boss_relics":[],"items_purged_floors":[13],"is_endless":false,"potions_floor_spawned":[4,10],"killed_by":"downfall:Watcher","ascension_level":0}}