{"host":"nox","time":1608370722,"event":{"mods":["Aspiration","BaseMod","Better Third Choice","Colored Powertips","Conspire","Hubris","Infinite Spire","Minty Spire (QoL Compilation)","Quick Restart","Rare Cards Sparkle","Replay The Spire","Shop Mod","Spikes Relics","StSLib","SuperFastMode","The Alterego","vexMod"],"gold_per_floor":[113,130,145,165,178,178,178,178],"floor_reached":7,"playtime":206,"items_purged":[],"score":54,"play_id":"a8f6ac91-2c20-41c9-8ee9-0ae7b178de2c","local_time":"20201219163842","is_ascension_mode":true,"campfire_choices":[{"data":"Consume","floor":6,"key":"SMITH"}],"circlet_count":0,"master_deck":["Strike_B","Strike_B","Strike_B","Strike_B","Defend_B","Defend_B","Defend_B","Defend_B","Zap","Dualcast","Consume+1","Chill","Gash"],"relics":["Cracked Core"],"acts_visited":["Exordium"],"potions_floor_usage":[7],"damage_taken":[{"damage":0.0,"enemies":"Small Slimes","floor":1.0,"turns":2.0},{"damage":2.0,"enemies":"Jaw Worm","floor":2.0,"turns":3.0},{"damage":1.0,"enemies":"2 Louse","floor":3.0,"turns":2.0},{"damage":0.0,"enemies":"Exordium Wildlife","floor":4.0,"turns":3.0},{"damage":0,"enemies":"2 Fungi Beasts","floor":5,"turns":4},{"damage":87,"enemies":"Gremlin Nob","floor":7,"turns":5}],"seed_played":"-2167257288359095603","potions_obtained":[{"floor":1.0,"key":"AttackPotion"},{"floor":4.0,"key":"FearPotion"}],"is_trial":false,"path_per_floor":["M","M","M","M","M","R","E"],"character_chosen":"DEFECT","items_purchased":[],"campfire_rested":0,"item_purchase_floors":[],"current_hp_per_floor":[82,80,79,79,79,79,0,0],"gold":178,"neow_bonus":"TEN_PERCENT_HP_BONUS","is_daily":false,"chose_seed":false,"campfire_upgraded":1,"win_rate":0.0,"timestamp":1608370722,"path_taken":["M","M","M","M","M","R","E"],"items_purchased_type":[],"build_version":"2020-11-17","purchased_purges":0,"victory":false,"max_hp_per_floor":[82,82,82,82,82,82,82,82],"card_choices":[{"not_picked":["Coolheaded","Barrage"],"picked":"Consume","floor":1.0},{"not_picked":["Beam Cell","Streamline","Sweeping Beam"],"picked":"SKIP","floor":2.0},{"not_picked":["BootSequence","Go for the Eyes","Panic Button"],"picked":"SKIP","floor":3.0},{"not_picked":["Skim","Force Field"],"picked":"Chill","floor":4.0},{"not_picked":["Recycle","Hologram"],"picked":"Gash","floor":5}],"player_experience":194035,"relics_obtained":[],"event_choices":[],"is_beta":true,"boss_relics":[],"items_purged_floors":[],"is_endless":false,"potions_floor_spawned":[1,4],"killed_by":"Gremlin Nob","ascension_level":4}}