{"host":"qwttrqaysb380yri","time":1608410159,"event":{"mods":["BaseMod","Custom Start","Minty Spire (QoL Compilation)","Permanent Neow","Puzzle Mod","Relic Stats","StSLib","The Cursed","The Hierophant"],"gold_per_floor":[116,116,132,148,161,199,199,213,213,257,273,288,288,288,288,382,382,402,402,420,443,443,481,481,500,500,536,53,53,53,152,152,251,251,265,108,108,127,147,147,147],"floor_reached":40,"playtime":1572,"items_purged":["Writhe"],"score":723,"play_id":"8dbeca9a-8e02-44da-a160-3a8eceeb9029","local_time":"20201219213559","is_ascension_mode":true,"campfire_choices":[{"data":"Hologram","floor":7,"key":"SMITH"},{"data":"Aggregate","floor":13,"key":"SMITH"},{"floor":15,"key":"REST"},{"floor":24,"key":"REST"},{"floor":29,"key":"REST"},{"data":"Defragment","floor":32,"key":"SMITH"}],"circlet_count":0,"master_deck":["AscendersBane","Strike_B+1","Strike_B+1","Strike_B+1","Defend_B+1","Defend_B+1","Defend_B+1","Defend_B+1","Zap","Dualcast","Aggregate+1","Go for the Eyes","Cold Snap","Ball Lightning","Ball Lightning","Hologram+1","Gash","Cold Snap","Static Discharge+1","Compile Driver","Seek","Chill","Sweeping Beam+1","Conserve Battery","Leap","Echo Form","Defragment+1","Amplify"],"relics":["Cracked Core","Golden Idol","Gremlin Horn","Girya","Cursed Key","Du-Vu Doll","Orichalcum","Pear","DataDisk","ClockworkSouvenir","Busted Crown","Bag of Preparation"],"acts_visited":["Exordium","TheCity","TheBeyond"],"potions_floor_usage":[6,18,20,23,27,33],"damage_taken":[{"damage":0,"enemies":"Small Slimes","floor":1,"turns":3},{"damage":0,"enemies":"2 Louse","floor":3,"turns":3},{"damage":4,"enemies":"Cultist","floor":4,"turns":3},{"damage":6,"enemies":"2 Fungi Beasts","floor":5,"turns":2},{"damage":8,"enemies":"Gremlin Nob","floor":6,"turns":3},{"damage":1,"enemies":"Blue Slaver","floor":8,"turns":3},{"damage":15,"enemies":"Lagavulin","floor":10,"turns":5},{"damage":4,"enemies":"Lots of Slimes","floor":11,"turns":2},{"damage":12,"enemies":"Exordium Thugs","floor":12,"turns":4},{"damage":15,"enemies":"Slime Boss","floor":16,"turns":8},{"damage":0,"enemies":"Chosen","floor":18,"turns":5},{"damage":1,"enemies":"3 Byrds","floor":20,"turns":4},{"damage":21,"enemies":"Shelled Parasite and Fungi","floor":21,"turns":5},{"damage":22,"enemies":"Book of Stabbing","floor":23,"turns":4},{"damage":17,"enemies":"Snecko","floor":25,"turns":5},{"damage":8,"enemies":"Gremlin Leader","floor":27,"turns":7},{"damage":41,"enemies":"Automaton","floor":33,"turns":8},{"damage":0,"enemies":"3 Shapes","floor":35,"turns":3},{"damage":22,"enemies":"3 Darklings","floor":38,"turns":6},{"damage":11,"enemies":"Transient","floor":39,"turns":5},{"damage":20,"enemies":"Giant Head","floor":40,"turns":7}],"seed_played":"-6483201452256146224","potions_obtained":[{"floor":3,"key":"FocusPotion"},{"floor":10,"key":"GamblersBrew"},{"floor":16,"key":"EssenceOfSteel"},{"floor":18,"key":"BlessingOfTheForge"},{"floor":23,"key":"SpeedPotion"},{"floor":38,"key":"FearPotion"}],"is_trial":false,"path_per_floor":["M","?","M","M","M","E","R","M","T","E","M","M","R","?","R","B",null,"M","?","M","M","?","E","R","M","T","E","$","R","?","?","R","B",null,"M","$","?","M","M","E"],"character_chosen":"DEFECT","items_purchased":["DataDisk","Defragment","DuplicationPotion","ClockworkSouvenir","Bag of Preparation"],"campfire_rested":3,"item_purchase_floors":[28,28,28,28,36],"current_hp_per_floor":[68,68,68,64,58,50,50,49,49,34,30,18,18,18,38,23,58,58,58,57,36,36,14,34,17,17,19,19,42,42,42,42,1,60,60,60,79,57,46,26,26],"gold":147,"neow_bonus":"TRANSFORM_CARD","is_daily":false,"chose_seed":false,"campfire_upgraded":3,"win_rate":0.0,"timestamp":1608410159,"path_taken":["M","?","M","M","M","E","R","M","T","E","M","M","R","?","R","BOSS","M","?","M","M","?","E","R","M","T","E","$","R","?","?","R","BOSS","M","$","?","M","?","E"],"items_purchased_type":["Relic","Card","Potion","Relic","Relic"],"build_version":"2020-12-13","purchased_purges":1,"victory":false,"max_hp_per_floor":[75,69,69,69,69,69,69,69,69,69,69,69,69,69,69,69,69,69,69,69,69,69,69,69,69,69,79,79,79,79,79,79,79,79,79,79,79,79,79,79,79],"relic_stats":{"Busted Crown":6,"Gremlin Horn":[25,25],"counters":[21,95],"Golden Idol":117,"Bag of Preparation":[6],"Orichalcum":[60],"Cursed Key":0,"obtain_stats":[{"Du-Vu Doll":19,"Girya":9,"DataDisk":28,"Pear":27,"Busted Crown":34,"Gremlin Horn":6,"Golden Idol":2,"Bag of Preparation":36,"Orichalcum":23,"Cracked Core":0,"Cursed Key":17,"ClockworkSouvenir":28},{"Du-Vu Doll":11,"Girya":6,"DataDisk":16,"Pear":16,"Busted Crown":17,"Gremlin Horn":5,"Golden Idol":1,"Bag of Preparation":18,"Orichalcum":14,"Cracked Core":0,"Cursed Key":10,"ClockworkSouvenir":16},{"Du-Vu Doll":41,"Girya":17,"DataDisk":66,"Pear":66,"Busted Crown":74,"Gremlin Horn":14,"Golden Idol":3,"Bag of Preparation":77,"Orichalcum":54,"Cracked Core":0,"Cursed Key":36,"ClockworkSouvenir":66}]},"card_choices":[{"not_picked":["Stack","Barrage"],"picked":"Go for the Eyes","floor":1},{"not_picked":["Gash","Rebound"],"picked":"Cold Snap","floor":3},{"not_picked":["Turbo","Redo"],"picked":"Ball Lightning","floor":4},{"not_picked":["Compile Driver","Capacitor"],"picked":"Ball Lightning","floor":5},{"not_picked":["Force Field","Sunder"],"picked":"Hologram","floor":6},{"not_picked":["Tempest","Skim"],"picked":"Gash","floor":8},{"not_picked":["Force Field","Streamline"],"picked":"Cold Snap","floor":10},{"not_picked":["BootSequence","Skim"],"picked":"Static Discharge","floor":11},{"not_picked":["Streamline","Steam"],"picked":"Compile Driver","floor":12},{"not_picked":["Amplify","Rainbow"],"picked":"Seek","floor":16},{"not_picked":["Stack","Rebound"],"picked":"Chill","floor":18},{"not_picked":["Blizzard+1","Lockon+1"],"picked":"Sweeping Beam+1","floor":20},{"not_picked":["Beam Cell","Sweeping Beam"],"picked":"Conserve Battery","floor":21},{"not_picked":["Beam Cell","Auto Shields+1"],"picked":"Consume","floor":23},{"not_picked":["Beam Cell","Steam Power"],"picked":"Leap","floor":25},{"not_picked":["Compile Driver+1","Leap"],"picked":"Echo Form","floor":27},{"not_picked":["Biased Cognition","Electrodynamics"],"picked":"Amplify","floor":33},{"not_picked":["Rip and Tear"],"picked":"SKIP","floor":35},{"not_picked":["Streamline"],"picked":"SKIP","floor":38},{"not_picked":["Aggregate"],"picked":"SKIP","floor":39}],"player_experience":1895657,"relics_obtained":[{"floor":6,"key":"Gremlin Horn"},{"floor":9,"key":"Girya"},{"floor":23,"key":"Orichalcum"},{"floor":27,"key":"Pear"}],"event_choices":[{"damage_healed":0,"gold_gain":0,"player_choice":"Lose Max HP","damage_taken":0,"relics_obtained":["Golden Idol"],"max_hp_gain":0,"max_hp_loss":6,"event_name":"Golden Idol","floor":2,"gold_loss":0},{"damage_healed":0,"gold_gain":0,"player_choice":"Grow","damage_taken":0,"max_hp_gain":0,"max_hp_loss":0,"event_name":"Living Wall","floor":14,"gold_loss":0,"cards_upgraded":["Static Discharge"]},{"damage_healed":0,"gold_gain":0,"player_choice":"Opened","damage_taken":0,"relics_obtained":["Du-Vu Doll"],"max_hp_gain":0,"max_hp_loss":0,"event_name":"The Mausoleum","floor":19,"gold_loss":0,"cards_obtained":["Writhe"]},{"damage_healed":0,"gold_gain":0,"player_choice":"Simplicity","damage_taken":0,"max_hp_gain":0,"max_hp_loss":0,"event_name":"Back to Basics","floor":22,"gold_loss":0,"cards_upgraded":["Strike_B","Strike_B","Strike_B","Defend_B","Defend_B","Defend_B","Defend_B"]},{"damage_healed":0,"gold_gain":0,"player_choice":"Ignored","damage_taken":0,"max_hp_gain":0,"max_hp_loss":0,"event_name":"Ghosts","floor":30,"gold_loss":0},{"damage_healed":0,"gold_gain":99,"player_choice":"Stole From Cult","damage_taken":0,"max_hp_gain":0,"max_hp_loss":0,"event_name":"Nest","floor":31,"gold_loss":0},{"cards_removed":["Consume"],"damage_healed":19,"gold_gain":0,"player_choice":"Offered Uncommon","damage_taken":0,"max_hp_gain":0,"max_hp_loss":0,"event_name":"Bonfire Elementals","floor":37,"gold_loss":0}],"is_beta":false,"boss_relics":[{"not_picked":["Pandora\u0027s Box","Inserter"],"picked":"Cursed Key"},{"not_picked":["SacredBark","Nuclear Battery"],"picked":"Busted Crown"}],"items_purged_floors":[28],"is_endless":false,"potions_floor_spawned":[3,10,16,18,23,38],"killed_by":"Giant Head","ascension_level":13}}