{"host":"1ivxh6f0wtekmpqo","time":1608387583,"event":{"mods":["AchievementEnabler","BaseMod","Colored Map","Minty Spire (QoL Compilation)","Rare Cards Sparkle","StSLib","SuperFastMode","everything is the same but u backflip on backflip"],"gold_per_floor":[119,119,93,107,107,133,133,144,170,170,190,190,207,221,221,326,326,326,326],"floor_reached":18,"playtime":459,"items_purged":[],"score":187,"play_id":"bc67ad96-12c8-4fb6-9e8b-5ad74401694d","local_time":"20201219221943","is_ascension_mode":false,"campfire_choices":[{"data":"ForeignInfluence","floor":7,"key":"SMITH"},{"data":"Eruption","floor":10,"key":"SMITH"},{"floor":12,"key":"RECALL"},{"floor":15,"key":"REST"}],"circlet_count":0,"master_deck":["Strike_P","Strike_P","Strike_P","Strike_P","Defend_P","Defend_P","Defend_P","Defend_P","Eruption+1","Vigilance","PathToVictory","EmptyFist","Vengeance","ForeignInfluence+1","Consecrate","FollowUp","ConjureBlade","BowlingBash","Vault"],"relics":["HolyWater","NeowsBlessing","PreservedInsect","Strawberry"],"acts_visited":["Exordium","TheCity"],"potions_floor_usage":[16,16],"damage_taken":[{"damage":0,"enemies":"Small Slimes","floor":1,"turns":1},{"damage":0,"enemies":"2 Louse","floor":4,"turns":1},{"damage":0,"enemies":"3 Sentries","floor":6,"turns":1},{"damage":0,"enemies":"Cultist","floor":8,"turns":2},{"damage":2,"enemies":"Exordium Wildlife","floor":11,"turns":2},{"damage":19,"enemies":"Exordium Thugs","floor":13,"turns":3},{"damage":31,"enemies":"Large Slime","floor":14,"turns":4},{"damage":54,"enemies":"The Guardian","floor":16,"turns":8},{"damage":0,"enemies":"2 Thieves","floor":18,"turns":1}],"seed_played":"2414323053969633566","potions_obtained":[{"floor":1,"key":"AttackPotion"},{"floor":5,"key":"StancePotion"},{"floor":5,"key":"LiquidBronze"},{"floor":5,"key":"SpeedPotion"},{"floor":13,"key":"CultistPotion"},{"floor":16,"key":"StancePotion"}],"is_trial":false,"path_per_floor":["M","?","$","M","?","E","R","M","T","R","M","R","M","M","R","B",null,"M"],"character_chosen":"WATCHER","items_purchased":["EmptyFist"],"campfire_rested":1,"item_purchase_floors":[3],"current_hp_per_floor":[72,77,77,77,77,77,77,77,84,84,82,82,63,32,57,3,84,84,84],"gold":326,"neow_bonus":"THREE_ENEMY_KILL","is_daily":false,"chose_seed":false,"campfire_upgraded":2,"win_rate":0.0,"timestamp":1608387583,"path_taken":["M","?","$","M","?","E","R","M","T","R","M","R","?","M","R","BOSS","M"],"items_purchased_type":["Card"],"build_version":"2020-12-13","purchased_purges":0,"victory":false,"max_hp_per_floor":[72,77,77,77,77,77,77,77,84,84,84,84,84,84,84,84,84,84,84],"card_choices":[{"not_picked":["Sanctity","Protect"],"picked":"PathToVictory","floor":1},{"not_picked":["ClearTheMind","JustLucky"],"picked":"Vengeance","floor":4},{"not_picked":["EmptyBody","Halt"],"picked":"ForeignInfluence","floor":6},{"not_picked":["SandsOfTime","BowlingBash"],"picked":"Consecrate","floor":8},{"not_picked":["FlyingSleeves","ThirdEye"],"picked":"FollowUp","floor":11},{"not_picked":["Protect","Weave"],"picked":"ConjureBlade","floor":13},{"not_picked":["JustLucky","EmptyBody"],"picked":"BowlingBash","floor":14},{"not_picked":["Establishment","MasterReality"],"picked":"Vault","floor":16}],"player_experience":222986,"relics_obtained":[{"floor":6,"key":"PreservedInsect"},{"floor":9,"key":"Strawberry"}],"event_choices":[{"damage_healed":0,"gold_gain":0,"player_choice":"Donut","damage_taken":0,"max_hp_gain":5,"max_hp_loss":0,"event_name":"Big Fish","floor":2,"gold_loss":0},{"damage_healed":0,"gold_gain":0,"player_choice":"Got Potions","damage_taken":0,"max_hp_gain":0,"max_hp_loss":0,"event_name":"Lab","floor":5,"gold_loss":0}],"is_beta":false,"boss_relics":[{"not_picked":["Velvet Choker","Ectoplasm"],"picked":"HolyWater"}],"items_purged_floors":[],"is_endless":false,"potions_floor_spawned":[1,8,13,16],"killed_by":"2 Thieves","ascension_level":0}}