{"host":"gx04ak8ofzo346nl","time":1608411191,"event":{"mods":["BaseMod","Colored Map","Googly Eyes","Highlight Path","Infinite Spire","Minty Spire (QoL Compilation)","Replay The Spire","StSLib"],"gold_per_floor":[116,126,43,43,43,72,84,130,142,165,177,200,212,244,256,268,268],"floor_reached":16,"playtime":744,"items_purged":[],"score":140,"play_id":"28ebdb7b-1d43-4be2-bcab-197dcc832548","local_time":"20201219125311","is_ascension_mode":true,"campfire_choices":[{"floor":7,"key":"RECALL"},{"data":"Vigilance","floor":11,"key":"SMITH"},{"data":"Prostrate","floor":13,"key":"SMITH"},{"data":"Ragnarok","floor":15,"key":"SMITH"}],"circlet_count":0,"master_deck":["Strike_P","Strike_P","Strike_P","Strike_P","Defend_P","Defend_P","Defend_P","Defend_P","Eruption","Vigilance+1","BowlingBash","ClearTheMind","Collect","FlurryOfBlows","FearNoEvil","Ragnarok+1","EmptyMind","Prostrate+1","Replay:Vibes"],"relics":["PureWater","NeowsBlessing","GoldenEye","MawBank","Dream Catcher","Odd Mushroom"],"acts_visited":["Exordium"],"potions_floor_usage":[16],"damage_taken":[{"damage":0,"enemies":"Cultist","floor":1,"turns":1},{"damage":0,"enemies":"Jaw Worm","floor":2,"turns":1},{"damage":0,"enemies":"Gremlin Nob","floor":6,"turns":1},{"damage":5,"enemies":"3 Sentries","floor":8,"turns":7},{"damage":5,"enemies":"2 Louse","floor":10,"turns":3},{"damage":6,"enemies":"Exordium Wildlife","floor":12,"turns":2},{"damage":3,"enemies":"The Mushroom Lair","floor":14,"turns":4},{"damage":53,"enemies":"Fading Forest","floor":16,"turns":10}],"seed_played":"-1622140452884223338","potions_obtained":[{"floor":12,"key":"Dexterity Potion"},{"floor":14,"key":"Fire Potion"}],"is_trial":false,"path_per_floor":["M","M","$","?","?","E","R","E","T","M","R","M","R","?","R","B"],"character_chosen":"WATCHER","items_purchased":["Collect","FlurryOfBlows"],"campfire_rested":0,"item_purchase_floors":[3,3],"current_hp_per_floor":[72,72,72,60,60,60,60,55,55,50,50,44,44,41,41,0,0],"gold":268,"neow_bonus":"THREE_ENEMY_KILL","is_daily":false,"chose_seed":false,"campfire_upgraded":3,"win_rate":0.0,"timestamp":1608411191,"path_taken":["M","M","$","?","?","E","R","E","T","M","R","M","R","?","R","BOSS"],"items_purchased_type":["Card","Card"],"build_version":"2020-12-13","purchased_purges":0,"victory":false,"max_hp_per_floor":[72,72,72,72,72,72,72,72,72,72,72,72,72,72,72,72,72],"card_choices":[{"not_picked":["Halt","Replay:ManipulateFuture"],"picked":"BowlingBash","floor":1},{"not_picked":["TalkToTheHand","JustLucky"],"picked":"ClearTheMind","floor":2},{"not_picked":["Crescendo","Replay:BluntJabs"],"picked":"FearNoEvil","floor":6},{"not_picked":["PathToVictory","Protect"],"picked":"Ragnarok","floor":8},{"not_picked":["FlurryOfBlows","Protect"],"picked":"EmptyMind","floor":10},{"not_picked":["WheelKick","TalkToTheHand"],"picked":"Prostrate","floor":12},{"not_picked":["Replay:AllIn","EmptyBody"],"picked":"Replay:Vibes","floor":14}],"player_experience":144888,"relics_obtained":[{"floor":6,"key":"MawBank"},{"floor":8,"key":"Dream Catcher"},{"floor":14,"key":"Odd Mushroom"}],"event_choices":[{"damage_healed":0,"gold_gain":0,"player_choice":"Success","damage_taken":12,"relics_obtained":["GoldenEye"],"max_hp_gain":0,"max_hp_loss":0,"event_name":"Scrap Ooze","floor":4,"gold_loss":0},{"damage_healed":0,"gold_gain":0,"player_choice":"Leave","damage_taken":0,"max_hp_gain":0,"max_hp_loss":0,"event_name":"The Cleric","floor":5,"gold_loss":0},{"damage_healed":0,"gold_gain":0,"player_choice":"Fought Mushrooms","damage_taken":0,"max_hp_gain":0,"max_hp_loss":0,"event_name":"Mushrooms","floor":14,"gold_loss":0}],"is_beta":false,"boss_relics":[],"items_purged_floors":[],"is_endless":false,"potions_floor_spawned":[12,14],"killed_by":"Fading Forest","ascension_level":1}}