{"host":"4qkvkh7pd9qr2mca","time":1608395315,"event":{"mods":["AchievementEnabler","BaseMod","Colored Map","Colored Powertips","Highlight Path","Minty Spire (QoL Compilation)","Permanent Neow","Quick Restart","StSLib","SuperFastMode"],"gold_per_floor":[18,29,29,29,49,77,51,84,137,147,147,147],"floor_reached":11,"playtime":378,"items_purged":[],"score":166,"play_id":"16c095a2-e251-499d-abf0-ed31f21b31a3","local_time":"20201219172835","is_ascension_mode":true,"campfire_choices":[],"circlet_count":0,"master_deck":["AscendersBane","Strike_G","Strike_G","Strike_G","Strike_G","Defend_G","Defend_G","Defend_G","Defend_G","Defend_G","Survivor","Neutralize+1","Caltrops","Dagger Throw","Blade Dance","All Out Attack","Deadly Poison","Footwork","Bouncing Flask"],"relics":["Ring of the Snake","The Specimen","Pear","Happy Flower","PreservedInsect"],"acts_visited":["Exordium"],"potions_floor_usage":[11],"damage_taken":[{"damage":1.0,"enemies":"Small Slimes","floor":1.0,"turns":6.0},{"damage":1.0,"enemies":"2 Louse","floor":2.0,"turns":3.0},{"damage":1.0,"enemies":"Jaw Worm","floor":5.0,"turns":4.0},{"damage":24.0,"enemies":"3 Sentries","floor":6.0,"turns":8.0},{"damage":33.0,"enemies":"Lagavulin","floor":8.0,"turns":8.0},{"damage":0.0,"enemies":"Large Slime","floor":10.0,"turns":5.0},{"damage":10,"enemies":"3 Sentries","floor":11,"turns":2}],"seed_played":"-3359397737955373803","potions_obtained":[{"floor":1.0,"key":"PowerPotion"},{"floor":2.0,"key":"Explosive Potion"},{"floor":8.0,"key":"LiquidMemories"}],"is_trial":false,"path_per_floor":["M","M","?","?","M","E","$","E","T","M","E"],"character_chosen":"THE_SILENT","items_purchased":["Deadly Poison"],"campfire_rested":0,"item_purchase_floors":[7],"current_hp_per_floor":[58,57,57,50,49,35,35,2,2,2,0,0],"gold":147,"neow_bonus":"ONE_RARE_RELIC","is_daily":false,"chose_seed":false,"campfire_upgraded":0,"win_rate":0.0,"timestamp":1608395315,"path_taken":["M","M","?","?","M","E","?","E","T","M","E"],"items_purchased_type":["Card"],"build_version":"2020-12-13","purchased_purges":0,"victory":false,"max_hp_per_floor":[66,66,66,66,66,76,76,76,76,76,76,76],"card_choices":[{"not_picked":["Dagger Throw","PiercingWail"],"picked":"Caltrops","floor":1.0},{"not_picked":["Deflect","Underhanded Strike"],"picked":"Dagger Throw","floor":2.0},{"not_picked":["Underhanded Strike","Infinite Blades"],"picked":"Blade Dance","floor":5.0},{"not_picked":["Acrobatics","Flying Knee"],"picked":"All Out Attack","floor":6.0},{"not_picked":["Dagger Spray","Terror"],"picked":"Footwork","floor":8.0},{"not_picked":["Dodge and Roll","Blur"],"picked":"Bouncing Flask","floor":10.0}],"player_experience":449658,"relics_obtained":[{"floor":6.0,"key":"Pear"},{"floor":8.0,"key":"Happy Flower"},{"floor":9.0,"key":"PreservedInsect"}],"event_choices":[{"damage_healed":0.0,"max_hp_gain":0.0,"max_hp_loss":0.0,"gold_gain":0.0,"event_name":"Living Wall","player_choice":"Grow","floor":3.0,"gold_loss":0.0,"damage_taken":0.0,"cards_upgraded":["Neutralize"]},{"cards_removed":["Strike_G"],"damage_healed":0.0,"max_hp_gain":0.0,"max_hp_loss":0.0,"gold_gain":0.0,"event_name":"Golden Wing","player_choice":"Card Removal","floor":4.0,"gold_loss":0.0,"damage_taken":7.0}],"is_beta":false,"boss_relics":[],"items_purged_floors":[],"is_endless":false,"potions_floor_spawned":[1,2,8],"killed_by":"3 Sentries","ascension_level":20}}