{"host":"jm9833yuloeli2yd","time":1608346067,"event":{"mods":["AchievementEnabler","BaseMod","Better Altar","Better Match","Better Note","Better Sensory Stone","Better Skull","Better Vampires","Colored Map","Colored Powertips","DeckTracker","Minty Spire (QoL Compilation)","Permanent Neow","Quick Restart","Replay The Spire","StSLib","SuperFastMode"],"gold_per_floor":[115,135,135,1,26,26,54,54,54,67,67,82,82,98,98,174,174,184,203,203,216,233,233,233],"floor_reached":23,"playtime":658,"items_purged":["Strike_B"],"score":486,"play_id":"65562198-d8d6-478c-bbc6-16493ef35b2f","local_time":"20201218214747","is_ascension_mode":true,"campfire_choices":[{"floor":6.0,"key":"REST"},{"data":"Defragment","floor":13.0,"key":"SMITH"},{"floor":15.0,"key":"REST"}],"circlet_count":0,"master_deck":["AscendersBane","Strike_B","Strike_B","Strike_B","Defend_B","Defend_B","Defend_B","Defend_B","Zap","Dualcast","Core Surge","Capacitor","Chill","Magnetism","Cold Snap","Ball Lightning","Consume","Pain","Cold Snap","Defragment+1","Cold Snap","Fission","Turbo+1","Go for the Eyes+1","Ghostly","Ghostly","Ghostly","Biased Cognition"],"relics":["Cracked Core","Pondfish Scales","Symbiotic Virus","WarpedTongs","Replay:Bottled Snecko","Velvet Choker"],"acts_visited":["TheCity"],"potions_floor_usage":[22],"damage_taken":[{"damage":13.0,"enemies":"Small Slimes","floor":1.0,"turns":3.0},{"damage":3.0,"enemies":"2 Louse","floor":2.0,"turns":2.0},{"damage":18.0,"enemies":"Lagavulin","floor":7.0,"turns":10.0},{"damage":2.0,"enemies":"Cultist","floor":10.0,"turns":3.0},{"damage":4.0,"enemies":"Large Slime","floor":12.0,"turns":5.0},{"damage":8.0,"enemies":"Looter","floor":14.0,"turns":3.0},{"damage":1.0,"enemies":"Slime Boss","floor":16.0,"turns":5.0},{"damage":22,"enemies":"Shell Parasite","floor":18,"turns":6},{"damage":16,"enemies":"2 Thieves","floor":19,"turns":4},{"damage":2,"enemies":"Snecko","floor":21,"turns":4},{"damage":4,"enemies":"Shelled Parasite and Fungi","floor":22,"turns":6},{"damage":18,"enemies":"Book of Stabbing","floor":23,"turns":1}],"seed_played":"2214624351747384618","potions_obtained":[{"floor":1.0,"key":"LiquidMemories"},{"floor":10.0,"key":"Strength Potion"},{"floor":19,"key":"ColorlessPotion"}],"is_trial":false,"path_per_floor":["M","M","?","$","?","R","E","?","T","M","$","M","R","M","R","B",null,"M","M","?","M","M","E"],"character_chosen":"DEFECT","items_purchased":["Cold Snap"],"campfire_rested":2,"item_purchase_floors":[4],"current_hp_per_floor":[51,48,48,48,20,41,23,23,23,21,21,17,17,9,30,29,61,39,23,23,21,17,0,0],"gold":233,"neow_bonus":"ONE_RANDOM_RARE_CARD","is_daily":false,"chose_seed":false,"campfire_upgraded":1,"win_rate":0.0,"timestamp":1608346067,"path_taken":["M","M","?","$","?","R","E","?","T","M","$","M","R","?","R","BOSS","M","M","?","M","M","E"],"items_purchased_type":["Card"],"build_version":"2020-12-13","purchased_purges":1,"victory":false,"max_hp_per_floor":[71,71,71,71,71,71,71,71,71,71,71,71,71,71,71,71,71,71,71,35,35,35,35,35],"card_choices":[{"not_picked":["Fusion","Beam Cell"],"picked":"Capacitor","floor":1.0},{"not_picked":["Hologram","Sweeping Beam"],"picked":"Chill","floor":2.0},{"not_picked":["ReplayUltimateDefense","Replay:BasicMightCard"],"picked":"Magnetism","floor":3.0},{"not_picked":["Tempest","Compile Driver"],"picked":"Ball Lightning","floor":5.0},{"not_picked":["ReplayTheSpireMod:GoodbyeWorld","Stack"],"picked":"Consume","floor":7.0},{"not_picked":["Gash","Hologram"],"picked":"Cold Snap","floor":10.0},{"not_picked":["Multi-Cast","Force Field"],"picked":"Defragment","floor":12.0},{"not_picked":["Turbo","Hologram"],"picked":"Cold Snap","floor":14.0},{"not_picked":["Buffer","ReplayTheSpireMod:Omega Cannon"],"picked":"Fission","floor":16.0},{"not_picked":["Coolheaded","Rebound"],"picked":"Turbo+1","floor":18},{"not_picked":["Ball Lightning","Rebound"],"picked":"Go for the Eyes+1","floor":19},{"not_picked":["Sweeping Beam","Time Bomb"],"picked":"Biased Cognition","floor":21},{"not_picked":["Cold Snap","Barrage","Ball Lightning"],"picked":"SKIP","floor":22}],"player_experience":1121296,"relics_obtained":[{"floor":5.0,"key":"Pondfish Scales"},{"floor":7.0,"key":"Symbiotic Virus"},{"floor":9.0,"key":"Replay:Bottled Snecko"}],"event_choices":[{"damage_healed":0.0,"max_hp_gain":0.0,"max_hp_loss":0.0,"gold_gain":1.0,"event_name":"betterStone:BetterStone","player_choice":"1","floor":3.0,"gold_loss":0.0,"damage_taken":0.0},{"damage_healed":0.0,"max_hp_gain":0.0,"max_hp_loss":0.0,"gold_gain":0.0,"event_name":"Accursed Blacksmith","player_choice":"Rummage","floor":8.0,"gold_loss":0.0,"damage_taken":0.0,"relics_obtained":["WarpedTongs"],"cards_obtained":["Pain"]},{"damage_healed":0,"gold_gain":0,"player_choice":"Became a Ghost","damage_taken":0,"max_hp_gain":0,"max_hp_loss":36,"event_name":"Ghosts","floor":20,"gold_loss":0,"cards_obtained":["Ghostly","Ghostly","Ghostly"]}],"is_beta":false,"boss_relics":[{"not_picked":["Astrolabe","FrozenCore"],"picked":"Velvet Choker"}],"items_purged_floors":[4],"is_endless":false,"potions_floor_spawned":[1,10,12,19],"killed_by":"Book of Stabbing","ascension_level":20}}