{"host":"9tzam4717zt8ei1o","time":1608383934,"event":{"mods":["BaseMod","Colored Map","Keyboard Shortcuts","Minty Spire (QoL Compilation)","Quick Restart","StSLib","SuperFastMode"],"gold_per_floor":[117,117,134,59,109,109,120,120,144,117,130,130,148,182,182,254,254,272,285,285,0,0,0,15,27,27,27,27],"floor_reached":27,"playtime":526,"items_purged":["Strike_G"],"score":430,"play_id":"9aab184b-ee1d-48e3-be24-172c95d0b9a4","local_time":"20201219221854","is_ascension_mode":true,"campfire_choices":[{"data":"Neutralize","floor":6.0,"key":"SMITH"},{"data":"Survivor","floor":8.0,"key":"SMITH"},{"data":"Bouncing Flask","floor":12.0,"key":"SMITH"},{"data":"Dagger Throw","floor":15.0,"key":"SMITH"},{"data":"Tactician","floor":23.0,"key":"SMITH"}],"circlet_count":0,"master_deck":["AscendersBane","Strike_G+1","Strike_G+1","Defend_G","Defend_G","Defend_G","Defend_G","Survivor+1","Neutralize+1","Dagger Throw+1","Bouncing Flask+1","Venomology","Calculated Gamble+1","Finisher+1","Blade Dance","Tactician","Tactician+1"],"relics":["Ring of the Snake","NeowsBlessing","Smiling Mask","Eternal Feather","Astrolabe","Shuriken","White Beast Statue"],"acts_visited":["Exordium","TheCity"],"potions_floor_usage":[27,27,27],"damage_taken":[{"damage":0.0,"enemies":"2 Louse","floor":1.0,"turns":1.0},{"damage":0.0,"enemies":"Jaw Worm","floor":3.0,"turns":1.0},{"damage":0.0,"enemies":"Cultist","floor":7.0,"turns":1.0},{"damage":11.0,"enemies":"Exordium Thugs","floor":10.0,"turns":4.0},{"damage":1.0,"enemies":"Large Slime","floor":11.0,"turns":6.0},{"damage":4.0,"enemies":"Looter","floor":13.0,"turns":3.0},{"damage":15.0,"enemies":"Lagavulin","floor":14.0,"turns":5.0},{"damage":43.0,"enemies":"The Guardian","floor":16.0,"turns":11.0},{"damage":13.0,"enemies":"Spheric Guardian","floor":18.0,"turns":4.0},{"damage":6.0,"enemies":"3 Byrds","floor":19.0,"turns":5.0},{"damage":65.0,"enemies":"Snecko","floor":24.0,"turns":6.0},{"damage":4.0,"enemies":"Centurion and Healer","floor":25.0,"turns":4.0},{"damage":8,"enemies":"Shelled Parasite and Fungi","floor":27,"turns":1}],"seed_played":"8121124705622253205","potions_obtained":[{"floor":1.0,"key":"FairyPotion"},{"floor":3.0,"key":"SteroidPotion"},{"floor":14.0,"key":"Dexterity Potion"},{"floor":24.0,"key":"LiquidMemories"},{"floor":25.0,"key":"CultistPotion"}],"is_trial":false,"path_per_floor":["M","?","M","$","?","R","M","R","T","M","M","R","M","E","R","B",null,"M","M","?","$","?","R","M","M","T","M"],"character_chosen":"THE_SILENT","items_purchased":["Shuriken"],"campfire_rested":0,"item_purchase_floors":[21],"current_hp_per_floor":[59,39,39,39,39,39,39,39,39,28,27,27,23,8,14,3,50,37,31,76,76,76,76,11,7,7,0,0],"gold":27,"neow_bonus":"THREE_ENEMY_KILL","is_daily":false,"chose_seed":false,"campfire_upgraded":5,"win_rate":0.0,"timestamp":1608383934,"path_taken":["M","?","M","$","?","R","M","R","T","M","M","R","M","E","R","BOSS","M","M","?","?","?","R","M","?","T","M"],"items_purchased_type":["Relic"],"build_version":"2020-12-13","purchased_purges":1,"victory":false,"max_hp_per_floor":[66,66,66,66,66,66,66,66,66,66,66,66,66,66,66,66,66,66,66,76,76,76,76,76,76,76,76,76],"card_choices":[{"not_picked":["Sucker Punch","Dodge and Roll","Deflect"],"picked":"SKIP","floor":1.0},{"not_picked":["PiercingWail","Masterful Stab","Slice"],"picked":"SKIP","floor":3.0},{"not_picked":["Blade Dance","Poisoned Stab","Dodge and Roll"],"picked":"SKIP","floor":7.0},{"not_picked":["Quick Slash","Setup"],"picked":"Dagger Throw","floor":10.0},{"not_picked":["Concentrate","Cloak And Dagger"],"picked":"Bouncing Flask","floor":11.0},{"not_picked":["Dash","Heel Hook","Distraction"],"picked":"SKIP","floor":13.0},{"not_picked":["Bouncing Flask","Dagger Throw","Finisher"],"picked":"SKIP","floor":14.0},{"not_picked":["Night Terror","Bullet Time"],"picked":"Venomology","floor":16.0},{"not_picked":["Dagger Spray","Cloak And Dagger"],"picked":"Blade Dance","floor":18.0},{"not_picked":["Backstab+1","PiercingWail"],"picked":"Tactician","floor":19.0},{"not_picked":["Infinite Blades","Finisher","Blade Dance"],"picked":"SKIP","floor":24.0},{"not_picked":["Quick Slash+1","Bane","Deflect"],"picked":"SKIP","floor":25.0}],"player_experience":93584,"relics_obtained":[{"floor":9.0,"key":"Smiling Mask"},{"floor":14.0,"key":"Eternal Feather"},{"floor":26.0,"key":"White Beast Statue"}],"event_choices":[{"damage_healed":0.0,"max_hp_gain":0.0,"max_hp_loss":0.0,"gold_gain":0.0,"event_name":"Shining Light","player_choice":"Entered Light","floor":2.0,"gold_loss":0.0,"damage_taken":20.0,"cards_upgraded":["Strike_G","Strike_G"]},{"damage_healed":0.0,"max_hp_gain":0.0,"max_hp_loss":0.0,"gold_gain":50.0,"event_name":"Golden Shrine","player_choice":"Pray","floor":5.0,"gold_loss":0.0,"damage_taken":0.0},{"cards_removed":["Night Terror"],"damage_healed":35.0,"max_hp_gain":10.0,"max_hp_loss":0.0,"gold_gain":0.0,"event_name":"Bonfire Elementals","player_choice":"Offered Rare","floor":20.0,"gold_loss":0.0,"damage_taken":0.0},{"damage_healed":0.0,"max_hp_gain":0.0,"max_hp_loss":0.0,"gold_gain":0.0,"event_name":"Duplicator","player_choice":"Copied","floor":22.0,"gold_loss":0.0,"damage_taken":0.0,"cards_obtained":["Tactician"]}],"is_beta":false,"boss_relics":[{"not_picked":["WristBlade","Empty Cage"],"picked":"Astrolabe"}],"items_purged_floors":[4],"is_endless":false,"potions_floor_spawned":[1,3,10,14,18,24,25],"killed_by":"Shelled Parasite and Fungi","ascension_level":20}}