{"host":"12piqfhmdln9x2la","time":1608397607,"event":{"mods":["2.2 Compatiblity","AchievementEnabler","BaseMod","BetterRewards","Colored Powertips","Minty Spire (QoL Compilation)","Quick Restart","SuperFastMode"],"gold_per_floor":[111,111,111,61,61,61,97,97,97,116,136,150,171,206,206,335,335,360,360,404,329,350,350,350,350],"floor_reached":24,"playtime":435,"items_purged":[],"score":229,"play_id":"6246204f-17c4-4ebf-be84-89b8f3a1f0d1","local_time":"20201220020647","is_ascension_mode":false,"campfire_choices":[{"data":"Capacitor","floor":6,"key":"SMITH"},{"data":"Zap","floor":8,"key":"SMITH"},{"data":"Self Repair","floor":15,"key":"SMITH"},{"data":"Electrodynamics","floor":23,"key":"SMITH"}],"circlet_count":0,"master_deck":["Strike_B","Strike_B","Defend_B","Defend_B","Defend_B","Zap+1","Dualcast","Capacitor+1","Self Repair+1","Coolheaded","Sunder","Conserve Battery","Redo","Electrodynamics+1","Recycle+1","Hologram","Hologram"],"relics":["Cracked Core","NeowsBlessing","Golden Idol","Strawberry","Omamori","Pantograph","Sozu","Red Mask"],"acts_visited":["Exordium","TheCity"],"potions_floor_usage":[14,16,24],"damage_taken":[{"damage":0,"enemies":"Jaw Worm","floor":1,"turns":1},{"damage":0,"enemies":"Lagavulin","floor":7,"turns":1},{"damage":0,"enemies":"2 Louse","floor":10,"turns":1},{"damage":0,"enemies":"Small Slimes","floor":11,"turns":3},{"damage":12,"enemies":"Looter","floor":12,"turns":4},{"damage":1,"enemies":"2 Fungi Beasts","floor":13,"turns":3},{"damage":31,"enemies":"Gremlin Nob","floor":14,"turns":4},{"damage":59,"enemies":"The Guardian","floor":16,"turns":10},{"damage":8,"enemies":"3 Byrds","floor":18,"turns":3},{"damage":33,"enemies":"Masked Bandits","floor":20,"turns":5},{"damage":3,"enemies":"Chosen","floor":22,"turns":4},{"damage":70,"enemies":"Book of Stabbing","floor":24,"turns":7}],"seed_played":"560725319769500364","potions_obtained":[{"floor":10,"key":"Fire Potion"},{"floor":11,"key":"Explosive Potion"},{"floor":12,"key":"Swift Potion"},{"floor":16,"key":"BlessingOfTheForge"}],"is_trial":false,"path_per_floor":["M","?","?","?","$","R","E","R","T","M","M","M","M","E","R","B",null,"M","?","?","?","M","R","E"],"character_chosen":"DEFECT","items_purchased":[],"campfire_rested":0,"item_purchase_floors":[],"current_hp_per_floor":[75,75,57,57,57,57,64,64,64,64,71,66,65,41,41,17,82,82,82,59,59,66,66,0,0],"gold":350,"neow_bonus":"THREE_ENEMY_KILL","is_daily":false,"chose_seed":false,"campfire_upgraded":4,"win_rate":0.0,"timestamp":1608397607,"path_taken":["M","?","?","?","$","R","E","R","T","?","M","M","M","E","R","BOSS","M","?","?","?","M","R","E"],"items_purchased_type":[],"build_version":"2020-12-13","purchased_purges":0,"victory":false,"max_hp_per_floor":[75,75,75,75,75,75,82,82,82,82,82,82,82,82,82,82,82,82,82,82,82,82,82,82,82],"card_choices":[{"not_picked":["Steam","Stack"],"picked":"Capacitor","floor":1},{"not_picked":["Aggregate","Fission"],"picked":"Self Repair","floor":7},{"not_picked":["Aggregate","Leap"],"picked":"Coolheaded","floor":10},{"not_picked":["Redo","Turbo"],"picked":"Sunder","floor":11},{"not_picked":["Leap","Redo"],"picked":"Conserve Battery","floor":12},{"not_picked":["Go for the Eyes","Sweeping Beam"],"picked":"Redo","floor":13},{"not_picked":["Steam","Chill","Doom and Gloom"],"picked":"SKIP","floor":14},{"not_picked":["Amplify","Core Surge"],"picked":"Electrodynamics","floor":16},{"not_picked":["Redo","Cold Snap+1"],"picked":"Recycle+1","floor":18},{"not_picked":["Hello World+1","Turbo"],"picked":"Hologram","floor":20},{"not_picked":["Steam","Stack"],"picked":"Hologram","floor":22}],"player_experience":104649,"relics_obtained":[{"floor":7,"key":"Strawberry"},{"floor":9,"key":"Omamori"},{"floor":14,"key":"Pantograph"},{"floor":20,"key":"Red Mask"}],"event_choices":[{"cards_removed":["Strike_B"],"damage_healed":0,"gold_gain":0,"player_choice":"Forget","damage_taken":0,"max_hp_gain":0,"max_hp_loss":0,"event_name":"Living Wall","floor":2,"gold_loss":0},{"damage_healed":0,"gold_gain":0,"player_choice":"Take Damage","damage_taken":18,"relics_obtained":["Golden Idol"],"max_hp_gain":0,"max_hp_loss":0,"event_name":"Golden Idol","floor":3,"gold_loss":0},{"cards_removed":["Defend_B"],"damage_healed":0,"gold_gain":0,"player_choice":"Card Removal","damage_taken":0,"max_hp_gain":0,"max_hp_loss":0,"event_name":"The Cleric","floor":4,"gold_loss":50},{"damage_healed":0,"gold_gain":0,"player_choice":"Ignored","damage_taken":0,"max_hp_gain":0,"max_hp_loss":0,"event_name":"Vampires","floor":19,"gold_loss":0},{"damage_healed":0,"gold_gain":0,"player_choice":"Fought Bandits","damage_taken":0,"max_hp_gain":0,"max_hp_loss":0,"event_name":"Masked Bandits","floor":20,"gold_loss":0},{"cards_removed":["Strike_B"],"damage_healed":0,"gold_gain":0,"player_choice":"Gave Gold","damage_taken":0,"max_hp_gain":0,"max_hp_loss":0,"event_name":"Beggar","floor":21,"gold_loss":75}],"is_beta":false,"boss_relics":[{"not_picked":["Philosopher\u0027s Stone","Pandora\u0027s Box"],"picked":"Sozu"}],"items_purged_floors":[],"is_endless":false,"potions_floor_spawned":[10,11,12,16,18],"killed_by":"Book of Stabbing","ascension_level":0}}