{"host":"6hzrz31j95f2y1pa","time":1608405270,"event":{"mods":["BaseMod","Colored Map","Downfall","Minty Spire (QoL Compilation)","StSLib"],"gold_per_floor":[99,112,125,141,141,175,226,243,277,202,215,229,47,67,85,85,85],"floor_reached":16,"playtime":754,"items_purged":[],"score":148,"play_id":"e7044919-5861-4934-a2d8-2e6d068ae8bf","local_time":"20201219141430","is_ascension_mode":true,"campfire_choices":[{"data":"champ:Taunt","floor":1,"key":"SMITH"},{"floor":10,"key":"REST"}],"circlet_count":0,"master_deck":["champ:Strike","champ:Strike","champ:Strike","champ:Strike","champ:Defend","champ:Defend","champ:Defend","champ:Defend","champ:Execute","champ:Taunt+1","champ:GladiatorStyle","champ:TornadoPunch","champ:FanOfKnives","champ:DeathBlow","champ:GladiatorsShout","champ:SwordSigil","champ:BladeFlurry","champ:ShieldWall","expansioncontent:StudyTheSpire","champ:Haymaker","champ:SwordSigil"],"relics":["champ:ChampionCrown","Regal Pillow","Tiny Chest","Nunchaku","downfall:HeartBlessingGreen"],"acts_visited":["Exordium"],"potions_floor_usage":[6,9,9,16],"damage_taken":[{"damage":5,"enemies":"Small Slimes","floor":2,"turns":3},{"damage":2,"enemies":"Cultist","floor":3,"turns":4},{"damage":8,"enemies":"Jaw Worm","floor":4,"turns":4},{"damage":36,"enemies":"Gremlin Nob","floor":6,"turns":4},{"damage":29,"enemies":"Large Slime","floor":8,"turns":3},{"damage":25,"enemies":"3 Sentries","floor":9,"turns":2},{"damage":11,"enemies":"Gremlin Gang","floor":11,"turns":4},{"damage":20,"enemies":"3 Louse","floor":12,"turns":2},{"damage":27,"enemies":"downfall:FleeingMerchant","floor":13,"turns":4},{"damage":67,"enemies":"Large Slime","floor":14,"turns":5},{"damage":11,"enemies":"2 Fungi Beasts","floor":15,"turns":2},{"damage":61,"enemies":"downfall:Defect","floor":16,"turns":4}],"seed_played":"-5548056276530431598","potions_obtained":[{"floor":0,"key":"Slimebound:ThreeZeroPotion"},{"floor":0,"key":"Weak Potion"},{"floor":0,"key":"Strength Potion"},{"floor":8,"key":"AttackPotion"},{"floor":11,"key":"GamblersBrew"},{"floor":15,"key":"Block Potion"}],"is_trial":false,"path_per_floor":["R","M","M","M","?","E","T","M","E","R","M","M","$","M","M","B"],"character_chosen":"THE_CHAMP","items_purchased":["expansioncontent:StudyTheSpire"],"campfire_rested":1,"item_purchase_floors":[13],"current_hp_per_floor":[90,90,88,85,85,57,57,48,48,90,82,82,78,54,48,0,0],"gold":85,"neow_bonus":"THREE_SMALL_POTIONS","is_daily":false,"chose_seed":false,"campfire_upgraded":1,"win_rate":0.0,"timestamp":1608405270,"path_taken":["R","M","M","M","?","E","T","M","E","R","M","M","?","?","M","BOSS"],"items_purchased_type":["Card"],"build_version":"2020-12-13","purchased_purges":0,"victory":false,"max_hp_per_floor":[90,90,90,90,90,90,90,90,90,90,90,90,90,90,90,90,90],"card_choices":[{"not_picked":["champ:BerserkerStyle","champ:PreciseThrust"],"picked":"champ:GladiatorStyle","floor":2},{"not_picked":["champ:EndlessRage","champ:Backstep"],"picked":"champ:TornadoPunch","floor":3},{"not_picked":["champ:Circumvent","champ:Encircle"],"picked":"champ:FanOfKnives","floor":4},{"not_picked":["champ:PerfectedStrike","champ:EnchantShield"],"picked":"champ:DeathBlow","floor":6},{"not_picked":["champ:Encircle","champ:FalseCounter","champ:Shatter"],"picked":"SKIP","floor":8},{"not_picked":["champ:RageSigil","champ:EndlessRage"],"picked":"champ:GladiatorsShout","floor":9},{"not_picked":["champ:Riposte","champ:StanceDance"],"picked":"champ:SwordSigil","floor":11},{"not_picked":["champ:IronFortress","champ:BerserkersShout"],"picked":"champ:BladeFlurry","floor":12},{"not_picked":["champ:FocusedBerserking","champ:ShieldSigil"],"picked":"champ:ShieldWall","floor":13},{"not_picked":["champ:Shatter","champ:EnragedBash"],"picked":"champ:Haymaker","floor":14},{"not_picked":["champ:StanceDance","champ:Backstep"],"picked":"champ:SwordSigil","floor":15}],"player_experience":1211666,"relics_obtained":[{"floor":6,"key":"Regal Pillow"},{"floor":7,"key":"Tiny Chest"},{"floor":9,"key":"Nunchaku"}],"event_choices":[{"damage_healed":0,"gold_gain":0,"player_choice":"Ignored","damage_taken":0,"max_hp_gain":0,"max_hp_loss":0,"event_name":"NoteForYourself","floor":5,"gold_loss":0}],"is_beta":false,"boss_relics":[],"items_purged_floors":[],"is_endless":false,"potions_floor_spawned":[4,8,11,15],"killed_by":"downfall:Defect","ascension_level":1}}