{"host":"jksa5rawk3m4gilz","time":1608389261,"event":{"mods":["BaseMod","Colored Map","Highlight Path","Minty Spire (QoL Compilation)","Quick Restart"],"gold_per_floor":[115,115,115,115,131,164,164,195,195,195,229,239,253,39,39,118,118,133,147,147,147],"floor_reached":20,"playtime":746,"items_purged":[],"score":358,"play_id":"9f702ea3-069d-449f-ab28-3ddc210100af","local_time":"20201219154741","is_ascension_mode":true,"campfire_choices":[{"data":"CrushJoints","floor":7,"key":"SMITH"},{"floor":10,"key":"REST"},{"floor":15,"key":"REST"}],"circlet_count":0,"master_deck":["AscendersBane","Strike_P","Strike_P","Strike_P","Defend_P","Defend_P","Defend_P+1","Defend_P","Eruption+1","Vigilance","FlurryOfBlows","CrushJoints+1","Nirvana","Ragnarok","LessonLearned","CurseOfTheBell"],"relics":["PureWater","NeowsBlessing","Singing Bowl","HornCleat","White Beast Statue","TeardropLocket","Happy Flower","Sling","Calling Bell","CeramicFish","StrikeDummy","Bird Faced Urn"],"acts_visited":["Exordium","TheCity"],"potions_floor_usage":[20],"damage_taken":[{"damage":0,"enemies":"Jaw Worm","floor":1,"turns":1},{"damage":0,"enemies":"2 Louse","floor":5,"turns":1},{"damage":0,"enemies":"Gremlin Nob","floor":6,"turns":1},{"damage":22,"enemies":"Lagavulin","floor":8,"turns":6},{"damage":27,"enemies":"Gremlin Nob","floor":11,"turns":4},{"damage":0,"enemies":"Small Slimes","floor":12,"turns":3},{"damage":21,"enemies":"Red Slaver","floor":13,"turns":4},{"damage":30,"enemies":"The Guardian","floor":16,"turns":8},{"damage":30,"enemies":"Chosen","floor":18,"turns":6},{"damage":28,"enemies":"Shell Parasite","floor":19,"turns":7},{"damage":13,"enemies":"Centurion and Healer","floor":20,"turns":4}],"seed_played":"2928919087537432135","potions_obtained":[{"floor":8,"key":"Ancient Potion"},{"floor":11,"key":"Energy Potion"},{"floor":12,"key":"EssenceOfSteel"},{"floor":18,"key":"Energy Potion"}],"is_trial":false,"path_per_floor":["M","?","?","?","M","E","R","E","T","R","E","M","M","$","R","B",null,"M","M","M"],"character_chosen":"WATCHER","items_purchased":["Sling","Ragnarok"],"campfire_rested":2,"item_purchase_floors":[14,14],"current_hp_per_floor":[65,58,51,51,53,53,53,31,31,53,28,30,11,11,35,5,61,35,11,0,0],"gold":147,"neow_bonus":"THREE_ENEMY_KILL","is_daily":false,"chose_seed":false,"campfire_upgraded":1,"win_rate":0.0,"timestamp":1608389261,"path_taken":["M","?","?","?","M","E","R","E","T","R","E","M","?","$","R","BOSS","M","M","M"],"items_purchased_type":["Relic","Card"],"build_version":"2020-12-13","purchased_purges":0,"victory":false,"max_hp_per_floor":[72,72,72,72,74,74,74,74,74,74,76,78,80,80,80,80,80,82,84,84,84],"card_choices":[{"not_picked":["Consecrate","ClearTheMind"],"picked":"FlurryOfBlows","floor":1},{"not_picked":["SashWhip","Adaptation","Protect"],"picked":"Singing Bowl","floor":5},{"not_picked":["BowlingBash","InnerPeace"],"picked":"CrushJoints","floor":6},{"not_picked":["Weave","Evaluate"],"picked":"Nirvana","floor":8},{"not_picked":["ReachHeaven","FollowUp","PathToVictory"],"picked":"Singing Bowl","floor":11},{"not_picked":["ReachHeaven","ClearTheMind","BowlingBash"],"picked":"Singing Bowl","floor":12},{"not_picked":["CrushJoints","Prostrate","PathToVictory"],"picked":"Singing Bowl","floor":13},{"not_picked":["Omniscience","Blasphemy"],"picked":"LessonLearned","floor":16},{"not_picked":["BowlingBash","WreathOfFlame","FlurryOfBlows"],"picked":"Singing Bowl","floor":18},{"not_picked":["BattleHymn+1","CarveReality","ClearTheMind"],"picked":"Singing Bowl","floor":19}],"player_experience":2038176,"relics_obtained":[{"floor":6,"key":"HornCleat"},{"floor":8,"key":"White Beast Statue"},{"floor":9,"key":"TeardropLocket"},{"floor":11,"key":"Happy Flower"},{"floor":17,"key":"CeramicFish"},{"floor":17,"key":"StrikeDummy"},{"floor":17,"key":"Bird Faced Urn"}],"event_choices":[{"cards_removed":["Strike_P"],"damage_healed":0,"gold_gain":0,"player_choice":"Card Removal","damage_taken":7,"max_hp_gain":0,"max_hp_loss":0,"event_name":"Golden Wing","floor":2,"gold_loss":0},{"damage_healed":0,"gold_gain":0,"player_choice":"Success","damage_taken":7,"relics_obtained":["Singing Bowl"],"max_hp_gain":0,"max_hp_loss":0,"event_name":"Scrap Ooze","floor":3,"gold_loss":0},{"damage_healed":0,"gold_gain":0,"player_choice":"Upgraded","damage_taken":0,"max_hp_gain":0,"max_hp_loss":0,"event_name":"Upgrade Shrine","floor":4,"gold_loss":0,"cards_upgraded":["Eruption"]}],"is_beta":false,"boss_relics":[{"not_picked":["Tiny House","Fusion Hammer"],"picked":"Calling Bell"}],"items_purged_floors":[],"is_endless":false,"potions_floor_spawned":[8,11,12,13,16,18,19],"killed_by":"Centurion and Healer","ascension_level":13}}