{"host":"61ejhfsushs0xmcl","time":1608382482,"event":{"mods":["ATMod(阿瑾Mod)","Act Like it!","BaseMod","Colored Map","Gold Saver","Marisa（F雨　魔理沙）","Minty Spire (QoL Compilation)","MostiFishMod","Replay The Spire","Robot Space Explorer","Spicy Shops","StSLib","TestMod","The Alterego","Waifu the Spire","[地精首领爬塔]The Maniac","篝火指南"],"gold_per_floor":[898,916,929,929,942,970,1031,1073,1098,1120,1120,660,678,735,735,857,857,885,885,939,971,697,746,746,812,812,812,812,836,889,931,931,980,980,1103,1103,1131,1131,698,737,827,827,879,949,949,981,981,1049,1125,898,898,952,952,952,92,149,193],"floor_reached":58,"playtime":2474,"items_purged":["Defend_MRS","Defend_MRS","MasterSpark","AlicesGift","JA+1","CasketOfStar","CasketOfStar"],"score":2618,"play_id":"4b3eb76a-07b6-406c-9c34-c20e35546ac9","local_time":"20201219205442","is_ascension_mode":true,"campfire_choices":[{"data":"JA","floor":11.0,"key":"SMITH"},{"data":"Singularity","floor":24.0,"key":"SMITH"},{"floor":32.0,"key":"RECALL"},{"data":"MachineGunSpark","floor":34.0,"key":"SMITH"},{"data":"AT_DivineConfetti","floor":42.0,"key":"SMITH"},{"data":"MeteoricShower","floor":47.0,"key":"SMITH"},{"data":"PowerUp","floor":51,"key":"SMITH"},{"data":"AT_DivineConfetti","floor":54,"key":"SMITH"}],"circlet_count":0,"master_deck":["AscendersBane","UpSweep","AT_DivineConfetti+1","PowerUp+1","UltimateShortwave","MeteoricShower+1","ManaRampage+1","AT_DivineConfetti+1","ShootingEcho","DarkMatter","DC","StarBarrage+1","Singularity+1","MachineGunSpark+1","UltimateShortwave+1","SatelliteIllusion"],"relics":["MiniHakkero","testmod-TestBox","AT_ATBox","testmod-Recursion","DianDianMeat","Question Card","DaveBox","RhineCircuit","Iron Hammer","Replay:Bandana","War Paint","Snack Pack","DollysMirror","DianPoetry","ImportantClient","Pandora\u0027s Box","alterego_mod:SomeoneToFightFor","Bag of Marbles","Replay:PocketPolymizer","Dream Catcher","Matryoshka","MealTicket","Replay:Ringing Soul","Velvet Choker","AT_SunfireAegis","Sundial","CatCart","White Beast Statue","testmod-Justice","Happy Flower","Orichalcum","testmod-CasingShield","AT_LudenTempest","testmod-LifeArmor","Technique","testmod-Hope"],"acts_visited":["Exordium","TheCity","TheBeyond","TheEnding"],"potions_floor_usage":[50,57,57],"damage_taken":[{"damage":0.0,"enemies":"Cultist","floor":1.0,"turns":2.0},{"damage":0.0,"enemies":"Small Slimes","floor":2.0,"turns":2.0},{"damage":12.0,"enemies":"Jaw Worm","floor":3.0,"turns":2.0},{"damage":0.0,"enemies":"3 Louse","floor":5.0,"turns":1.0},{"damage":21.0,"enemies":"Replay:BlueRogue","floor":6.0,"turns":2.0},{"damage":2.0,"enemies":"Lagavulin Event","floor":7.0,"turns":2.0},{"damage":0.0,"enemies":"Gremlin Nob","floor":8.0,"turns":1.0},{"damage":0.0,"enemies":"Lots of Slimes","floor":10.0,"turns":2.0},{"damage":0.0,"enemies":"Blue Slaver","floor":13.0,"turns":1.0},{"damage":14.0,"enemies":"3 Sentries","floor":14.0,"turns":3.0},{"damage":2.0,"enemies":"Fading Forest","floor":16.0,"turns":7.0},{"damage":0.0,"enemies":"Chosen","floor":18.0,"turns":1.0},{"damage":0.0,"enemies":"2 Thieves","floor":20.0,"turns":1.0},{"damage":0.0,"enemies":"Cultist and Chosen","floor":21.0,"turns":1.0},{"damage":16.0,"enemies":"Book of Stabbing","floor":23.0,"turns":2.0},{"damage":0.0,"enemies":"Gremlin Leader","floor":25.0,"turns":3.0},{"damage":0.0,"enemies":"Shelled Parasite and Fungi","floor":29.0,"turns":1.0},{"damage":0.0,"enemies":"Snecko","floor":30.0,"turns":2.0},{"damage":16.0,"enemies":"Book of Stabbing","floor":31.0,"turns":2.0},{"damage":15.0,"enemies":"Slavers","floor":33.0,"turns":2.0},{"damage":34.0,"enemies":"Pondfish","floor":35.0,"turns":3.0},{"damage":8.0,"enemies":"3 Shapes","floor":37.0,"turns":1.0},{"damage":0.0,"enemies":"Orb Walker","floor":40.0,"turns":1.0},{"damage":0.0,"enemies":"Orin","floor":41.0,"turns":4.0},{"damage":82.0,"enemies":"4 Shapes","floor":43.0,"turns":3.0},{"damage":27.0,"enemies":"Reptomancer","floor":44.0,"turns":3.0},{"damage":3.0,"enemies":"3 Darklings","floor":46.0,"turns":2.0},{"damage":13.0,"enemies":"Giant Head","floor":48.0,"turns":3.0},{"damage":14.0,"enemies":"2 Orb Walkers","floor":49.0,"turns":2.0},{"damage":39,"enemies":"Time Eater","floor":52,"turns":3},{"damage":8,"enemies":"Shield and Spear","floor":56,"turns":2},{"damage":77,"enemies":"The Heart","floor":57,"turns":4}],"seed_played":"4327851568950193031","potions_obtained":[{"floor":2.0,"key":"SmokeBomb"},{"floor":3.0,"key":"BottledSpark"},{"floor":14.0,"key":"Ancient Potion"},{"floor":16.0,"key":"Flashbang"},{"floor":23.0,"key":"PowerPotion"},{"floor":29.0,"key":"SkillPotion"},{"floor":35.0,"key":"Adrenaline Potion"},{"floor":56,"key":"testmod-TestPotion"}],"is_trial":false,"path_per_floor":["M","M","M","?","M","E","?","E","T","M","R","$","M","E","R_BF","B",null,"M","?","M","M","$","E","R","E","T","PTL","PTL","M","M","E","R","E","R","B",null,"M","?","$","M","?","R","M","E","T","M","R","E","?","$","R","B",null,"R","$","E","B",null],"character_chosen":"MARISA","items_purchased":["Snack Pack","DollysMirror","Bag of Marbles","testmod-SpacePotion","AT_SunfireAegis","Sundial","testmod-SpacePotion","AT_LudenTempest","testmod-LifeArmor","Technique"],"campfire_rested":0,"item_purchase_floors":[12,12,22,22,39,39,50,55,55,55],"current_hp_per_floor":[46,46,36,36,39,22,25,31,31,31,31,38,38,36,67,98,186,188,188,190,206,206,204,204,206,206,206,206,206,206,197,197,204,204,195,234,226,226,241,247,247,247,165,138,138,149,149,136,124,139,139,106,212,212,227,219,144],"gold":193,"neow_bonus":"RANDOM_COLORLESS_2","is_daily":false,"chose_seed":false,"campfire_upgraded":7,"win_rate":0.0,"timestamp":1608382482,"path_taken":["M","M","M","?","M","E","?","E","T","M","R","$","M","E","R_BF","BOSS","M","?","M","M","$","E","R","E","T","PTL","PTL","M","M","E","R","E","R","BOSS","M","?","$","?","?","R","M","E","T","M","R","E","?","$","R","BOSS","R","$","E","BOSS"],"items_purchased_type":["Relic","Relic","Relic","Potion","Relic","Relic","Potion","Relic","Relic","Relic"],"build_version":"2020-12-13","purchased_purges":7,"victory":true,"max_hp_per_floor":[71,71,73,73,76,80,85,91,91,91,91,98,98,106,106,115,190,190,190,190,206,206,206,206,206,206,206,206,206,206,206,206,226,226,247,247,247,247,247,247,247,247,247,247,247,247,247,247,247,247,247,247,247,247,247,247,247],"card_choices":[{"not_picked":["FairyDestructionRay","WitchLeyline","GravityBeat"],"picked":"SKIP","floor":1.0},{"not_picked":["ShootingEcho","AsteroidBelt","UnstableBomb","NonDirectionalLaser"],"picked":"SKIP","floor":2.0},{"not_picked":["ShootingEcho","AsteroidBelt","UnstableBomb","NonDirectionalLaser"],"picked":"SKIP","floor":2.0},{"not_picked":["PropBag","Occultation","WitchOfGreed"],"picked":"PowerUp","floor":3.0},{"not_picked":["GalacticHalo","DragonMeteor","OrrerysSun"],"picked":"JA","floor":5.0},{"not_picked":["PowerUp","UnstableBomb","GravityBeat"],"picked":"UltimateShortwave","floor":6.0},{"not_picked":["GrandCross","6A","UnstableBomb"],"picked":"MeteoricShower","floor":7.0},{"not_picked":["WitchOfGreed","BigCrunch","GravityBeat"],"picked":"ManaRampage","floor":8.0},{"not_picked":["AsteroidBelt","Acceleration","Occultation","UnstableBomb"],"picked":"SKIP","floor":10.0},{"not_picked":["PowerUp","MeteoricShower","GrandCross","LuminesStrike"],"picked":"SKIP","floor":13.0},{"not_picked":["OrrerysSun","Orbital","MagicChant"],"picked":"ShootingEcho","floor":14.0},{"not_picked":["BigCrunch","ManaRampage","BinaryStars"],"picked":"CasketOfStar","floor":16.0},{"not_picked":["EnergyFlow+1","EventHorizon","IllusionStar","MysteriousBeam"],"picked":"SKIP","floor":18.0},{"not_picked":["DoubleSpark","DC","GalacticHalo","DarkMatter"],"picked":"SKIP","floor":20.0},{"not_picked":["StarlightTyphoon","PowerUp","AlicesGift"],"picked":"MachineGunSpark","floor":21.0},{"not_picked":["WitchOfGreed","StarDustReverie","WitchLeyline","ShootingEcho+1"],"picked":"SKIP","floor":23.0},{"not_picked":["WitchLeyline","Singularity","SuperNova","MeteoricShower"],"picked":"SKIP","floor":25.0},{"not_picked":["ShootingEcho","AlicesGift","UnstableBomb","MeteoricShower"],"picked":"SKIP","floor":29.0},{"not_picked":["SporeBomb","AsteroidBelt","BlazeAway","GalacticHalo"],"picked":"SKIP","floor":30.0},{"not_picked":["DragonMeteor","CasketOfStar","OpenUniverse+1","Occultation+1"],"picked":"SKIP","floor":31.0},{"not_picked":["SporeBomb","DoubleSpark","UnstableBomb"],"picked":"UltimateShortwave","floor":33.0},{"not_picked":["BigCrunch","MillisecondPulsars","JA"],"picked":"SatelliteIllusion","floor":35.0},{"not_picked":["SporeBomb","EnergyRecoil+1","SuperPerseids+1","Singularity"],"picked":"SKIP","floor":37.0},{"not_picked":["NonDirectionalLaser","MachineGunSpark","ChargeUpSpray","OortCloud"],"picked":"SKIP","floor":40.0},{"not_picked":["GalacticHalo+1","LuminesStrike","GravityBeat","StarlightTyphoon"],"picked":"SKIP","floor":43.0},{"not_picked":["DarkMatter","6A","StarBarrage","GrandCross+1"],"picked":"SKIP","floor":44.0},{"not_picked":["Acceleration+1","BlazeAway","6A+1","AsteroidBelt"],"picked":"SKIP","floor":46.0},{"not_picked":["PulseMagic+1","NonDirectionalLaser","ManaRampage","ChargeUpSpray"],"picked":"SKIP","floor":48.0},{"not_picked":["MilkyWay+1","DC","PowerUp","ShootingEcho"],"picked":"SKIP","floor":56}],"player_experience":817436,"relics_obtained":[{"floor":1.0,"key":"Question Card"},{"floor":6.0,"key":"Iron Hammer"},{"floor":7.0,"key":"Replay:Bandana"},{"floor":8.0,"key":"War Paint"},{"floor":14.0,"key":"DianPoetry"},{"floor":16.0,"key":"ImportantClient"},{"floor":23.0,"key":"Replay:PocketPolymizer"},{"floor":25.0,"key":"Dream Catcher"},{"floor":26.0,"key":"Matryoshka"},{"floor":31.0,"key":"MealTicket"},{"floor":33.0,"key":"Replay:Ringing Soul"},{"floor":41.0,"key":"CatCart"},{"floor":44.0,"key":"White Beast Statue"},{"floor":45.0,"key":"testmod-Justice"},{"floor":45.0,"key":"Happy Flower"},{"floor":48.0,"key":"Orichalcum"},{"floor":49.0,"key":"testmod-CasingShield"},{"floor":56,"key":"testmod-Hope"}],"event_choices":[{"damage_healed":0.0,"max_hp_gain":0.0,"max_hp_loss":0.0,"gold_gain":0.0,"event_name":"给自己的盒子","player_choice":"Swap Relic","floor":4.0,"relics_lost":["DaveBox"],"gold_loss":0.0,"damage_taken":0.0,"relics_obtained":["DaveBox"]},{"damage_healed":0.0,"max_hp_gain":0.0,"max_hp_loss":0.0,"gold_gain":0.0,"event_name":"Dead Adventurer","player_choice":"Searched \u00271\u0027 times","floor":7.0,"gold_loss":0.0,"damage_taken":0.0},{"damage_healed":0.0,"max_hp_gain":0.0,"max_hp_loss":0.0,"gold_gain":0.0,"event_name":"爱的神圣花园","player_choice":"Choice 2","floor":19.0,"gold_loss":0.0,"damage_taken":0.0,"relics_obtained":["alterego_mod:SomeoneToFightFor"]},{"damage_healed":0.0,"max_hp_gain":0.0,"max_hp_loss":0.0,"gold_gain":0.0,"event_name":"The Woman in Blue","player_choice":"Bought 0 Potions","floor":38.0,"gold_loss":0.0,"damage_taken":0.0},{"damage_healed":0.0,"max_hp_gain":0.0,"max_hp_loss":0.0,"gold_gain":0.0,"event_name":"OrinTheCat","player_choice":"Fight","floor":41.0,"gold_loss":0.0,"damage_taken":0.0},{"damage_healed":0.0,"max_hp_gain":0.0,"max_hp_loss":0.0,"gold_gain":0.0,"event_name":"Mysterious Sphere","player_choice":"Fight","floor":49.0,"gold_loss":0.0,"damage_taken":0.0}],"is_beta":false,"boss_relics":[{"not_picked":["Busted Crown","Replay:Bronze Core"],"picked":"Pandora\u0027s Box"},{"not_picked":["BirthdayGift-Tetrahedron","BloodWine"],"picked":"Velvet Choker"}],"items_purged_floors":[12,12,22,39,50,55,55],"is_endless":false,"potions_floor_spawned":[2,3,8,14,16,20,23,29,30,35,37,46,48,49,56],"ascension_level":14}}