{"host":"yfjjw6nzi6ujtde1","time":1608387709,"event":{"mods":["2.2 Compatiblity","Act Like it!","BaseMod","Better Match","Colored Powertips","Downfall","Friendly Minions","Gensokyo","HololiveMod","Koishi","Marisa£®ÏF”Í°°ƒß¿Ì…≥£©","Minty Spire (QoL Compilation)","Quick Restart","Rare Cards Sparkle","Replay The Spire","StSLib","Td1madao Mod","The Runesmith","The Senshi","The Servant 0.9.4"],"gold_per_floor":[99,115,115,115,148,167,167,167,181,208,208,208,139,155,170,275,275,275,292,308,308,233,247,274,286,330,342,370,382,414,441,463,571,583,595,607,619,54,74,74,74,101,112,112,129,147,157,157,157,157],"floor_reached":49,"playtime":14060,"items_purged":["Guardian:Aged"],"score":549,"play_id":"88264233-63de-48b3-8371-dc30bb897328","local_time":"20201219222149","is_ascension_mode":false,"campfire_choices":[{"data":"Guardian:CurlUp","floor":1.0,"key":"SMITH"},{"data":"Guardian:ChargeCore","floor":3.0,"key":"SMITH"},{"data":"Guardian:TwinSlam","floor":8.0,"key":"SMITH"},{"data":"Guardian:SpikerProtocol","floor":18.0,"key":"SMITH"},{"data":"Guardian:WalkerClaw","floor":21.0,"key":"SMITH"},{"data":"Guardian:Emergency","floor":25.0,"key":"SMITH"},{"floor":27.0,"key":"REST"},{"data":"Guardian:BronzeOrb","floor":35.0,"key":"SMITH"},{"data":"Guardian:TimeSifter","floor":40.0,"key":"SMITH"},{"data":"Guardian:ShieldCharger","floor":44.0,"key":"SMITH"}],"circlet_count":0,"master_deck":["Guardian:CurlUp+1","Guardian:TwinSlam+1","Guardian:TimeBomb","Guardian:Clone","Guardian:VentSteam","Guardian:ShieldSpikes+1","Guardian:SpikerProtocol","Guardian:Reroute","Guardian:Emergency+1","Guardian:VentSteam","Guardian:WalkerClaw+1","Guardian:SpikerProtocol+1","Guardian:Preprogram","Guardian:TimeSifter+1","Guardian:BaubleBeam","Guardian:BronzeOrb+1","Guardian:RollAttack+1","Guardian:ExploitGems","Guardian:ShieldCharger+1","Guardian:Recover+1","Guardian:ShieldSpikes+1","Guardian:Gem_Cyan","Guardian:Gem_Synthetic","Replay:SS_fish_1","expansioncontent:DecasProtection","expansioncontent:AwakenDeath"],"relics":["Guardian:ModeShifter","NeowsBlessing","Gensokyo:OccultBall","Question Card","Runesmith:Nanobots","Regal Pillow","Gensokyo:LunaticRedEyes","Pandora\u0027s Box","MawBank","Smiling Mask","Ring of Panic","ReplayTheSpireMod:Ring of Challenge","Replay:Bronze Core","Guardian:StasisEgg","Bag of Marbles","Bottled Flame","Garlic","Gambling Chip"],"acts_visited":["Gensokyo:Gensokyo","Gensokyo:Gensokyoer","TheBeyond"],"potions_floor_usage":[],"damage_taken":[{"damage":0.0,"enemies":"Gensokyo:3_Fairies","floor":2.0,"turns":1.0},{"damage":0.0,"enemies":"Gensokyo:Cirno","floor":5.0,"turns":2.0},{"damage":0.0,"enemies":"Gensokyo:Python","floor":6.0,"turns":1.0},{"damage":0.0,"enemies":"Gensokyo:2_Kodama","floor":9.0,"turns":1.0},{"damage":39.0,"enemies":"Gensokyo:Mamizou","floor":10.0,"turns":11.0},{"damage":4.0,"enemies":"downfall:FleeingMerchant","floor":13.0,"turns":4.0},{"damage":7.0,"enemies":"Gensokyo:Gryphon_and_Rabbit","floor":14.0,"turns":5.0},{"damage":0.0,"enemies":"Gensokyo:Kitsune","floor":15.0,"turns":2.0},{"damage":47.0,"enemies":"downfall:Defect","floor":16.0,"turns":8.0},{"damage":0.0,"enemies":"Gensokyo:2_Gloops","floor":19.0,"turns":4.0},{"damage":13.0,"enemies":"Gensokyo:Chomper","floor":20.0,"turns":5.0},{"damage":0.0,"enemies":"Gensokyo:Slime_Group","floor":23.0,"turns":2.0},{"damage":27.0,"enemies":"Gensokyo:Tenshi","floor":26.0,"turns":5.0},{"damage":5.0,"enemies":"Gensokyo:Mirror_and_Dog","floor":28.0,"turns":4.0},{"damage":17.0,"enemies":"Gensokyo:Chomper_and_Gloop","floor":30.0,"turns":4.0},{"damage":16.0,"enemies":"Gensokyo:Wraith","floor":31.0,"turns":4.0},{"damage":2.0,"enemies":"Gensokyo:Monolith_and_Dog","floor":32.0,"turns":4.0},{"damage":20.0,"enemies":"downfall:Ironclad","floor":33.0,"turns":8.0},{"damage":0.0,"enemies":"downfall:FleeingMerchant","floor":38.0,"turns":5.0},{"damage":5.0,"enemies":"3 Darklings","floor":39.0,"turns":4.0},{"damage":0.0,"enemies":"R_Hoarder","floor":42.0,"turns":13.0},{"damage":3.0,"enemies":"3 Shapes","floor":43.0,"turns":1.0},{"damage":0,"enemies":"Maw","floor":45,"turns":6},{"damage":5,"enemies":"4 Shapes","floor":46,"turns":1},{"damage":12,"enemies":"Writhing Mass","floor":47,"turns":4},{"damage":48,"enemies":"Transient","floor":49,"turns":2}],"seed_played":"-4663418081531536174","potions_obtained":[{"floor":5.0,"key":"AttackPotion"},{"floor":9.0,"key":"Dexterity Potion"},{"floor":14.0,"key":"FearPotion"},{"floor":15.0,"key":"FairyPotion"},{"floor":16.0,"key":"EssenceOfSteel"},{"floor":23.0,"key":"Ancient Potion"},{"floor":28.0,"key":"Ancient Potion"},{"floor":30.0,"key":"Toxic Potion"},{"floor":33.0,"key":"Ancient Potion"}],"is_trial":false,"path_per_floor":["R","M","R","?","E","M","T","R","M","E","?","?","$","M","M","B",null,"R","M","M","R","?","M","T","R","E","R","M","?","M","M","M","B",null,"R","?","?","$","M","R","T","E","M","R","M","M","M","?","M"],"character_chosen":"GUARDIAN","items_purchased":["Guardian:ShieldSpikes+1","Bag of Marbles","Bottled Flame","BlessingOfTheForge","Strength Potion"],"campfire_rested":1,"item_purchase_floors":[13,38,38,38,38],"current_hp_per_floor":[80,80,80,80,80,80,80,80,80,41,41,41,37,30,30,7,80,80,80,67,67,67,67,67,67,40,79,74,74,57,41,39,19,80,80,80,80,80,75,75,75,75,72,72,72,67,55,45,0,0],"gold":157,"neow_bonus":"THREE_ENEMY_KILL","is_daily":false,"chose_seed":false,"campfire_upgraded":9,"win_rate":0.0,"timestamp":1608387709,"path_taken":["R","M","R","?","E","M","T","R","M","E","?","?","$","M","M","BOSS","R","M","M","R","?","?","T","R","E","R","M","?","M","M","M","BOSS","R","?","?","?","M","R","T","E","M","R","?","M","M","?","M"],"items_purchased_type":["Card","Relic","Relic","Potion","Potion"],"build_version":"2020-12-13","purchased_purges":1,"victory":false,"max_hp_per_floor":[80,80,80,80,80,80,80,80,80,80,80,80,80,80,80,80,80,80,80,80,80,80,80,80,80,80,80,80,80,80,80,80,80,80,80,80,80,80,80,80,80,80,80,80,80,80,80,80,80,80],"card_choices":[{"not_picked":["Guardian:TemporalShield","Guardian:MultiBeam"],"picked":"Guardian:ChargeCore","floor":2.0},{"not_picked":["Guardian:Recover","Guardian:TimeCapacitor"],"picked":"Guardian:Gem_Blue","floor":5.0},{"not_picked":["Guardian:RefractedBeam","Guardian:Suspension","Guardian:PrimingBeam"],"picked":"Guardian:TimeBomb","floor":6.0},{"not_picked":["Guardian:Emergency","Guardian:Reroute","Guardian:TemporalStrike"],"picked":"Guardian:Clone","floor":9.0},{"not_picked":["Guardian:ShieldCharger","Guardian:WalkerClaw","Guardian:Suspension"],"picked":"Guardian:VentSteam","floor":10.0},{"not_picked":["Guardian:ChargeUp","Guardian:Repulse","Guardian:Recover"],"picked":"Guardian:Gem_Fragmented","floor":13.0},{"not_picked":["Guardian:PrismaticBarrier","Guardian:ShieldCharger","Guardian:SphericShield"],"picked":"Guardian:SpikerProtocol","floor":14.0},{"not_picked":["Guardian:ShieldCharger","Guardian:ChargeUp","Guardian:ChargeCore"],"picked":"Guardian:Gem_Cyan","floor":15.0},{"not_picked":["Guardian:StasisStrike","Guardian:AncientConstruct","Guardian:Gem_Synthetic"],"picked":"Guardian:Gem_Orange","floor":16.0},{"not_picked":["Guardian:Incinerate","Guardian:PiercingHide","Guardian:TimeCapacitor"],"picked":"Guardian:Gem_Red","floor":19.0},{"not_picked":["Guardian:PrismaticBeam","Guardian:BronzeArmor","Guardian:ShieldCharger+1"],"picked":"Guardian:Gem_Purple","floor":20.0},{"not_picked":["Guardian:Planning","Guardian:TemporalShield+1","Guardian:Reroute"],"picked":"Guardian:Gem_Green","floor":23.0},{"not_picked":["Guardian:RefractedBeam+1","Guardian:VentSteam","Guardian:TimeSifter"],"picked":"Guardian:BaubleBeam","floor":26.0},{"not_picked":["Guardian:RefractedBeam","Guardian:TemporalStrike","Guardian:RollAttack"],"picked":"Guardian:BronzeOrb","floor":28.0},{"not_picked":["Guardian:PiercingHide","Guardian:Repulse+1","Guardian:Reroute","Guardian:PrimingBeam"],"picked":"SKIP","floor":30.0},{"not_picked":["Guardian:Recover","Guardian:TemporalStrike","Guardian:VentSteam+1"],"picked":"Guardian:Gem_Green","floor":31.0},{"not_picked":["Guardian:Planning","Guardian:Preprogram","Guardian:ShieldSpikes"],"picked":"Guardian:RollAttack+1","floor":32.0},{"not_picked":["Guardian:BaubleBeam","Guardian:FastForward","Guardian:AncientConstruct"],"picked":"Guardian:ExploitGems","floor":33.0},{"not_picked":["Guardian:Gem_Green","Guardian:PrimingBeam+1","Guardian:RefractedBeam+1"],"picked":"Guardian:Gem_White","floor":38.0},{"not_picked":["Guardian:WalkerClaw+1","Guardian:RollAttack","Guardian:Suspension+1"],"picked":"Guardian:ShieldCharger","floor":39.0},{"not_picked":["Guardian:TemporalStrike+1","Guardian:FloatingOrbs","Guardian:Reroute+1","Guardian:CrystalBeam+1"],"picked":"SKIP","floor":42.0},{"not_picked":["Guardian:Reroute","Guardian:PrismaticBeam","Guardian:DonusPower+1"],"picked":"Guardian:Recover+1","floor":43.0},{"not_picked":["Guardian:RefractedBeam","Guardian:FloatingOrbs+1","Guardian:PrimingBeam"],"picked":"Guardian:ShieldSpikes+1","floor":45},{"not_picked":["Guardian:Suspension","Guardian:Incinerate","Guardian:ArmoredProtocol+1"],"picked":"Guardian:Gem_Cyan","floor":46},{"not_picked":["Guardian:ChargeCore","Guardian:PolyBeam+1","Guardian:VentSteam"],"picked":"Guardian:Gem_Synthetic","floor":47},{"not_picked":["expansioncontent:SuperHexaguard","expansioncontent:PolyBeam","expansioncontent:Hexaburn"],"picked":"Replay:SS_fish_1","floor":48},{"not_picked":["expansioncontent:PrepareCrush","expansioncontent:FaceSlap","expansioncontent:DarkVoid"],"picked":"expansioncontent:DecasProtection","floor":48},{"not_picked":["expansioncontent:Hexaburn","Replay:SS_hec_2","Replay:SS_forest_6"],"picked":"expansioncontent:AwakenDeath","floor":48}],"player_experience":161261,"relics_obtained":[{"floor":5.0,"key":"Question Card"},{"floor":7.0,"key":"Runesmith:Nanobots"},{"floor":9.0,"key":"Gensokyo:OccultBall"},{"floor":10.0,"key":"Regal Pillow"},{"floor":14.0,"key":"Gensokyo:OccultBall"},{"floor":16.0,"key":"Gensokyo:OccultBall"},{"floor":24.0,"key":"MawBank"},{"floor":26.0,"key":"Smiling Mask"},{"floor":29.0,"key":"Ring of Panic"},{"floor":29.0,"key":"ReplayTheSpireMod:Ring of Challenge"},{"floor":32.0,"key":"Gensokyo:OccultBall"},{"floor":33.0,"key":"Gensokyo:OccultBall"},{"floor":41.0,"key":"Garlic"},{"floor":42.0,"key":"Gambling Chip"},{"floor":47,"key":"Gensokyo:OccultBall"}],"event_choices":[{"damage_healed":0.0,"max_hp_gain":0.0,"max_hp_loss":0.0,"gold_gain":0.0,"event_name":"betterMatch:BetterMatch","player_choice":"3","floor":22.0,"gold_loss":0.0,"damage_taken":0.0,"cards_obtained":[]}],"is_beta":false,"boss_relics":[{"not_picked":["Sozu","Velvet Choker"],"picked":"Pandora\u0027s Box"},{"not_picked":["Fusion Hammer","Ring of Chaos"],"picked":"Replay:Bronze Core"}],"items_purged_floors":[38],"is_endless":false,"potions_floor_spawned":[5,9,14,15,16,23,28,30,33,39,42,46,47],"killed_by":"Transient","ascension_level":0}}