{"host":"c2vrdknshfutmcsq","time":1608406322,"event":{"mods":["BaseMod","Minty Spire (QoL Compilation)"],"gold_per_floor":[114,133,146,146,161,161,190,209,209,242,257,291,291,291,291,365,365,365,377,57,57,68,68,68],"floor_reached":23,"playtime":1790,"items_purged":[],"score":362,"play_id":"92095fd2-36a5-451a-b9f5-ac3035f40b39","local_time":"20201219203202","is_ascension_mode":true,"campfire_choices":[{"data":"Dualcast","floor":6.0,"key":"SMITH"},{"data":"Zap","floor":13.0,"key":"SMITH"},{"data":"Sunder","floor":15.0,"key":"SMITH"}],"circlet_count":0,"master_deck":["AscendersBane","Strike_B","Strike_B","Strike_B+1","Defend_B","Defend_B","Defend_B","Defend_B","Zap+1","Dualcast+1","BootSequence","Lockon","Glacier+1","Chaos","Fusion","Melter","Defragment","Sunder+1","Conserve Battery","Leap","Buffer","Streamline","Auto Shields","Double Energy+1"],"relics":["Cracked Core","Blood Vial","Sundial","Blue Candle","Orichalcum","TungstenRod","SlaversCollar","Regal Pillow","Bronze Scales"],"acts_visited":["Exordium","TheCity"],"potions_floor_usage":[18,22],"damage_taken":[{"damage":11.0,"enemies":"2 Louse","floor":1.0,"turns":2.0},{"damage":0.0,"enemies":"Small Slimes","floor":2.0,"turns":3.0},{"damage":6.0,"enemies":"Cultist","floor":3.0,"turns":3.0},{"damage":2.0,"enemies":"Gremlin Gang","floor":5.0,"turns":7.0},{"damage":4.0,"enemies":"Gremlin Nob","floor":7.0,"turns":3.0},{"damage":1.0,"enemies":"Looter","floor":8.0,"turns":2.0},{"damage":4.0,"enemies":"Lagavulin","floor":10.0,"turns":7.0},{"damage":0.0,"enemies":"2 Fungi Beasts","floor":11.0,"turns":3.0},{"damage":16.0,"enemies":"3 Sentries","floor":12.0,"turns":8.0},{"damage":17.0,"enemies":"Slime Boss","floor":16.0,"turns":11.0},{"damage":0,"enemies":"2 Thieves","floor":18,"turns":1},{"damage":19,"enemies":"3 Byrds","floor":19,"turns":6},{"damage":13,"enemies":"Centurion and Healer","floor":22,"turns":8},{"damage":45,"enemies":"Gremlin Leader","floor":23,"turns":8}],"seed_played":"4508662789754177380","potions_obtained":[{"floor":1.0,"key":"SmokeBomb"},{"floor":2.0,"key":"Regen Potion"},{"floor":5.0,"key":"EssenceOfDarkness"},{"floor":7.0,"key":"Dexterity Potion"},{"floor":11.0,"key":"SteroidPotion"},{"floor":19,"key":"Weak Potion"}],"is_trial":false,"path_per_floor":["M","M","M","?","M","R","E","M","T","E","M","E","R","?","R","B",null,"M","M","$","?","M","E"],"character_chosen":"DEFECT","items_purchased":["Regal Pillow","Bronze Scales","Auto Shields"],"campfire_rested":0,"item_purchase_floors":[20,20,20],"current_hp_per_floor":[55,57,53,39,54,54,52,53,53,51,53,39,39,39,39,24,59,61,44,44,44,33,0,0],"gold":68,"neow_bonus":"RANDOM_COMMON_RELIC","is_daily":false,"chose_seed":false,"campfire_upgraded":3,"win_rate":0.0,"timestamp":1608406322,"path_taken":["M","M","M","?","M","R","E","M","T","E","M","E","R","?","R","BOSS","M","M","$","?","M","E"],"items_purchased_type":["Relic","Relic","Card"],"build_version":"2020-12-13","purchased_purges":0,"victory":false,"max_hp_per_floor":[71,71,71,71,71,71,71,71,71,71,71,71,71,71,71,71,71,71,71,71,71,71,71,71],"card_choices":[{"not_picked":["Streamline","Rip and Tear"],"picked":"BootSequence","floor":1.0},{"not_picked":["Turbo","Barrage"],"picked":"Lockon","floor":2.0},{"not_picked":["Rebound","Turbo"],"picked":"Glacier","floor":3.0},{"not_picked":["Compile Driver","Hello World"],"picked":"Chaos","floor":5.0},{"not_picked":["Compile Driver","Scrape"],"picked":"Fusion","floor":7.0},{"not_picked":["Streamline","Turbo"],"picked":"Melter","floor":8.0},{"not_picked":["Skim","Rainbow"],"picked":"Defragment","floor":10.0},{"not_picked":["Compile Driver","Gash"],"picked":"Sunder","floor":11.0},{"not_picked":["Scrape","Chaos"],"picked":"Conserve Battery","floor":12.0},{"not_picked":["Reboot","Thunder Strike"],"picked":"Buffer","floor":16.0},{"not_picked":["Fusion","Coolheaded"],"picked":"Streamline","floor":19},{"not_picked":["Hologram+1","Barrage"],"picked":"Double Energy+1","floor":22}],"player_experience":1168227,"relics_obtained":[{"floor":7.0,"key":"Sundial"},{"floor":9.0,"key":"Blue Candle"},{"floor":10.0,"key":"Orichalcum"},{"floor":12.0,"key":"TungstenRod"}],"event_choices":[{"damage_healed":0.0,"max_hp_gain":0.0,"max_hp_loss":0.0,"gold_gain":0.0,"event_name":"Shining Light","player_choice":"Entered Light","floor":4.0,"gold_loss":0.0,"damage_taken":14.0,"cards_upgraded":["Strike_B","Glacier"]},{"damage_healed":0.0,"max_hp_gain":0.0,"max_hp_loss":0.0,"gold_gain":0.0,"cards_transformed":["Strike_B"],"event_name":"Transmorgrifier","player_choice":"Transformed","floor":14.0,"gold_loss":0.0,"damage_taken":0.0,"cards_obtained":["Leap"]},{"damage_healed":0,"gold_gain":0,"player_choice":"Bought 0 Potions","damage_taken":0,"max_hp_gain":0,"max_hp_loss":0,"event_name":"The Woman in Blue","floor":21,"gold_loss":0}],"is_beta":false,"boss_relics":[{"not_picked":["Snecko Eye","Philosopher\u0027s Stone"],"picked":"SlaversCollar"}],"items_purged_floors":[],"is_endless":false,"potions_floor_spawned":[1,2,5,7,11,18,19],"killed_by":"Gremlin Leader","ascension_level":14}}