{"host":"kh6fvhxn285ncg0o","time":1608358023,"event":{"mods":["Act Like it!","BaseMod","Colored Map","Friendly Minions","Keyboard Shortcuts","Minty Spire (QoL Compilation)","Quick Restart","Relic Stats","StSLib","SuperFastMode"],"gold_per_floor":[116,266,266,191,203,203,237,237,311,311,324,334,364,374,374,445,445,456,456,476,492,492,492,526,526,549,578,98,98,98],"floor_reached":29,"playtime":694,"items_purged":["Regret","Anger"],"score":592,"play_id":"3cf22be0-4e55-44ff-b791-9db104ccb71c","local_time":"20201219150703","is_ascension_mode":true,"campfire_choices":[{"data":"Bash","floor":6.0,"key":"SMITH"},{"data":"Infernal Blade","floor":10.0,"key":"SMITH"},{"data":"Metallicize","floor":15.0,"key":"SMITH"},{"floor":23.0,"key":"REST"},{"floor":25.0,"key":"REST"}],"circlet_count":0,"master_deck":["AscendersBane","Bash+1","Evolve+1","Doubt","Feel No Pain","Infernal Blade+1","Metallicize+1","Disarm+1","Flame Barrier+1","Corruption","Inflame","Intimidate+1","True Grit+1","Pommel Strike","Corruption","Immolate+1","Rampage","Rage+1","Dark Embrace","Disarm+1","Second Wind+1","Finesse+1","Reckless Charge"],"relics":["Burning Blood","NeowsBlessing","Mercury Hourglass","White Beast Statue","Toxic Egg 2","Letter Opener","Pandora\u0027s Box","Dream Catcher","Blue Candle","Pen Nib","Blood Vial","Anchor"],"acts_visited":["Exordium","TheCity"],"potions_floor_usage":[27],"damage_taken":[{"damage":0.0,"enemies":"Small Slimes","floor":1.0,"turns":1.0},{"damage":0.0,"enemies":"2 Louse","floor":5.0,"turns":1.0},{"damage":0.0,"enemies":"3 Sentries","floor":7.0,"turns":1.0},{"damage":7.0,"enemies":"Jaw Worm","floor":11.0,"turns":2.0},{"damage":1.0,"enemies":"2 Fungi Beasts","floor":12.0,"turns":3.0},{"damage":30.0,"enemies":"Gremlin Nob","floor":13.0,"turns":5.0},{"damage":3.0,"enemies":"Blue Slaver","floor":14.0,"turns":2.0},{"damage":2.0,"enemies":"The Guardian","floor":16.0,"turns":16.0},{"damage":4.0,"enemies":"Chosen","floor":18.0,"turns":6.0},{"damage":34.0,"enemies":"Spheric Guardian","floor":20.0,"turns":6.0},{"damage":10.0,"enemies":"Centurion and Healer","floor":21.0,"turns":4.0},{"damage":40.0,"enemies":"Slavers","floor":24.0,"turns":5.0},{"damage":36,"enemies":"Gremlin Leader","floor":27,"turns":6},{"damage":14,"enemies":"Snake Plant","floor":29,"turns":2}],"seed_played":"305457069180933395","potions_obtained":[{"floor":5.0,"key":"Weak Potion"},{"floor":7.0,"key":"SpeedPotion"},{"floor":11.0,"key":"Block Potion"},{"floor":12.0,"key":"Ancient Potion"},{"floor":13.0,"key":"ColorlessPotion"},{"floor":14.0,"key":"SkillPotion"},{"floor":16.0,"key":"BlessingOfTheForge"},{"floor":18.0,"key":"DistilledChaos"},{"floor":21.0,"key":"HeartOfIron"},{"floor":24.0,"key":"Strength Potion"},{"floor":27,"key":"SteroidPotion"}],"is_trial":false,"path_per_floor":["M","?","?","$","M","R","E","?","T","R","M","M","E","M","R","B",null,"M","?","M","M","?","R","E","R","T","E","$","M"],"character_chosen":"IRONCLAD","items_purchased":["Second Wind+1","Finesse+1","Anchor","Reckless Charge"],"campfire_rested":2,"item_purchase_floors":[28,28,28,28],"current_hp_per_floor":[74,74,74,74,75,75,75,52,52,52,51,56,32,35,35,39,66,68,68,40,36,36,58,24,46,46,16,16,4,4],"gold":98,"neow_bonus":"THREE_ENEMY_KILL","is_daily":false,"chose_seed":false,"campfire_upgraded":3,"win_rate":0.0,"timestamp":1608358023,"path_taken":["M","?","?","?","M","R","E","?","T","R","M","M","E","?","R","BOSS","M","?","M","?","?","R","E","R","T","E","$","?"],"items_purchased_type":["Card","Card","Relic","Card"],"build_version":"2020-12-13","purchased_purges":2,"victory":false,"max_hp_per_floor":[75,75,75,75,75,75,75,75,75,75,75,75,75,75,75,75,75,75,75,75,75,75,75,75,75,75,75,75,75,75],"relic_stats":{"Blood Vial":2,"Dream Catcher":2,"counters":[14,60],"Blue Candle":[1],"Pandora\u0027s Box":["Inflame","Combust","Intimidate","True Grit","Anger","Pommel Strike","Corruption","Immolate","Rampage"],"Pen Nib":[1],"Letter Opener":[10],"obtain_stats":[{"Blood Vial":27,"Dream Catcher":19,"Anchor":28,"NeowsBlessing":0,"Blue Candle":24,"Pandora\u0027s Box":17,"Pen Nib":26,"Letter Opener":13,"Toxic Egg 2":9,"Burning Blood":0,"White Beast Statue":7,"Mercury Hourglass":3},{"Blood Vial":13,"Dream Catcher":9,"Anchor":13,"NeowsBlessing":0,"Blue Candle":12,"Pandora\u0027s Box":8,"Pen Nib":12,"Letter Opener":6,"Toxic Egg 2":3,"Burning Blood":0,"White Beast Statue":3,"Mercury Hourglass":1},{"Blood Vial":58,"Dream Catcher":37,"Anchor":58,"NeowsBlessing":0,"Blue Candle":52,"Pandora\u0027s Box":31,"Pen Nib":52,"Letter Opener":13,"Toxic Egg 2":3,"Burning Blood":0,"White Beast Statue":3,"Mercury Hourglass":1}],"Burning Blood":67,"Mercury Hourglass":[207]},"card_choices":[{"not_picked":["Anger","Sentinel"],"picked":"Evolve","floor":1.0},{"not_picked":["Twin Strike","Shrug It Off"],"picked":"Feel No Pain","floor":5.0},{"not_picked":["Anger","Ghostly Armor"],"picked":"Infernal Blade","floor":7.0},{"not_picked":["Sword Boomerang","Feel No Pain"],"picked":"Metallicize","floor":11.0},{"not_picked":["Headbutt","Reckless Charge"],"picked":"Disarm+1","floor":12.0},{"not_picked":["Anger","Bludgeon"],"picked":"Flame Barrier+1","floor":14.0},{"not_picked":["Impervious+1","Reaper"],"picked":"Corruption","floor":16.0},{"not_picked":["Armaments+1","Flex+1"],"picked":"Rage+1","floor":20.0},{"not_picked":["Thunderclap","Warcry+1"],"picked":"Dark Embrace","floor":23.0},{"not_picked":["Flex+1","Berserk"],"picked":"Disarm+1","floor":24.0},{"not_picked":["Armaments+1","Rupture","Anger"],"picked":"SKIP","floor":27}],"player_experience":3204163,"relics_obtained":[{"floor":7.0,"key":"White Beast Statue"},{"floor":9.0,"key":"Toxic Egg 2"},{"floor":13.0,"key":"Letter Opener"},{"floor":24.0,"key":"Blue Candle"},{"floor":26.0,"key":"Pen Nib"},{"floor":27,"key":"Blood Vial"}],"event_choices":[{"damage_healed":0.0,"max_hp_gain":0.0,"max_hp_loss":0.0,"gold_gain":150.0,"event_name":"Liars Game","player_choice":"AGREE","floor":2.0,"gold_loss":0.0,"damage_taken":0.0,"cards_obtained":["Doubt"]},{"damage_healed":0.0,"max_hp_gain":0.0,"max_hp_loss":0.0,"gold_gain":0.0,"event_name":"Big Fish","player_choice":"Box","floor":3.0,"gold_loss":0.0,"damage_taken":0.0,"relics_obtained":["Mercury Hourglass"],"cards_obtained":["Regret"]},{"damage_healed":0.0,"max_hp_gain":0.0,"max_hp_loss":0.0,"gold_gain":0.0,"event_name":"Shining Light","player_choice":"Entered Light","floor":8.0,"gold_loss":0.0,"damage_taken":23.0,"cards_upgraded":["Evolve","Strike_R"]},{"cards_removed":["Combust"],"damage_healed":0.0,"max_hp_gain":0.0,"max_hp_loss":0.0,"gold_gain":0.0,"event_name":"WeMeetAgain","player_choice":"Gave Card","floor":19.0,"gold_loss":0.0,"damage_taken":0.0,"relics_obtained":["Dream Catcher"]},{"damage_healed":0.0,"max_hp_gain":0.0,"max_hp_loss":0.0,"gold_gain":0.0,"event_name":"Accursed Blacksmith","player_choice":"Forge","floor":22.0,"gold_loss":0.0,"damage_taken":0.0,"cards_upgraded":["Immolate"]}],"is_beta":false,"boss_relics":[{"not_picked":["Tiny House","Runic Dome"],"picked":"Pandora\u0027s Box"}],"items_purged_floors":[4,28],"is_endless":false,"potions_floor_spawned":[5,7,11,12,13,14,16,18,20,21,24,27],"killed_by":"Snake Plant","ascension_level":20}}