{"host":"9r4xop0yxveozoj0","time":1608409365,"event":{"mods":["BaseMod","Colored Map","Colored Powertips","Hubris","Infinite Spire","Minty Spire (QoL Compilation)","Permanent Neow","Replay The Spire","Robot Space Explorer","StSLib","The Blue Laboratory","The Cursed","The Dragon Tamer"],"gold_per_floor":[112,127,144,161,161,161,181,207,232,249,274,274,293,353,353,457,457,570,588,112,112,27,56,56,68,145,145,155,194,194,205,205,301,301,318,368,368,234,234,334,334,334],"floor_reached":41,"playtime":29878,"items_purged":["RobotSpaceExplorer:MiniLasers","RobotSpaceExplorer:Strike","RobotSpaceExplorer:Ammunition"],"score":461,"play_id":"2f3a6c4d-213b-47e4-bac0-f7937c88f284","local_time":"20201219152245","is_ascension_mode":false,"campfire_choices":[{"data":"RobotSpaceExplorer:DroneSwarm","floor":6.0,"key":"SMITH"},{"data":"RobotSpaceExplorer:PlasmaMissile","floor":12.0,"key":"SMITH"},{"data":"RobotSpaceExplorer:Ammunition","floor":15.0,"key":"SMITH"},{"floor":24,"key":"REST"},{"floor":32,"key":"REST"}],"circlet_count":0,"master_deck":["RobotSpaceExplorer:Strike+1","RobotSpaceExplorer:Defend+1","RobotSpaceExplorer:Defend+1","RobotSpaceExplorer:Defend+1","RobotSpaceExplorer:Defend+1","RobotSpaceExplorer:Scan","hubris:Insight","RobotSpaceExplorer:DroneSwarm+1","RobotSpaceExplorer:Reload","RobotSpaceExplorer:PlasmaMissile+1","RobotSpaceExplorer:MiniDrones","RobotSpaceExplorer:Ammunition+1","RobotSpaceExplorer:DroneSwarm","RobotSpaceExplorer:ChargingLaser","RobotSpaceExplorer:ShovelStrike+1","ReplayTheSpireMod:Chaos Vortex","hubris:NaturalOne","RobotSpaceExplorer:Comet+1","Sickly","RobotSpaceExplorer:Scan+1","Specialist","infinitespire:Gouge","RobotSpaceExplorer:ScrapMissile+1","RobotSpaceExplorer:StunGrenade","RobotSpaceExplorer:ScrapMissile","RobotSpaceExplorer:ScrapMissile","infinitespire:Execution+1"],"relics":["RobotSpaceExplorer:RoboCore","hubris:Icosahedron","hubris:DeckOfHolding","Replay:Baseball","Odd Mushroom","infinitespire:FocusingShard","Empty Cage","infinitespire:Bottled Soul","Juzu Bracelet","Nilry\u0027s Codex","infinitespire:CursedDice","Toxic Egg 2","Shuriken","ReplayTheSpireMod:Lightbulb","RobotSpaceExplorer:RingOfTheNewt","ReplayTheSpireMod:SealedPack","Replay:Towering Pillar of Hats","RobotSpaceExplorer:ToughPlating"],"acts_visited":["Exordium","TheCity","TheBeyond"],"potions_floor_usage":[25,28,35,36,40,40,40,41],"damage_taken":[{"damage":5.0,"enemies":"infinitespire:Voidling","floor":1.0,"turns":6.0},{"damage":1.0,"enemies":"Small Slimes","floor":2.0,"turns":3.0},{"damage":3.0,"enemies":"Jaw Worm","floor":3.0,"turns":3.0},{"damage":4.0,"enemies":"Looter","floor":4.0,"turns":3.0},{"damage":6.0,"enemies":"Exordium Wildlife","floor":7.0,"turns":3.0},{"damage":8.0,"enemies":"3 Sentries","floor":8.0,"turns":5.0},{"damage":0.0,"enemies":"Large Slime","floor":10.0,"turns":5.0},{"damage":6.0,"enemies":"The Mushroom Lair","floor":11.0,"turns":3.0},{"damage":8.0,"enemies":"Looter","floor":13.0,"turns":3.0},{"damage":8.0,"enemies":"Lagavulin Event","floor":14.0,"turns":6.0},{"damage":0.0,"enemies":"Slime Boss","floor":16.0,"turns":6.0},{"damage":5.0,"enemies":"Spheric Guardian","floor":18.0,"turns":4.0},{"damage":4.0,"enemies":"3 Byrds","floor":19.0,"turns":4.0},{"damage":41.0,"enemies":"Gremlin Leader","floor":23.0,"turns":10.0},{"damage":15,"enemies":"Snake Plant","floor":25,"turns":4},{"damage":4,"enemies":"Cultist and Chosen","floor":28,"turns":6},{"damage":14,"enemies":"Centurion and Healer","floor":31,"turns":6},{"damage":32,"enemies":"Collector","floor":33,"turns":10},{"damage":17,"enemies":"3 Shapes","floor":35,"turns":4},{"damage":0,"enemies":"Mind Bloom Boss Battle","floor":36,"turns":8},{"damage":21,"enemies":"infinitespire:Three Voidlings","floor":40,"turns":2},{"damage":27,"enemies":"Nightmare_Alpha","floor":40,"turns":12},{"damage":12,"enemies":"Giant Head","floor":41,"turns":6}],"seed_played":"-5453829688632687171","potions_obtained":[{"floor":14.0,"key":"BlessingOfTheForge"},{"floor":16.0,"key":"AttackPotion"},{"floor":23,"key":"SkillPotion"},{"floor":25,"key":"Flashbang"},{"floor":33,"key":"blueLaboratory:BubblePotion"},{"floor":35,"key":"Elixir"},{"floor":36,"key":"SteroidPotion"},{"floor":39,"key":"SteroidPotion"},{"floor":39,"key":"blueLaboratory:BottleOfRum"},{"floor":40,"key":"blueLaboratory:BottleOfVodka"}],"is_trial":false,"path_per_floor":["M","M","M","M","?","R","M","E","T","M","?","R","M","?","R","B",null,"M","M","$","?","?","E","R","M","T","AVR","M","?","?","M","R","B",null,"M","?","?","$","?","?","E"],"character_chosen":"RobotSpaceExplorer","items_purchased":["infinitespire:Bottled Soul","Juzu Bracelet","RobotSpaceExplorer:ScrapMissile"],"campfire_rested":2,"item_purchase_floors":[20,20,38],"current_hp_per_floor":[70,69,66,62,62,62,56,48,48,48,42,42,75,67,67,67,75,70,66,66,50,50,37,59,44,44,44,40,22,22,8,30,27,75,58,58,58,58,58,10,0,0],"gold":334,"neow_bonus":"RANDOM_COLORLESS","is_daily":false,"chose_seed":false,"campfire_upgraded":3,"win_rate":0.0,"timestamp":1608409365,"path_taken":["M","M","M","?","?","R","M","E","T","M","?","R","M","?","R","BOSS","M","M","$","?","?","E","R","M","T","AVR","M","?","?","M","R","BOSS","M","?","?","$","?","?","E"],"items_purchased_type":["Relic","Relic","Card"],"build_version":"2020-12-13","purchased_purges":3,"victory":false,"max_hp_per_floor":[75,75,75,75,75,75,75,75,75,75,75,75,75,75,75,75,75,75,75,75,75,75,75,75,75,75,75,75,75,75,75,75,75,75,75,75,75,75,75,75,75,75],"card_choices":[{"not_picked":["Purity","PanicButton"],"picked":"hubris:Insight","floor":0.0},{"not_picked":["RobotSpaceExplorer:SurgingShield","RobotSpaceExplorer:Ammunition"],"picked":"RobotSpaceExplorer:FrostMissile","floor":1.0},{"not_picked":["RobotSpaceExplorer:PowerCollector","RobotSpaceExplorer:ImprovisedAttack"],"picked":"RobotSpaceExplorer:ScrapMissile","floor":2.0},{"not_picked":["RobotSpaceExplorer:Electroshield","RobotSpaceExplorer:FrostMissile"],"picked":"RobotSpaceExplorer:DroneSwarm","floor":3.0},{"not_picked":["RobotSpaceExplorer:Probe","RobotSpaceExplorer:ExhaustFan"],"picked":"RobotSpaceExplorer:Reload","floor":4.0},{"not_picked":["RobotSpaceExplorer:ShockKick","RobotSpaceExplorer:SurgingShield"],"picked":"RobotSpaceExplorer:PlasmaMissile","floor":7.0},{"not_picked":["RobotSpaceExplorer:Smokescreen","RobotSpaceExplorer:StarDust","RobotSpaceExplorer:Explosion"],"picked":"SKIP","floor":8.0},{"not_picked":["RobotSpaceExplorer:Probe","RobotSpaceExplorer:Discharger","RobotSpaceExplorer:DualCore"],"picked":"SKIP","floor":10.0},{"not_picked":["RobotSpaceExplorer:Fix","RobotSpaceExplorer:StunGrenade"],"picked":"RobotSpaceExplorer:MiniDrones","floor":11.0},{"not_picked":["RobotSpaceExplorer:FranticSearch","RobotSpaceExplorer:ShovelStrike"],"picked":"RobotSpaceExplorer:Ammunition","floor":13.0},{"not_picked":["RobotSpaceExplorer:Blitz","RobotSpaceExplorer:FrostMissile"],"picked":"RobotSpaceExplorer:Ammunition","floor":14.0},{"not_picked":["RobotSpaceExplorer:Scanner","RobotSpaceExplorer:Wormhole"],"picked":"RobotSpaceExplorer:DroneSwarm","floor":16.0},{"not_picked":["RobotSpaceExplorer:MetalStrike","RobotSpaceExplorer:Counterblock+1","RobotSpaceExplorer:GlueShot"],"picked":"SKIP","floor":18.0},{"not_picked":["RobotSpaceExplorer:ScrapMissile+1","RobotSpaceExplorer:Ammunition"],"picked":"RobotSpaceExplorer:ChargingLaser","floor":19.0},{"not_picked":["RobotSpaceExplorer:Ammunition+1","RobotSpaceExplorer:SlimeMissile","RobotSpaceExplorer:Counterblock+1"],"picked":"SKIP","floor":23},{"not_picked":["RobotSpaceExplorer:SwiftStep+1","RobotSpaceExplorer:Probe"],"picked":"RobotSpaceExplorer:ShovelStrike+1","floor":25},{"not_picked":["RobotSpaceExplorer:Calculate+1","RobotSpaceExplorer:SlimeMissile","RobotSpaceExplorer:Probe"],"picked":"SKIP","floor":28},{"not_picked":["RobotSpaceExplorer:ExhaustFan","RobotSpaceExplorer:ShockMissile","RobotSpaceExplorer:Electropulse"],"picked":"SKIP","floor":31},{"not_picked":["RobotSpaceExplorer:HighVoltage","RobotSpaceExplorer:Exploration+1"],"picked":"RobotSpaceExplorer:Comet+1","floor":33},{"not_picked":["Eruption","m_Survivalism"],"picked":"RobotSpaceExplorer:Scan","floor":34},{"not_picked":["RobotSpaceExplorer:BlastShield","RobotSpaceExplorer:Blaster"],"picked":"RobotSpaceExplorer:Wormhole","floor":34},{"not_picked":["Replay:BasicMightCard","ReplayTheSpireMod:Uncanny Aura"],"picked":"Specialist","floor":34},{"not_picked":["infinitespire:Collect","hubris:InfiniteBlow"],"picked":"infinitespire:Gouge","floor":34},{"not_picked":["RobotSpaceExplorer:SlimeMissile+1","RobotSpaceExplorer:FreezingShield+1"],"picked":"RobotSpaceExplorer:Wormhole+1","floor":35},{"not_picked":["RobotSpaceExplorer:SlimeMissile","RobotSpaceExplorer:DualCore+1"],"picked":"RobotSpaceExplorer:ScrapMissile+1","floor":36},{"not_picked":["infinitespire:DeathsTouch","ReplayTheSpireMod:Black Plague"],"picked":"infinitespire:Execution","floor":40}],"player_experience":162526,"relics_obtained":[{"floor":8.0,"key":"hubris:DeckOfHolding"},{"floor":9.0,"key":"Replay:Baseball"},{"floor":11.0,"key":"Odd Mushroom"},{"floor":14.0,"key":"infinitespire:FocusingShard"},{"floor":21.0,"key":"Nilry\u0027s Codex"},{"floor":23,"key":"Toxic Egg 2"},{"floor":26,"key":"Shuriken"},{"floor":29,"key":"RobotSpaceExplorer:RingOfTheNewt"},{"floor":36,"key":"Replay:Towering Pillar of Hats"},{"floor":40,"key":"RobotSpaceExplorer:ToughPlating"}],"event_choices":[{"damage_healed":0.0,"max_hp_gain":0.0,"max_hp_loss":0.0,"gold_gain":0.0,"event_name":"Mushrooms","player_choice":"Fought Mushrooms","floor":11.0,"gold_loss":0.0,"damage_taken":0.0},{"damage_healed":0.0,"max_hp_gain":0.0,"max_hp_loss":0.0,"gold_gain":0.0,"event_name":"Dead Adventurer","player_choice":"Searched \u00272\u0027 times","floor":14.0,"gold_loss":0.0,"damage_taken":0.0},{"damage_healed":0.0,"max_hp_gain":0.0,"max_hp_loss":0.0,"gold_gain":0.0,"event_name":"Cursed Tome","player_choice":"Obtained Book","floor":21.0,"gold_loss":0.0,"damage_taken":16.0},{"damage_healed":0.0,"max_hp_gain":0.0,"max_hp_loss":0.0,"gold_gain":0.0,"event_name":"Addict","player_choice":"Obtained Relic","floor":22.0,"gold_loss":85.0,"damage_taken":0.0,"relics_obtained":["infinitespire:CursedDice"]},{"damage_healed":0,"gold_gain":0,"player_choice":"Simplicity","damage_taken":0,"max_hp_gain":0,"max_hp_loss":0,"event_name":"Back to Basics","floor":30,"gold_loss":0,"cards_upgraded":["RobotSpaceExplorer:Strike","RobotSpaceExplorer:Strike","RobotSpaceExplorer:Strike","RobotSpaceExplorer:Defend","RobotSpaceExplorer:Defend","RobotSpaceExplorer:Defend","RobotSpaceExplorer:Defend"]},{"damage_healed":0,"gold_gain":0,"player_choice":"Fight","damage_taken":0,"max_hp_gain":0,"max_hp_loss":0,"event_name":"MindBloom","floor":36,"gold_loss":0},{"damage_healed":0,"gold_gain":0,"player_choice":"Got Potions","damage_taken":0,"max_hp_gain":0,"max_hp_loss":0,"event_name":"Lab","floor":39,"gold_loss":0}],"is_beta":false,"boss_relics":[{"not_picked":["hubris:CrackedHourglass","Astrolabe"],"picked":"Empty Cage"},{"not_picked":["Replay:Bronze Core","Replay:Ancient Bell"],"picked":"ReplayTheSpireMod:SealedPack"}],"items_purged_floors":[20,27,38],"is_endless":true,"potions_floor_spawned":[1,3,13,14,16,23,25,33,35,36,40],"killed_by":"Giant Head","ascension_level":0}}