{"host":"g1na4j704t0qpw5f","time":1608398436,"event":{"mods":["AchievementEnabler","BaseMod","Card Forge","Colored Powertips","Custom Start","Googly Eyes","Highlight Path","Minty Spire (QoL Compilation)","StSLib"],"gold_per_floor":[114,132,145,49110,49110,49141,49141,49167,49167,49198,49198,49217,49217,49250,49250,49324,49324,49343,49359,48533,48543,48543,48576,48593,48593,48618,48618,48618,48618],"floor_reached":28,"playtime":1091,"items_purged":["Strike_B","Strike_B"],"score":592,"play_id":"b31ed341-e88c-42cb-9be4-2ee561928944","local_time":"20201219122036","is_ascension_mode":true,"campfire_choices":[{"data":"Defragment","floor":7,"key":"SMITH"},{"data":"Consume","floor":11,"key":"SMITH"},{"data":"Rainbow","floor":15,"key":"SMITH"},{"data":"Defragment","floor":25,"key":"SMITH"},{"data":"Zap","floor":27,"key":"SMITH"}],"circlet_count":0,"master_deck":["AscendersBane","Strike_B","Strike_B","Defend_B","Defend_B","Defend_B","Defend_B","Zap+1","Dualcast","Ball Lightning","Barrage","Defragment+1","Consume+1","Thunder Strike","BootSequence","Redo","Glacier","Rainbow+1","Parasite","Seek","Static Discharge","Defragment+1","Streamline+1","Glacier+1","Redo","White Noise","Echo Form+1","Coolheaded"],"relics":["Cracked Core","Hammer of Thor","Seething Fire","Anvil of the Gods","Prayer Wheel","Blood Vial","Lee\u0027s Waffle","Centennial Puzzle","Mummified Hand","Kunai","Lizard Tail","Peace Pipe","Coffee Dripper","Bottled Tornado","Frozen Egg 2","HandDrill","Tiny Chest","Pen Nib"],"acts_visited":["Exordium","TheCity"],"potions_floor_usage":[10,16,18,28],"damage_taken":[{"damage":4,"enemies":"2 Louse","floor":1,"turns":3},{"damage":6,"enemies":"Jaw Worm","floor":2,"turns":4},{"damage":1,"enemies":"Cultist","floor":3,"turns":3},{"damage":35,"enemies":"3 Sentries","floor":6,"turns":6},{"damage":30,"enemies":"Lagavulin","floor":8,"turns":5},{"damage":15,"enemies":"3 Sentries","floor":10,"turns":6},{"damage":1,"enemies":"Looter","floor":12,"turns":2},{"damage":13,"enemies":"Lagavulin","floor":14,"turns":6},{"damage":29,"enemies":"Slime Boss","floor":16,"turns":12},{"damage":9,"enemies":"3 Byrds","floor":18,"turns":6},{"damage":6,"enemies":"Chosen","floor":19,"turns":3},{"damage":12,"enemies":"3 Cultists","floor":21,"turns":6},{"damage":2,"enemies":"Book of Stabbing","floor":23,"turns":6},{"damage":17,"enemies":"Shelled Parasite and Fungi","floor":24,"turns":3},{"damage":27,"enemies":"Gremlin Leader","floor":28,"turns":2}],"seed_played":"2220498077286958439","potions_obtained":[{"floor":3,"key":"SpeedPotion"},{"floor":6,"key":"Ancient Potion"},{"floor":14,"key":"Block Potion"},{"floor":16,"key":"ColorlessPotion"},{"floor":23,"key":"SneckoOil"}],"is_trial":false,"path_per_floor":["M","M","M","$","?","E","R","E","T","E","R","M","?","E","R","B",null,"M","M","$","M","?","E","M","R","T","R","E"],"character_chosen":"DEFECT","items_purchased":["Defragment","Consume","Thunder Strike","Prayer Wheel","Blood Vial","Lee\u0027s Waffle","Bottled Tornado","Frozen Egg 2","HandDrill"],"campfire_rested":0,"item_purchase_floors":[4,4,4,4,4,4,20,20,20],"current_hp_per_floor":[67,61,60,85,90,55,55,27,27,14,14,15,37,26,26,45,79,72,68,68,58,31,31,16,16,16,16,0,0],"gold":48618,"neow_bonus":"TEN_PERCENT_HP_BONUS","is_daily":false,"chose_seed":false,"campfire_upgraded":5,"win_rate":0.0,"timestamp":1608398436,"path_taken":["M","M","M","$","?","E","R","E","T","E","R","M","?","E","R","BOSS","M","M","$","M","?","E","M","R","T","R","E"],"items_purchased_type":["Card","Card","Card","Relic","Relic","Relic","Relic","Relic","Relic"],"build_version":"2020-12-13","purchased_purges":2,"victory":false,"max_hp_per_floor":[78,78,78,85,90,90,90,90,90,90,90,90,90,90,90,90,90,90,90,90,90,95,95,95,95,95,95,95,95],"card_choices":[{"not_picked":["Leap","Gash"],"picked":"Ball Lightning","floor":1},{"not_picked":["Fusion","Go for the Eyes","Streamline"],"picked":"SKIP","floor":2},{"not_picked":["Leap","Conserve Battery"],"picked":"Barrage","floor":3},{"not_picked":["Gash","Hologram"],"picked":"BootSequence","floor":6},{"not_picked":["Streamline","Cold Snap"],"picked":"Redo","floor":8},{"not_picked":["Scrape","Ball Lightning"],"picked":"Glacier","floor":10},{"not_picked":["White Noise","Auto Shields"],"picked":"Rainbow","floor":12},{"not_picked":["Storm","Heatsinks","Beam Cell"],"picked":"SKIP","floor":12},{"not_picked":["FTL","Auto Shields","Heatsinks"],"picked":"SKIP","floor":14},{"not_picked":["Machine Learning","Amplify"],"picked":"Seek","floor":16},{"not_picked":["Auto Shields","Reinforced Body"],"picked":"Static Discharge","floor":18},{"not_picked":["Barrage","Sweeping Beam"],"picked":"Defragment","floor":18},{"not_picked":["Darkness","Go for the Eyes"],"picked":"Streamline+1","floor":19},{"not_picked":["Coolheaded","Barrage"],"picked":"Glacier+1","floor":19},{"not_picked":["Rebound+1","Compile Driver"],"picked":"Redo","floor":21},{"not_picked":["Turbo+1","Conserve Battery"],"picked":"White Noise","floor":21},{"not_picked":["Capacitor+1","FTL+1"],"picked":"Echo Form+1","floor":23},{"not_picked":["Turbo","Compile Driver"],"picked":"Coolheaded","floor":24},{"not_picked":["Hologram","Melter","Auto Shields"],"picked":"SKIP","floor":24}],"player_experience":479029,"relics_obtained":[{"floor":6,"key":"Centennial Puzzle"},{"floor":8,"key":"Mummified Hand"},{"floor":9,"key":"Kunai"},{"floor":10,"key":"Lizard Tail"},{"floor":14,"key":"Peace Pipe"},{"floor":23,"key":"Tiny Chest"},{"floor":26,"key":"Pen Nib"}],"event_choices":[{"damage_healed":0,"gold_gain":0,"player_choice":"Donut","damage_taken":0,"max_hp_gain":5,"max_hp_loss":0,"event_name":"Big Fish","floor":5,"gold_loss":0},{"damage_healed":22,"gold_gain":0,"player_choice":"Healed and dodged fight","damage_taken":0,"max_hp_gain":0,"max_hp_loss":0,"event_name":"Mushrooms","floor":13,"gold_loss":0,"cards_obtained":["Parasite"]},{"damage_healed":0,"gold_gain":0,"player_choice":"Shed Blood","damage_taken":32,"max_hp_gain":5,"max_hp_loss":0,"event_name":"Forgotten Altar","floor":22,"gold_loss":0}],"is_beta":false,"boss_relics":[{"not_picked":["Sozu","Cursed Key"],"picked":"Coffee Dripper"}],"items_purged_floors":[4,20],"is_endless":false,"potions_floor_spawned":[3,6,14,16,23],"killed_by":"Gremlin Leader","ascension_level":17}}