{"host":"e4wnmsyty9uvvtwf","time":1608378086,"event":{"mods":["Aspiration","BaseMod","Colored Map","Colored Powertips","Marisa£®ÏF”Í°°ƒß¿Ì…≥£©","Minty Spire (QoL Compilation)","Rare Cards Sparkle","Replay The Spire","StSLib"],"gold_per_floor":[115,115,27,102,132,153,153,153,153,208,234,234,234,234,234],"floor_reached":14,"playtime":213,"items_purged":[],"score":172,"play_id":"1085cb71-6f23-4256-92ac-fec461279000","local_time":"20201219194126","is_ascension_mode":true,"campfire_choices":[{"floor":8,"key":"REST"}],"circlet_count":0,"master_deck":["AscendersBane","Strike_MRS","Strike_MRS","Strike_MRS","Strike_MRS","Defend_MRS","Defend_MRS","Defend_MRS","Defend_MRS+1","MasterSpark+1","UpSweep","SprinkleStarSeal","Robbery+1","DarkMatter","Orbital"],"relics":["MiniHakkero","The Courier","Replay:Towering Pillar of Hats","Anchor"],"acts_visited":["Exordium"],"potions_floor_usage":[10],"damage_taken":[{"damage":3.0,"enemies":"Small Slimes","floor":1.0,"turns":3.0},{"damage":7,"enemies":"Jaw Worm","floor":5,"turns":4},{"damage":1,"enemies":"2 Louse","floor":6,"turns":3},{"damage":41,"enemies":"Gremlin Nob","floor":10,"turns":5},{"damage":7,"enemies":"Lagavulin","floor":14,"turns":3}],"seed_played":"-4114366253212601016","potions_obtained":[{"floor":1.0,"key":"Elixir"},{"floor":5,"key":"PowerPotion"}],"is_trial":false,"path_per_floor":["M","?","$","?","M","M","?","R","T","E","T","PTL","PTL","E"],"character_chosen":"MARISA","items_purchased":["Robbery"],"campfire_rested":1,"item_purchase_floors":[3],"current_hp_per_floor":[67,67,67,56,49,48,25,48,48,7,7,7,7,0,0],"gold":234,"neow_bonus":"TEN_PERCENT_HP_BONUS","is_daily":false,"chose_seed":false,"campfire_upgraded":0,"win_rate":0.0,"timestamp":1608378086,"path_taken":["M","?","$","?","M","?","?","R","T","E","?","PTL","PTL","E"],"items_purchased_type":["Card"],"build_version":"2020-12-13","purchased_purges":0,"victory":false,"max_hp_per_floor":[77,77,77,77,77,77,77,77,77,77,77,77,77,77,77],"card_choices":[{"not_picked":["EnergyRecoil","UnstableBomb"],"picked":"SprinkleStarSeal","floor":1.0},{"not_picked":["OortCloud","Acceleration"],"picked":"DarkMatter","floor":5},{"not_picked":["Acceleration","DoubleSpark","GrandCross"],"picked":"SKIP","floor":6},{"not_picked":["GasGiant","MaximisePower"],"picked":"Orbital","floor":10}],"player_experience":626258,"relics_obtained":[{"floor":9,"key":"The Courier"},{"floor":10,"key":"Replay:Towering Pillar of Hats"},{"floor":11,"key":"Anchor"}],"event_choices":[{"damage_healed":0.0,"max_hp_gain":0.0,"max_hp_loss":0.0,"gold_gain":0.0,"event_name":"Living Wall","player_choice":"Grow","floor":2.0,"gold_loss":0.0,"damage_taken":0.0,"cards_upgraded":["MasterSpark"]},{"damage_healed":0.0,"max_hp_gain":0.0,"max_hp_loss":0.0,"gold_gain":75.0,"event_name":"World of Goop","player_choice":"Gather Gold","floor":4.0,"gold_loss":0.0,"damage_taken":11.0},{"damage_healed":0,"gold_gain":0,"player_choice":"Entered Light","damage_taken":23,"max_hp_gain":0,"max_hp_loss":0,"event_name":"Shining Light","floor":7,"gold_loss":0,"cards_upgraded":["Defend_MRS","Robbery"]}],"is_beta":false,"boss_relics":[],"items_purged_floors":[],"is_endless":false,"potions_floor_spawned":[1,5],"killed_by":"Lagavulin","ascension_level":20}}