{"host":"5jn3rki867005t18","time":1608363802,"event":{"mods":["AchievementEnabler","BaseMod","Colored Map","Minty Spire (QoL Compilation)","Rare Cards Sparkle","StSLib","SuperFastMode"],"gold_per_floor":[117,134,144,160,335,335,335,335,360,360,360,374,394,415,415,546,546,529,549,549,549],"floor_reached":20,"playtime":778,"items_purged":[],"score":168,"play_id":"e5cab797-fa39-437d-94d2-6f24dfd64c1f","local_time":"20201219164322","is_ascension_mode":false,"campfire_choices":[{"data":"Inflame","floor":6,"key":"SMITH"},{"data":"Bash","floor":8,"key":"SMITH"},{"data":"Infernal Blade","floor":10,"key":"SMITH"},{"floor":15,"key":"REST"}],"circlet_count":0,"master_deck":["Strike_R","Strike_R","Strike_R","Strike_R","Strike_R","Defend_R","Defend_R","Defend_R","Defend_R","Bash+1","Metallicize","Dropkick","Infernal Blade+1","Inflame+1","Offering","Iron Wave","Feel No Pain","Demon Form","CurseOfTheBell","Shockwave","Ghostly Armor"],"relics":["Burning Blood","Golden Idol","Juzu Bracelet","Calling Bell","Nunchaku","Letter Opener","Lizard Tail"],"acts_visited":["Exordium","TheCity"],"potions_floor_usage":[14],"damage_taken":[{"damage":14,"enemies":"Small Slimes","floor":1,"turns":4},{"damage":6,"enemies":"2 Louse","floor":2,"turns":4},{"damage":0,"enemies":"Cultist","floor":3,"turns":3},{"damage":20,"enemies":"Red Slaver","floor":4,"turns":5},{"damage":9,"enemies":"Looter","floor":12,"turns":3},{"damage":6,"enemies":"Blue Slaver","floor":13,"turns":2},{"damage":17,"enemies":"Exordium Wildlife","floor":14,"turns":2},{"damage":66,"enemies":"Hexaghost","floor":16,"turns":10},{"damage":35,"enemies":"2 Thieves","floor":18,"turns":4},{"damage":67,"enemies":"Shell Parasite","floor":19,"turns":7},{"damage":36,"enemies":"3 Cultists","floor":20,"turns":6}],"seed_played":"5543231192391037363","potions_obtained":[{"floor":4,"key":"FearPotion"},{"floor":12,"key":"BlessingOfTheForge"},{"floor":13,"key":"DistilledChaos"},{"floor":16,"key":"Fire Potion"}],"is_trial":false,"path_per_floor":["M","M","M","M","?","R","?","R","T","R","?","M","M","M","R","B",null,"M","M","M"],"character_chosen":"IRONCLAD","items_purchased":[],"campfire_rested":1,"item_purchase_floors":[],"current_hp_per_floor":[80,80,86,72,72,72,72,72,72,72,72,69,69,58,81,21,81,52,34,0,0],"gold":549,"neow_bonus":"TEN_PERCENT_HP_BONUS","is_daily":false,"chose_seed":false,"campfire_upgraded":3,"win_rate":0.0,"timestamp":1608363802,"path_taken":["M","M","M","M","?","R","?","R","T","R","?","M","M","M","R","BOSS","M","M","M"],"items_purchased_type":[],"build_version":"2020-12-13","purchased_purges":0,"victory":false,"max_hp_per_floor":[88,88,88,88,88,88,81,81,81,81,81,81,81,81,81,81,81,81,81,81,81],"card_choices":[{"not_picked":["Shrug It Off","Thunderclap"],"picked":"Metallicize","floor":1},{"not_picked":["True Grit","Armaments"],"picked":"Dropkick","floor":2},{"not_picked":["Carnage","Headbutt"],"picked":"Infernal Blade","floor":3},{"not_picked":["Sword Boomerang","Twin Strike"],"picked":"Inflame","floor":4},{"not_picked":["Clash","True Grit"],"picked":"Offering","floor":12},{"not_picked":["True Grit","Warcry"],"picked":"Iron Wave","floor":13},{"not_picked":["Body Slam","Headbutt"],"picked":"Feel No Pain","floor":14},{"not_picked":["Limit Break","Fiend Fire"],"picked":"Demon Form","floor":16},{"not_picked":["Inflame+1","Bloodletting"],"picked":"Shockwave","floor":18},{"not_picked":["Perfected Strike","Anger"],"picked":"Ghostly Armor","floor":19}],"player_experience":17066,"relics_obtained":[{"floor":9,"key":"Juzu Bracelet"},{"floor":17,"key":"Nunchaku"},{"floor":17,"key":"Letter Opener"},{"floor":17,"key":"Lizard Tail"}],"event_choices":[{"damage_healed":0,"gold_gain":175,"player_choice":"AGREE","damage_taken":0,"max_hp_gain":0,"max_hp_loss":0,"event_name":"Liars Game","floor":5,"gold_loss":0,"cards_obtained":["Doubt"]},{"damage_healed":0,"gold_gain":0,"player_choice":"Lose Max HP","damage_taken":0,"relics_obtained":["Golden Idol"],"max_hp_gain":0,"max_hp_loss":7,"event_name":"Golden Idol","floor":7,"gold_loss":0},{"cards_removed":["Doubt"],"damage_healed":0,"gold_gain":0,"player_choice":"Purged","damage_taken":0,"max_hp_gain":0,"max_hp_loss":0,"event_name":"Purifier","floor":11,"gold_loss":0}],"is_beta":false,"boss_relics":[{"not_picked":["Snecko Eye","Astrolabe"],"picked":"Calling Bell"}],"items_purged_floors":[],"is_endless":false,"potions_floor_spawned":[4,12,13,16],"killed_by":"3 Cultists","ascension_level":0}}