{"host":"vjff2xj95zxi2vsi","time":1608421167,"event":{"mods":["2.2 Compatiblity","AchievementEnabler","Act Like it!","Ascension Reborn","Aspiration","BaseMod","Beaked The Cultist","Better Altar","Better Match","Better Sensory Stone","Better Skull","Better Third Choice","Challenge The Spire","ChefMod","Clockwork Mod","Conspire","Displayed Cursed Tome","Downfall","Elementarium","Energized Spire","Gensokyo","GifTheSpireLib","Gremlin Mod","Gremlin Skip","Halation","Hallownest","Hermit","Hubris","Infinite Spire","Marisa????????","Marked Mod","Menagerie","Minty Spire (QoL Compilation)","Permanent Neow","Replay The Spire","Robot Space Explorer","SCP261 Mod","Somnambulant","Spikes Relics","StSLib","Stuff the Spire","The Blackbeard","The Blue Laboratory","The Cursed","The Dragon Tamer","The Elementalist","The Gatherer","The Hayseed","The Hierophant","The Runesmith","The Sage","The Servant 0.9.4","The Valiant","The Vixen","Trackpad","Yuri Mod","vexMod"],"gold_per_floor":[119,136,186,198,214,239,209,209,236,236,236,265,265,282,282,282,282],"floor_reached":16,"playtime":1632,"items_purged":[],"score":110,"play_id":"71429017-5632-4ae5-9d71-b0e13b24485e","local_time":"20201219183927","is_ascension_mode":true,"campfire_choices":[{"floor":8,"key":"RECALL"},{"floor":11,"key":"REST"},{"floor":13,"key":"REST"},{"floor":15,"key":"DIG"}],"circlet_count":0,"master_deck":["chefmod:Strike","chefmod:Strike","chefmod:Strike","chefmod:Strike","chefmod:Strike","chefmod:Defend","chefmod:Defend","chefmod:Defend","chefmod:QuickThaw","chefmod:TodaysSpecial","DTMod:Strike","MinorHealing","chefmod:Puree","chefmod:BaoBuns","chefmod:SaveForLater","chefmod:TwoForOne","chefmod:Granita","chefmod:HotSoup","Pot Of Greed","Pot Of Greed","chefmod:FreezeSolid","chefmod:Chop"],"relics":["chefmod:TrustyPot","halation:PenCase","trackpad:ByrdBGone","halation:PurpleSoulGem","Grinning Jar","sagemod:Blowpipe"],"acts_visited":["Exordium"],"potions_floor_usage":[6,16],"damage_taken":[{"damage":0,"enemies":"2 Louse","floor":1,"turns":3},{"damage":0,"enemies":"Small Slimes","floor":2,"turns":3},{"damage":6,"enemies":"Jaw Worm","floor":4,"turns":7},{"damage":14,"enemies":"3 Louse","floor":5,"turns":5},{"damage":44,"enemies":"Lagavulin","floor":6,"turns":13},{"damage":0,"enemies":"Looter","floor":7,"turns":4},{"damage":35,"enemies":"3 Sentries","floor":12,"turns":9},{"damage":8,"enemies":"Large Slime","floor":14,"turns":8},{"damage":84,"enemies":"Fading Forest","floor":16,"turns":9}],"seed_played":"9176833455023301439","potions_obtained":[{"floor":4,"key":"blueLaboratory:PyrophylliteBrew"},{"floor":5,"key":"champ:CounterPotion"}],"is_trial":false,"path_per_floor":["M","M","?","M","M","E","M","R","T","?","R","E","R","M","R","B"],"character_chosen":"THE_CHEF","items_purchased":[],"campfire_rested":2,"item_purchase_floors":[],"current_hp_per_floor":[76,76,76,76,68,30,36,36,36,36,58,29,51,49,49,0,0],"gold":282,"neow_bonus":"ONE_RARE_RELIC","is_daily":false,"chose_seed":false,"campfire_upgraded":0,"win_rate":0.0,"timestamp":1608421167,"path_taken":["M","M","?","M","M","E","M","R","T","?","R","E","R","M","R","BOSS"],"items_purchased_type":[],"build_version":"2020-12-13","purchased_purges":0,"victory":false,"max_hp_per_floor":[76,76,76,76,76,76,76,76,76,76,76,76,76,76,76,76,76],"card_choices":[{"not_picked":["chefmod:SaveForLater","chefmod:NoSoupForYou"],"picked":"chefmod:Puree","floor":1},{"not_picked":["chefmod:DinoKale","chefmod:FireUp"],"picked":"chefmod:BaoBuns","floor":2},{"not_picked":["chefmod:MonsterBait","chefmod:BaoBuns"],"picked":"chefmod:SaveForLater","floor":4},{"not_picked":["chefmod:IcePick","chefmod:SliceAndDice"],"picked":"chefmod:TwoForOne","floor":5},{"not_picked":["chefmod:SaveForLater","chefmod:Chop"],"picked":"chefmod:Granita","floor":6},{"not_picked":["chefmod:Sorbet","chefmod:Chop"],"picked":"chefmod:HotSoup","floor":7},{"not_picked":["chefmod:Julienne","chefmod:BaoBuns"],"picked":"chefmod:FreezeSolid","floor":12},{"not_picked":["chefmod:FryPan","chefmod:Granita"],"picked":"chefmod:Chop","floor":14}],"player_experience":215097,"relics_obtained":[{"floor":6,"key":"trackpad:ByrdBGone"},{"floor":12,"key":"Grinning Jar"},{"floor":15,"key":"sagemod:Blowpipe"}],"event_choices":[{"damage_healed":0,"gold_gain":50,"player_choice":"Gained Gold","damage_taken":0,"max_hp_gain":0,"max_hp_loss":0,"event_name":"Golden Wing","floor":3,"gold_loss":0}],"is_beta":false,"boss_relics":[],"items_purged_floors":[],"is_endless":false,"potions_floor_spawned":[4,5],"killed_by":"Fading Forest","ascension_level":0}}