{"host":"bux1pdxjwq4dkad9","time":1608355769,"event":{"mods":["ATMod(阿瑾Mod)","BaseMod","Colored Map","Minty Spire (QoL Compilation)","Quick Restart","Robot Space Explorer","StSLib","SuperFastMode","【功能Mod】精心准备","【遗物Mod】简单游戏"],"gold_per_floor":[112,112,187,203,203,239,239,264,264,298,323,44,75,95,95,194,194,213,128,1,20,45,85,98,138,138,179,192,216,216,236,236,329,329,353,369,388,721,505,538,488,518,518,552,552,552,572,572,572,572,572,572,572,191,222,222],"floor_reached":57,"playtime":1809,"items_purged":["Strike_B","Strike_B","Strike_B","Dualcast","Defend_B"],"score":3719,"play_id":"67071e44-2ffd-4f16-b94f-604426b64e50","local_time":"20201219132929","is_ascension_mode":true,"campfire_choices":[{"data":"Zap","floor":7,"key":"SMITH"},{"data":"Genetic Algorithm","floor":15,"key":"SMITH"},{"floor":30,"key":"RECALL"},{"data":"AT_StudyProgram","floor":32,"key":"SMITH"},{"data":"Capacitor","floor":45,"key":"SMITH"},{"data":"Turbo","floor":49,"key":"SMITH"},{"data":"AT_WaterDrop","floor":53,"key":"SMITH"}],"circlet_count":0,"master_deck":["AscendersBane","Defend_B","Defend_B","Zap+1","Ball Lightning+1","AT_DarkMatter","Electrodynamics","Consume","Genetic Algorithm+1","Turbo+1","Panache","Gash+1","Echo Form","AT_ThreeBodyProblem","AT_HeatAcrobatics","Capacitor+1","Tempest","AT_StudyProgram+1","AT_WaterDrop+1","Recycle+1","Coolheaded+1","Consume+1","AT_ThreeBodyProblem"],"relics":["FrozenCore","AT_ATBox","ImprovedEquipment","AT_ImmortalShieldbow","Bag of Marbles","Boot","Du-Vu Doll","AT_TrinityForce","Smiling Mask","Nunchaku","PreservedInsect","Anchor","Runic Capacitor","Sundial","Turnip","Singing Bowl","Whetstone","Oddly Smooth Stone","Orrery","Vajra"],"acts_visited":["Exordium","TheCity","TheBeyond","TheEnding"],"potions_floor_usage":[56,56],"damage_taken":[{"damage":0.0,"enemies":"Small Slimes","floor":1.0,"turns":2.0},{"damage":0.0,"enemies":"2 Louse","floor":4.0,"turns":2.0},{"damage":4.0,"enemies":"3 Sentries","floor":6.0,"turns":4.0},{"damage":0,"enemies":"Cultist","floor":8,"turns":2},{"damage":0,"enemies":"Lagavulin","floor":10,"turns":4},{"damage":0,"enemies":"Exordium Wildlife","floor":11,"turns":3},{"damage":0,"enemies":"Gremlin Nob","floor":13,"turns":2},{"damage":0,"enemies":"Large Slime","floor":14,"turns":1},{"damage":0,"enemies":"Slime Boss","floor":16,"turns":4},{"damage":0,"enemies":"3 Byrds","floor":18,"turns":1},{"damage":0,"enemies":"Shell Parasite","floor":21,"turns":1},{"damage":0,"enemies":"Cultist and Chosen","floor":22,"turns":3},{"damage":0,"enemies":"Gremlin Leader","floor":23,"turns":2},{"damage":0,"enemies":"Snake Plant","floor":24,"turns":1},{"damage":0,"enemies":"Book of Stabbing","floor":25,"turns":3},{"damage":0,"enemies":"Slavers","floor":27,"turns":1},{"damage":0,"enemies":"Centurion and Healer","floor":28,"turns":2},{"damage":0,"enemies":"3 Cultists","floor":29,"turns":2},{"damage":0,"enemies":"Sentry and Sphere","floor":31,"turns":3},{"damage":0,"enemies":"Champ","floor":33,"turns":3},{"damage":0,"enemies":"Orb Walker","floor":35,"turns":1},{"damage":0,"enemies":"3 Shapes","floor":36,"turns":2},{"damage":0,"enemies":"Transient","floor":37,"turns":2},{"damage":0,"enemies":"Reptomancer","floor":40,"turns":2},{"damage":0,"enemies":"Nemesis","floor":42,"turns":3},{"damage":0,"enemies":"Giant Head","floor":44,"turns":1},{"damage":0,"enemies":"Writhing Mass","floor":47,"turns":2},{"damage":0,"enemies":"Donu and Deca","floor":50,"turns":2},{"damage":0,"enemies":"Awakened One","floor":51,"turns":3},{"damage":0,"enemies":"Shield and Spear","floor":55,"turns":1},{"damage":28,"enemies":"The Heart","floor":56,"turns":6}],"seed_played":"-5604611995527838596","potions_obtained":[{"floor":1.0,"key":"LiquidMemories"},{"floor":6.0,"key":"FocusPotion"},{"floor":13,"key":"DuplicationPotion"},{"floor":24,"key":"PotionOfCapacity"}],"is_trial":false,"path_per_floor":["M","?","?","M","?","E","R","M","T","E","M","$","E","M","R","B",null,"M","?","$","M","M","E","M","E","T","E","M","M","R","M","R","B",null,"M","M","M","?","$","E","$","E","T","E","R","?","M","?","R","B","B",null,"R","$","E","B",null],"character_chosen":"DEFECT","items_purchased":["Panache","AT_ThreeBodyProblem","Runic Capacitor","Oddly Smooth Stone","Orrery"],"campfire_rested":0,"item_purchase_floors":[12,20,39,54,54],"current_hp_per_floor":[64,42,31,31,22,18,18,18,18,18,18,18,18,18,18,18,53,53,53,53,53,53,53,53,53,53,53,53,53,53,53,53,53,61,61,61,61,61,61,61,61,61,61,63,63,59,59,59,59,59,59,69,69,75,77,49],"gold":222,"neow_bonus":"REMOVE_TWO","is_daily":false,"chose_seed":false,"campfire_upgraded":6,"win_rate":0.0,"timestamp":1608355769,"path_taken":["M","?","?","M","?","E","R","?","T","E","M","$","E","M","R","BOSS","M","?","$","M","M","E","M","E","T","E","M","M","R","M","R","BOSS","M","M","M","?","$","E","$","E","T","E","R","?","M","?","R","BOSS","BOSS","R","$","E","BOSS"],"items_purchased_type":["Card","Card","Relic","Relic","Relic"],"build_version":"2020-12-13","purchased_purges":5,"victory":true,"max_hp_per_floor":[64,64,64,64,64,64,64,64,64,64,64,64,64,64,64,64,64,64,64,64,64,64,64,64,64,64,64,64,64,64,64,64,64,64,64,64,64,64,64,64,64,64,64,66,66,72,72,72,72,72,72,72,72,78,80,80],"card_choices":[{"not_picked":["AT_WarpDrive","Streamline"],"picked":"Ball Lightning","floor":1.0},{"not_picked":["Streamline","Turbo"],"picked":"AT_DarkMatter","floor":4.0},{"not_picked":["Gash","Coolheaded"],"picked":"Electrodynamics","floor":6.0},{"not_picked":["Redo","Coolheaded"],"picked":"Consume","floor":8},{"not_picked":["Fusion","Compile Driver"],"picked":"Genetic Algorithm","floor":10},{"not_picked":["AT_RobotInSpace","Fusion"],"picked":"Turbo","floor":11},{"not_picked":["Tempest","Sweeping Beam","Electrodynamics"],"picked":"SKIP","floor":13},{"not_picked":["Tempest","Sweeping Beam","Electrodynamics"],"picked":"SKIP","floor":13},{"not_picked":["AT_HeatAcrobatics","Sweeping Beam"],"picked":"Gash","floor":14},{"not_picked":["Thunder Strike","Electrodynamics"],"picked":"Echo Form","floor":16},{"not_picked":["Streamline","Melter","Sweeping Beam"],"picked":"SKIP","floor":18},{"not_picked":["Hologram","Melter"],"picked":"AT_HeatAcrobatics","floor":21},{"not_picked":["Turbo","Hologram","Compile Driver"],"picked":"SKIP","floor":22},{"not_picked":["Lockon","Gash","Melter"],"picked":"SKIP","floor":23},{"not_picked":["Tempest","Hello World","Cold Snap+1"],"picked":"SKIP","floor":24},{"not_picked":["Redo","Rebound"],"picked":"Capacitor","floor":25},{"not_picked":["Beam Cell","Tempest","Blizzard"],"picked":"SKIP","floor":27},{"not_picked":["Beam Cell","Blizzard"],"picked":"Tempest","floor":27},{"not_picked":["Turbo","Reinforced Body","Redo"],"picked":"SKIP","floor":28},{"not_picked":["Doom and Gloom","Compile Driver","Turbo"],"picked":"SKIP","floor":29},{"not_picked":["Sweeping Beam","Beam Cell"],"picked":"AT_StudyProgram","floor":31},{"not_picked":["Multi-Cast","Creative AI"],"picked":"AT_WaterDrop","floor":33},{"not_picked":["Beam Cell","Stack+1","Sweeping Beam"],"picked":"SKIP","floor":35},{"not_picked":["Stack","Cold Snap","Steam"],"picked":"SKIP","floor":36},{"not_picked":["Reinforced Body","Redo+1","Coolheaded"],"picked":"SKIP","floor":37},{"not_picked":["Reprogram+1","Steam","Undo"],"picked":"SKIP","floor":40},{"not_picked":["Reprogram+1","Steam","Undo"],"picked":"SKIP","floor":40},{"not_picked":["Conserve Battery","Rainbow"],"picked":"Recycle+1","floor":42},{"not_picked":["Scrape+1","Leap","AT_HeatAcrobatics+1"],"picked":"Singing Bowl","floor":44},{"not_picked":["Master of Strategy","AT_LightSaberMaster","Deep Breath"],"picked":"Singing Bowl","floor":46},{"not_picked":["Swift Strike","The Bomb","Forethought"],"picked":"Singing Bowl","floor":46},{"not_picked":["Madness","Dramatic Entrance","Thinking Ahead"],"picked":"Singing Bowl","floor":46},{"not_picked":["FTL+1","Streamline+1"],"picked":"Coolheaded+1","floor":47},{"not_picked":["Cold Snap","Gash"],"picked":"Consume+1","floor":54},{"not_picked":["Sweeping Beam+1","Gash","Cold Snap+1"],"picked":"Singing Bowl","floor":54},{"not_picked":["Doom and Gloom","Hologram","Stack"],"picked":"Singing Bowl","floor":54},{"not_picked":["Cold Snap+1","Hello World+1"],"picked":"AT_ThreeBodyProblem","floor":54},{"not_picked":["Genetic Algorithm","Redo","AT_HeatAcrobatics"],"picked":"Singing Bowl","floor":54},{"not_picked":["Fusion","Go for the Eyes","Stack+1"],"picked":"Singing Bowl","floor":55}],"player_experience":2342178,"relics_obtained":[{"floor":6.0,"key":"AT_ImmortalShieldbow"},{"floor":9,"key":"Bag of Marbles"},{"floor":10,"key":"Boot"},{"floor":13,"key":"Du-Vu Doll"},{"floor":23,"key":"Nunchaku"},{"floor":25,"key":"PreservedInsect"},{"floor":27,"key":"Anchor"},{"floor":40,"key":"Sundial"},{"floor":42,"key":"Turnip"},{"floor":43,"key":"Singing Bowl"},{"floor":44,"key":"Whetstone"},{"floor":55,"key":"Vajra"}],"event_choices":[{"damage_healed":0.0,"max_hp_gain":0.0,"max_hp_loss":0.0,"gold_gain":0.0,"event_name":"Golden Idol","player_choice":"Take Damage","floor":2.0,"gold_loss":0.0,"damage_taken":22.0,"relics_obtained":["Golden Idol"]},{"damage_healed":0.0,"max_hp_gain":0.0,"max_hp_loss":0.0,"gold_gain":75.0,"event_name":"World of Goop","player_choice":"Gather Gold","floor":3.0,"gold_loss":0.0,"damage_taken":11.0},{"damage_healed":0.0,"max_hp_gain":0.0,"max_hp_loss":0.0,"gold_gain":0.0,"event_name":"Wheel of Change","player_choice":"Damaged","floor":5.0,"gold_loss":0.0,"damage_taken":9.0},{"damage_healed":0,"gold_gain":0,"player_choice":"Obtained Relic","damage_taken":0,"relics_obtained":["Smiling Mask"],"max_hp_gain":0,"max_hp_loss":0,"event_name":"Addict","floor":19,"gold_loss":85},{"damage_healed":0,"gold_gain":333,"player_choice":"Gave Idol","damage_taken":0,"max_hp_gain":0,"max_hp_loss":0,"event_name":"The Moai Head","floor":38,"relics_lost":["Golden Idol"],"gold_loss":0},{"damage_healed":0,"gold_gain":0,"player_choice":"Memory 3","damage_taken":10,"max_hp_gain":0,"max_hp_loss":0,"event_name":"SensoryStone","floor":46,"gold_loss":0},{"damage_healed":0,"gold_gain":0,"player_choice":"Ignored","damage_taken":0,"max_hp_gain":0,"max_hp_loss":0,"event_name":"Tomb of Lord Red Mask","floor":48,"gold_loss":0}],"is_beta":false,"boss_relics":[{"not_picked":["Velvet Choker","Fusion Hammer"],"picked":"AT_TrinityForce"},{"not_picked":["Sozu","Astrolabe"],"picked":"FrozenCore"}],"items_purged_floors":[12,20,39,41,54],"is_endless":false,"potions_floor_spawned":[1,6,10,13,21,24,25,28,29,33,40,42,44,47,55],"ascension_level":20}}