{"host":"drrjwv4o5ms3zsrm","time":1608390502,"event":{"mods":["ATMod(°¢èªMod)","Act Like it!","Aspiration","BaseMod","CapriCore","Colored Powertips","Friendly Minions","Gensokyo","Jedi Mod","Kiyohime£¨Çå¼§£©","Marisa£¨ìFÓê¡¡Ä§ÀíÉ³£©","Minty Spire (QoL Compilation)","MostiFishMod","Reimu£¨²©ÀöÁéÃÎ£©","Replay The Spire","RumiaBox-Â¶Ã×æ«µÄÉñÃØºÐ×Ó","StSLib","TestMod","The Alterego","The Immortal","Waifu the Spire","Youmu£¨»êÆÇÑýÃÎ£©","[IsaacMod]ÒÔÈö¼âËþ","vexMod","¡¾ÒÅÎï¿¨ÅÆ¡¿REMEMod","óô»ðÖ¸ÄÏ"],"gold_per_floor":[111,125,145,145,166,207,234,255,255,52,52,75,75,0,0,114,114,136,136,161,161,190,223,223,279,329,361,379,412,412,432,22,142,142,773,291,315,4,0,39,39,60,83,112,131,199,199,214,214,228],"floor_reached":51,"playtime":1429,"items_purged":["alterego_mod:Defend","alterego_mod:Defend","alterego_mod:Defend"],"score":1019,"play_id":"fffada9e-70a9-45cf-bd08-675d0de31122","local_time":"20201219230822","is_ascension_mode":false,"campfire_choices":[{"data":"AT_FamilyPortrait","floor":11,"key":"SMITH"},{"data":"alterego_mod:Birthday","floor":13,"key":"SMITH"},{"data":"Adrenaline","floor":15,"key":"SMITH"},{"data":"alterego_mod:Rip","floor":24,"key":"SMITH"},{"data":"ReplayUltimateDefense","floor":41,"key":"SMITH"},{"data":"alterego_mod:Weigh","floor":47,"key":"SMITH"},{"data":"alterego_mod:Palingenesis","floor":49,"key":"SMITH"}],"circlet_count":0,"master_deck":["alterego_mod:Strike","alterego_mod:Strike","alterego_mod:Strike","alterego_mod:Strike","alterego_mod:Defend","alterego_mod:Impale","alterego_mod:BigMeatyClaws","alterego_mod:BrynhildrsRune","AT_FamilyPortrait+1","Adrenaline+1","alterego_mod:Undulate","alterego_mod:Stockings","alterego_mod:MaintainEyeContact","alterego_mod:RidiculouslyBig","alterego_mod:Birthday+1","alterego_mod:Smother","alterego_mod:Undulate","alterego_mod:BrynhildrRomantia","alterego_mod:Rip+1","alterego_mod:Birthday+1","alterego_mod:BrynhildrRomantia","alterego_mod:Swimsuit+1","alterego_mod:Palingenesis+1","alterego_mod:Bounce+1","ReplayUltimateDefense+1","alterego_mod:PainIsPleasure","alterego_mod:Venus","alterego_mod:Rake","testmod-BackupPower","alterego_mod:Bounce+1","Good Instincts","alterego_mod:Valkyrie","alterego_mod:Bounce+1","alterego_mod:Weigh+1"],"relics":["alterego_mod:MasochisticConstitution","testmod-TestBox","DaveBox","HushsDoor","AT_ATBox","REME_ComplimentaryCards","testmod-DeterminationOfClimber","DianDianMeat","GuppysHead","NeowsBlessing","Question Card","Sundial","ReplayTheSpireMod:Ninjato","AT_ChloranthyRing","ImportantClient","PatriotShield","Damocles","GuppysHairball","Nunchaku","AT_RedTearstoneRing","testmod-HeartOfStrike","Gremlin Horn","Replay:Wax Seal","Singing Bowl","aspiration:StickyExplosives","Tiny Chest","Centennial Puzzle","jedi:Pinwheel","Shuriken","vexMod:ScavengeHelm","Bottled Lightning","Philosopher\u0027s Stone","SSSystem","vexMod:Dragonfruit","testmod-TurbochargingSystem","AT_Kusabimaru","Lee\u0027s Waffle","vexMod:InvisibilityCloak","Red Mask","ZombieArmy","jedi:firstaidkit","Replay:Bottled Eggs","vexMod:MemoryStick","Pen Nib","GnawedLeaf","Snack Pack","CatCart","Divine Protection","Letter Opener"],"acts_visited":["Exordium","TheCity","TheBeyond"],"potions_floor_usage":[],"damage_taken":[{"damage":0,"enemies":"Jaw Worm","floor":1,"turns":1},{"damage":0,"enemies":"Small Slimes","floor":2,"turns":1},{"damage":0,"enemies":"Cultist","floor":3,"turns":1},{"damage":0,"enemies":"Blue Slaver","floor":5,"turns":1},{"damage":1,"enemies":"3 Sentries","floor":6,"turns":3},{"damage":0,"enemies":"Exordium Wildlife","floor":7,"turns":2},{"damage":0,"enemies":"2 Fungi Beasts","floor":8,"turns":1},{"damage":0,"enemies":"Red Slaver","floor":12,"turns":2},{"damage":0,"enemies":"Slime Boss","floor":16,"turns":1},{"damage":0,"enemies":"2 Thieves","floor":18,"turns":1},{"damage":0,"enemies":"Chosen","floor":20,"turns":1},{"damage":0,"enemies":"Sentry and Sphere","floor":22,"turns":1},{"damage":0,"enemies":"Slavers","floor":23,"turns":1},{"damage":0,"enemies":"REME_1_Revenger","floor":27,"turns":1},{"damage":0,"enemies":"Snecko","floor":28,"turns":1},{"damage":0,"enemies":"Gremlin Leader","floor":29,"turns":1},{"damage":0,"enemies":"Centurion and Healer","floor":31,"turns":1},{"damage":0,"enemies":"Champ","floor":33,"turns":1},{"damage":0,"enemies":"3 Darklings","floor":35,"turns":1},{"damage":0,"enemies":"3 Shapes","floor":37,"turns":1},{"damage":0,"enemies":"Giant Head","floor":40,"turns":1},{"damage":0,"enemies":"Maw","floor":42,"turns":1},{"damage":0,"enemies":"R_Hoarder","floor":44,"turns":1},{"damage":0,"enemies":"3 Darklings","floor":45,"turns":1},{"damage":0,"enemies":"Orin","floor":46,"turns":2},{"damage":0,"enemies":"Sphere and 2 Shapes","floor":48,"turns":1},{"damage":0,"enemies":"Replay:Hell Engine","floor":50,"turns":1}],"seed_played":"3348732949742718695","potions_obtained":[{"floor":3,"key":"LiquidBronze"},{"floor":5,"key":"Adrenaline Potion"},{"floor":6,"key":"ColorlessPotion"},{"floor":16,"key":"jedi:wingpotion"},{"floor":20,"key":"SkillPotion"},{"floor":42,"key":"LiquidBronze"}],"is_trial":false,"path_per_floor":["M","M","M","?","M","E","M","M","T","$","R","M","R","$","R","B",null,"M","?","M","?","M","E","R","?","T","E","M","E","T","M","R","B",null,"M","$","M","$","?","E","R","M","T","E","M","?","R","M","R","B",null],"character_chosen":"The_Alterego","items_purchased":["AT_ChloranthyRing","alterego_mod:Undulate","Damocles","GuppysHairball","Bottled Lightning","ReplayUltimateDefense","alterego_mod:Venus","alterego_mod:Rake","testmod-BackupPower","vexMod:Dragonfruit","Good Instincts","testmod-TurbochargingSystem","Lee\u0027s Waffle","vexMod:InvisibilityCloak"],"campfire_rested":0,"item_purchase_floors":[10,10,17,17,32,32,34,34,34,36,36,36,38,38],"current_hp_per_floor":[76,80,85,85,91,92,99,107,107,116,116,116,116,116,116,126,106,116,116,127,127,139,138,138,123,123,139,152,167,167,182,199,216,261,283,311,313,320,320,344,344,369,369,399,401,402,402,404,404,404],"gold":228,"neow_bonus":"THREE_ENEMY_KILL","is_daily":false,"chose_seed":false,"campfire_upgraded":7,"win_rate":0.0,"timestamp":1608390502,"path_taken":["M","M","M","?","M","E","M","M","T","$","R","M","R","$","R","BOSS","M","?","M","?","M","E","R","?","T","E","M","E","?","M","R","BOSS","M","$","M","$","?","E","R","M","T","E","M","?","R","M","R","BOSS"],"items_purchased_type":["Relic","Card","Relic","Relic","Relic","Card","Card","Card","Card","Relic","Card","Relic","Relic","Relic"],"build_version":"2020-12-13","purchased_purges":3,"victory":true,"max_hp_per_floor":[76,80,85,85,91,92,99,107,107,116,116,116,116,116,116,126,106,116,116,127,127,139,138,138,138,138,139,152,167,167,182,199,216,261,283,311,313,320,320,344,344,369,369,399,401,402,402,404,404,404],"card_choices":[{"not_picked":["alterego_mod:Punishment","alterego_mod:Jiggle"],"picked":"alterego_mod:Undulate","floor":1},{"not_picked":["alterego_mod:Bloomers","alterego_mod:Complex","alterego_mod:DeftHands"],"picked":"alterego_mod:Stockings","floor":2},{"not_picked":["alterego_mod:1TonWallop","alterego_mod:ChallengeComplete","alterego_mod:Cycle"],"picked":"alterego_mod:MaintainEyeContact","floor":3},{"not_picked":["alterego_mod:Valentines","alterego_mod:Pet","alterego_mod:Clap"],"picked":"alterego_mod:RidiculouslyBig","floor":5},{"not_picked":["alterego_mod:Palingenesis","alterego_mod:Exercise","alterego_mod:SakuraFive","alterego_mod:ChallengeComplete"],"picked":"SKIP","floor":6},{"not_picked":["alterego_mod:PerceptionDisorder","alterego_mod:Complex","alterego_mod:Pet"],"picked":"alterego_mod:Birthday","floor":7},{"not_picked":["alterego_mod:Jiggle","alterego_mod:RidiculouslyBig","alterego_mod:Pet"],"picked":"alterego_mod:Smother","floor":8},{"not_picked":["alterego_mod:DiscoLights","alterego_mod:SakuraFive","alterego_mod:Clap","alterego_mod:GachaTicket"],"picked":"SKIP","floor":12},{"not_picked":["alterego_mod:Palingenesis","alterego_mod:AlterEgo","alterego_mod:Alter"],"picked":"alterego_mod:BrynhildrRomantia","floor":16},{"not_picked":["alterego_mod:PerceptionDisorder+1","alterego_mod:Maid+1","alterego_mod:Punishment"],"picked":"alterego_mod:Rip","floor":18},{"not_picked":["alterego_mod:BreastValley+1","alterego_mod:TrashNCrash","alterego_mod:Cooking"],"picked":"alterego_mod:Birthday+1","floor":20},{"not_picked":["alterego_mod:RocketPunch","alterego_mod:Rip","alterego_mod:SakuraPetals+1"],"picked":"alterego_mod:BrynhildrRomantia","floor":22},{"not_picked":["alterego_mod:Table","alterego_mod:BiFurious","alterego_mod:DeftHands","alterego_mod:SakuraFive"],"picked":"SKIP","floor":23},{"not_picked":["alterego_mod:Jiggle+1","alterego_mod:MagicResistance","alterego_mod:Mirror","alterego_mod:SuperDuperMasochism"],"picked":"Singing Bowl","floor":27},{"not_picked":["alterego_mod:Skirt","alterego_mod:IndependentAction","alterego_mod:BiFurious+1"],"picked":"alterego_mod:Swimsuit+1","floor":28},{"not_picked":["alterego_mod:Lingerie","alterego_mod:HighServant","alterego_mod:BiFurious"],"picked":"alterego_mod:Palingenesis","floor":29},{"not_picked":["alterego_mod:DeftHands+1","alterego_mod:Table","alterego_mod:MagicResistance"],"picked":"alterego_mod:Bounce","floor":31},{"not_picked":["alterego_mod:AlterEgo","alterego_mod:BrynhildrRomantia","alterego_mod:Valkyrie"],"picked":"alterego_mod:PainIsPleasure","floor":33},{"not_picked":["alterego_mod:Skirt+1","alterego_mod:HighServant","alterego_mod:GoddessCore"],"picked":"alterego_mod:Bounce+1","floor":35},{"not_picked":["alterego_mod:SakuraFive","alterego_mod:Skirt+1","alterego_mod:Alter","alterego_mod:Clones+1"],"picked":"Singing Bowl","floor":37},{"not_picked":["alterego_mod:Clap+1","alterego_mod:SuperDuperMasochism+1","alterego_mod:Cycle"],"picked":"alterego_mod:Valkyrie","floor":40},{"not_picked":["alterego_mod:Support+1","alterego_mod:TrashNCrash","alterego_mod:Pet+1"],"picked":"alterego_mod:Bounce+1","floor":42},{"not_picked":["alterego_mod:Valkyrie","alterego_mod:DeftHands+1","alterego_mod:1TonWallop+1"],"picked":"alterego_mod:Weigh","floor":44},{"not_picked":["alterego_mod:MagicResistance","alterego_mod:GoddessCore","alterego_mod:Exercise+1","alterego_mod:TrashNCrash+1"],"picked":"Singing Bowl","floor":45},{"not_picked":["alterego_mod:PerceptionDisorder","alterego_mod:SakuraLabyrinth+1","alterego_mod:Swimsuit+1","alterego_mod:1TonWallop+1"],"picked":"Singing Bowl","floor":46},{"not_picked":["alterego_mod:Schoolgirl+1","alterego_mod:BoobPocket+1","alterego_mod:Swimsuit+1","alterego_mod:Birthday"],"picked":"Singing Bowl","floor":48}],"player_experience":346868,"relics_obtained":[{"floor":1,"key":"Question Card"},{"floor":6,"key":"Sundial"},{"floor":9,"key":"ReplayTheSpireMod:Ninjato"},{"floor":16,"key":"ImportantClient"},{"floor":18,"key":"Nunchaku"},{"floor":20,"key":"AT_RedTearstoneRing"},{"floor":22,"key":"testmod-HeartOfStrike"},{"floor":23,"key":"Gremlin Horn"},{"floor":26,"key":"Replay:Wax Seal"},{"floor":27,"key":"Singing Bowl"},{"floor":27,"key":"aspiration:StickyExplosives"},{"floor":28,"key":"Tiny Chest"},{"floor":29,"key":"Centennial Puzzle"},{"floor":29,"key":"jedi:Pinwheel"},{"floor":30,"key":"Shuriken"},{"floor":31,"key":"vexMod:ScavengeHelm"},{"floor":35,"key":"SSSystem"},{"floor":37,"key":"AT_Kusabimaru"},{"floor":40,"key":"ZombieArmy"},{"floor":40,"key":"jedi:firstaidkit"},{"floor":42,"key":"Replay:Bottled Eggs"},{"floor":43,"key":"vexMod:MemoryStick"},{"floor":44,"key":"Pen Nib"},{"floor":44,"key":"GnawedLeaf"},{"floor":45,"key":"Snack Pack"},{"floor":46,"key":"CatCart"},{"floor":46,"key":"Divine Protection"},{"floor":48,"key":"Letter Opener"}],"event_choices":[{"damage_healed":0,"gold_gain":0,"player_choice":"Paid","damage_taken":0,"relics_obtained":["Red Mask"],"max_hp_gain":0,"max_hp_loss":0,"event_name":"Tomb of Lord Red Mask","floor":39,"gold_loss":4},{"damage_healed":0,"gold_gain":0,"player_choice":"Fight","damage_taken":0,"max_hp_gain":0,"max_hp_loss":0,"event_name":"OrinTheCat","floor":46,"gold_loss":0}],"is_beta":false,"boss_relics":[{"not_picked":["testmod-DreamHouse","testmod-KeyOfTheVoid"],"picked":"PatriotShield"},{"not_picked":[]},{"not_picked":["aspiration:DefectSkillbook","MostiFishMod:Hod"],"picked":"Philosopher\u0027s Stone"},{"not_picked":[]}],"items_purged_floors":[14,34,36],"is_endless":false,"potions_floor_spawned":[3,5,6,12,16,18,20,23,28,42,45,48],"ascension_level":0}}