{"host":"cyh4fejqtcjbfr7k","time":1608352985,"event":{"mods":["2.2 Compatiblity","AchievementEnabler","BaseMod","Colored Map","Colored Powertips","DeckTracker","Downfall","Googly Eyes","Hubris","Infinite Spire","Minty Spire (QoL Compilation)","Replay The Spire","Shop Mod","StSLib","SuperFastMode","Unceasing Turn Reminder"],"gold_per_floor":[119,50,125,143,143,143,171,171,171,202,231,78,113,132,132,231,231,244,244,263,263,275,275,291,291,291,318,318,318,318,337,337,438,438,456,54,54,69,79,79,79,79],"floor_reached":41,"playtime":2424,"items_purged":["Strike_P"],"score":452,"play_id":"8ff92edd-86f4-4577-a452-5de7d6542bba","local_time":"20201218214305","is_ascension_mode":false,"campfire_choices":[{"floor":6,"key":"REST"},{"floor":8,"key":"REST"},{"data":"BattleHymn","floor":15,"key":"SMITH"},{"data":"DevaForm","floor":23,"key":"SMITH"},{"data":"ReplayTheSpireMod:Book of Names","floor":23,"key":"SMITH"},{"floor":25,"key":"REST"},{"floor":29,"key":"REST"},{"floor":32,"key":"REST"},{"floor":40,"key":"REST"}],"circlet_count":0,"master_deck":["Strike_P","Strike_P+1","Defend_P+1","Defend_P+1","Defend_P+1","Eruption","Vigilance","expansioncontent:ChargeUp+1","EmptyFist+1","BattleHymn+1","EmptyBody+1","Pray","hubris:DuctTapeCard","LessonLearned+1","Crescendo","ReachHeaven","Protect+1","DevaForm+1","Prostrate+1","ReplayTheSpireMod:Book of Names+1","Evaluate+1","ClearTheMind","FlurryOfBlows","FollowUp","Replay:LoomingThreat","Study+1","WindmillStrike+1","Crescendo+1"],"relics":["PureWater","hubris:TinFlute","Odd Mushroom","Anchor","Replay:Arrowhead","Eternal Feather","Happy Flower","ChewingGum","Membership Card","MerchantsRug","Letter Opener","Pondfish Scales"],"acts_visited":["Exordium","TheCity","TheBeyond"],"potions_floor_usage":[16,18,20,22,24,33,41],"damage_taken":[{"damage":4,"enemies":"Cultist","floor":1,"turns":5},{"damage":6,"enemies":"Jaw Worm","floor":4,"turns":3},{"damage":15,"enemies":"3 Sentries","floor":7,"turns":9},{"damage":0,"enemies":"Gremlin Nob","floor":10,"turns":3},{"damage":17,"enemies":"The Mushroom Lair","floor":11,"turns":8},{"damage":10,"enemies":"3 Sentries","floor":13,"turns":6},{"damage":0,"enemies":"2 Louse","floor":14,"turns":2},{"damage":33,"enemies":"The Guardian","floor":16,"turns":7},{"damage":6,"enemies":"Chosen","floor":18,"turns":5},{"damage":16,"enemies":"3 Byrds","floor":20,"turns":9},{"damage":14,"enemies":"Cultist and Chosen","floor":22,"turns":7},{"damage":20,"enemies":"3 Cultists","floor":24,"turns":5},{"damage":40,"enemies":"Slavers","floor":27,"turns":7},{"damage":22,"enemies":"Snake Plant","floor":31,"turns":4},{"damage":53,"enemies":"hubris:MusketHawk","floor":33,"turns":7},{"damage":39,"enemies":"3 Darklings","floor":35,"turns":4},{"damage":6,"enemies":"Orb Walker","floor":38,"turns":4},{"damage":24,"enemies":"Jaw Worm Horde","floor":39,"turns":5}],"seed_played":"3895475404728998136","potions_obtained":[{"floor":1,"key":"Milkshake"},{"floor":4,"key":"GamblersBrew"},{"floor":11,"key":"Weak Potion"},{"floor":18,"key":"SkillPotion"},{"floor":20,"key":"Regen Potion"},{"floor":31,"key":"FearPotion"},{"floor":39,"key":"GamblersBrew"}],"is_trial":false,"path_per_floor":["M","$","?","M","?","R","E","R","T","E","?","$","E","M","R","B",null,"M","?","M","AVR","M","R","M","R","T","E","?","R","?","M","R","B",null,"M","$","?","M","M","R","M"],"character_chosen":"WATCHER","items_purchased":["BattleHymn","Lee\u0027s Waffle","Membership Card","MerchantsRug","Letter Opener","Pondfish Scales"],"campfire_rested":6,"item_purchase_floors":[2,12,36,36,36,36],"current_hp_per_floor":[68,68,61,55,55,72,57,72,72,72,55,79,69,69,69,36,79,73,73,57,57,52,52,32,55,55,15,15,50,44,22,60,7,79,40,40,40,34,10,48,0,0],"gold":79,"neow_bonus":"RANDOM_COLORLESS","is_daily":false,"chose_seed":false,"campfire_upgraded":3,"win_rate":0.0,"timestamp":1608352985,"path_taken":["M","?","?","?","?","R","E","R","T","E","?","$","E","M","R","BOSS","M","?","M","AVR","M","R","M","R","T","E","?","R","?","M","R","BOSS","M","?","?","M","M","R","M"],"items_purchased_type":["Card","Relic","Relic","Relic","Relic","Relic"],"build_version":"2020-12-13","purchased_purges":1,"victory":false,"max_hp_per_floor":[72,72,72,72,72,72,72,72,72,72,72,79,79,79,79,79,79,79,79,79,79,79,79,79,79,79,79,79,79,79,79,79,79,79,79,79,79,79,79,79,79,79],"card_choices":[{"not_picked":["expansioncontent:YouAreMine","Survey Options"],"picked":"expansioncontent:ChargeUp","floor":0},{"not_picked":["Replay:Anticipation","FlyingSleeves"],"picked":"EmptyFist","floor":1},{"not_picked":["WindmillStrike","Replay:BluntJabs"],"picked":"EmptyBody","floor":4},{"not_picked":["ThirdEye","Meditate"],"picked":"Pray","floor":7},{"not_picked":["WindmillStrike","MentalFortress"],"picked":"LessonLearned","floor":10},{"not_picked":["Replay:ManipulateFuture","PathToVictory"],"picked":"Crescendo","floor":11},{"not_picked":["Replay:AtTheReady","ThirdEye"],"picked":"ReachHeaven","floor":13},{"not_picked":["WreathOfFlame","Tantrum"],"picked":"Protect","floor":14},{"not_picked":["DeusExMachina","Blasphemy"],"picked":"DevaForm","floor":16},{"not_picked":["Replay:Battleflow","Weave","WheelKick+1"],"picked":"SKIP","floor":18},{"not_picked":["Replay:Battleflow","Replay:ManipulateFuture"],"picked":"Prostrate+1","floor":20},{"not_picked":["BowlingBash","FollowUp"],"picked":"Evaluate+1","floor":22},{"not_picked":["Crescendo","SignatureMove+1"],"picked":"ClearTheMind","floor":24},{"not_picked":["Omniscience","CutThroughFate"],"picked":"FlurryOfBlows","floor":27},{"not_picked":["Crescendo","Replay:Hum"],"picked":"FollowUp","floor":31},{"not_picked":["DevaForm","Blasphemy"],"picked":"Replay:LoomingThreat","floor":33},{"not_picked":["CrushJoints","JustLucky+1"],"picked":"Study+1","floor":35},{"not_picked":["EmptyFist","PathToVictory+1"],"picked":"WindmillStrike+1","floor":38},{"not_picked":["Replay:BluntJabs","BowlingBash+1"],"picked":"Crescendo+1","floor":39}],"player_experience":582310,"relics_obtained":[{"floor":7,"key":"Replay:Bottled Eggs"},{"floor":9,"key":"hubris:DuctTape"},{"floor":10,"key":"hubris:TinFlute"},{"floor":11,"key":"Odd Mushroom"},{"floor":13,"key":"Anchor"},{"floor":26,"key":"Eternal Feather"},{"floor":27,"key":"Happy Flower"}],"event_choices":[{"damage_healed":0,"gold_gain":75,"player_choice":"Touch","damage_taken":7,"max_hp_gain":0,"max_hp_loss":0,"event_name":"FaceTrader","floor":3,"gold_loss":0},{"damage_healed":0,"gold_gain":0,"player_choice":"Fought Mushrooms","damage_taken":0,"max_hp_gain":0,"max_hp_loss":0,"event_name":"Mushrooms","floor":11,"gold_loss":0},{"damage_healed":0,"gold_gain":0,"player_choice":"","damage_taken":6,"max_hp_gain":0,"max_hp_loss":0,"event_name":"Knowing Skull","floor":30,"potions_obtained":[],"gold_loss":0,"cards_obtained":[]}],"is_beta":false,"boss_relics":[{"not_picked":["Ectoplasm","Replay:Wanted Poster","Calling Bell"]},{"not_picked":["Astrolabe","Ring of Chaos"],"picked":"ChewingGum"}],"items_purged_floors":[36],"is_endless":false,"potions_floor_spawned":[1,4,11,18,20,31,39],"killed_by":"4 Shapes","ascension_level":0}}