{"host":"jpol0bbzretdyr3c","time":1608342352,"event":{"mods":["Act Like it!","BaseMod","Colored Map","Downfall","Gensokyo","Googly Eyes","Hallownest","Koishi","Marisa????????","Minty Spire (QoL Compilation)","Replay The Spire","StSLib","The Jungle","The Servant 0.9.4"],"gold_per_floor":[99,114,134,29,29,29,29,29,60,60,60,79,14,25,43,138,138,138,173,173,185,213,213,264,264,281,281,281,301,314,314,327,327,327],"floor_reached":33,"playtime":2268,"items_purged":[],"score":285,"play_id":"01c07ef8-0748-4fdc-8d15-85e0256c2e04","local_time":"20201218174552","is_ascension_mode":false,"campfire_choices":[{"floor":1,"key":"RECALL"},{"data":"sneckomod:Unknown","floor":8,"key":"SMITH"},{"data":"sneckomod:TailWhip","floor":10,"key":"SMITH"},{"data":"sneckomod:UnknownClassDARK_GREEN_COLOR","floor":18,"key":"SMITH"},{"floor":20,"key":"REST"},{"floor":23,"key":"REST"},{"data":"sneckomod:MorePower","floor":27,"key":"SMITH"}],"circlet_count":0,"master_deck":["sneckomod:Strike","sneckomod:Strike","sneckomod:Defend","sneckomod:Defend","sneckomod:Defend","sneckomod:TailWhip+1","sneckomod:SnekBite","sneckomod:Unknown+1","sneckomod:Unknown","sneckomod:UnknownUncommonSkill","sneckomod:UnknownClassGUARDIAN","sneckomod:UnknownClassDARK_GREEN_COLOR+1","sneckomod:UnknownStrike","sneckomod:UnknownClassMARISA_DERIVATIONS+1","sneckomod:DiceCrush","Looming Evil","sneckomod:IronFang","sneckomod:ImprovisedGuard","sneckomod:UnknownBlock","sneckomod:UnknownCommonAttack","sneckomod:DefensiveFlair","sneckomod:DangerNoodle","sneckomod:UnknownClassDARK_GREEN_COLOR+1","sneckomod:UnknownUncommonAttack","sneckomod:DiceCrush+1","sneckomod:MorePower+1","sneckomod:UnknownX+1","sneckomod:DiceBoulder+1","sneckomod:UnknownUncommonAttack+1","sneckomod:UnknownExhaust+1"],"relics":["sneckomod:SneckoSoul","sneckomod:ConfusingCodex","Ring of Searing","ReplayTheSpireMod:Ring of Addiction","SacredBark","Toy Ornithopter","Painkiller Herb","Juzu Bracelet","Replay:Accelerometer","Regal Pillow","Frozen Eye"],"acts_visited":["Exordium","TheCity"],"potions_floor_usage":[12,16,22,33],"damage_taken":[{"damage":4,"enemies":"Cultist","floor":2,"turns":3},{"damage":3,"enemies":"Jaw Worm","floor":3,"turns":5},{"damage":10,"enemies":"downfall:FleeingMerchant","floor":4,"turns":4},{"damage":15,"enemies":"Lagavulin","floor":9,"turns":4},{"damage":5,"enemies":"2 Louse","floor":12,"turns":3},{"damage":12,"enemies":"downfall:FleeingMerchant","floor":13,"turns":4},{"damage":6,"enemies":"2 Fungi Beasts","floor":14,"turns":4},{"damage":10,"enemies":"Exordium Thugs","floor":15,"turns":3},{"damage":50,"enemies":"downfall:Defect","floor":16,"turns":7},{"damage":47,"enemies":"Book of Stabbing","floor":19,"turns":5},{"damage":17,"enemies":"Spheric Guardian","floor":21,"turns":5},{"damage":32,"enemies":"Slavers","floor":22,"turns":6},{"damage":0,"enemies":"Chosen","floor":26,"turns":3},{"damage":5,"enemies":"Shelled Parasite and Fungi","floor":29,"turns":4},{"damage":0,"enemies":"Snecko","floor":30,"turns":2},{"damage":14,"enemies":"Snake Plant","floor":32,"turns":4},{"damage":217,"enemies":"downfall:Silent","floor":33,"turns":9}],"seed_played":"-1906990771717646810","potions_obtained":[{"floor":2,"key":"hexamod:EctoCoolerPotion"},{"floor":11,"key":"Elixir"},{"floor":11,"key":"sneckomod:MuddlingPotion"},{"floor":11,"key":"LifebloodPotion"},{"floor":12,"key":"Adrenaline Potion"},{"floor":14,"key":"Adrenaline Potion"},{"floor":19,"key":"Energy Potion"},{"floor":29,"key":"sneckomod:OffclassReductionPotion"}],"is_trial":false,"path_per_floor":["R_BF","M","M","$","?","?","T","R","E","R","?","M","$","M","M","B",null,"T","E","T","?","E","T","T","?","?","T","?","?","?","?","?","B"],"character_chosen":"THE_SNECKO","items_purchased":["sneckomod:UnknownStrike","sneckomod:UnknownClassMARISA_DERIVATIONS","sneckomod:UnknownBlock"],"campfire_rested":2,"item_purchase_floors":[4,4,13],"current_hp_per_floor":[99,96,94,87,87,87,87,87,74,74,74,74,63,58,48,3,104,104,58,88,72,45,76,76,76,76,76,76,72,73,73,62,0,0],"gold":327,"neow_bonus":"TEN_PERCENT_HP_BONUS","is_daily":false,"chose_seed":false,"campfire_upgraded":4,"win_rate":0.0,"timestamp":1608342352,"path_taken":["R_BF","M","M","?","?","?","T","R","E","R","?","?","$","M","M","BOSS","T","E","T","?","E","T","T","?","?","T","?","?","?","?","?","BOSS"],"items_purchased_type":["Card","Card","Card"],"build_version":"2020-12-13","purchased_purges":0,"victory":false,"max_hp_per_floor":[99,100,101,104,104,104,104,104,104,104,104,104,105,106,106,104,104,104,105,103,104,104,104,104,104,102,102,102,101,102,102,101,101,101],"card_choices":[{"not_picked":["sneckomod:QuickMove","sneckomod:UnknownClassMARISA_COLOR"],"picked":"sneckomod:UnknownUncommonSkill","floor":2},{"not_picked":["sneckomod:CheapStock","sneckomod:UnknownBlock"],"picked":"sneckomod:UnknownClassGUARDIAN","floor":3},{"not_picked":["sneckomod:UnknownCommonAttack","sneckomod:UnknownCommonSkill"],"picked":"sneckomod:UnknownClassDARK_GREEN_COLOR","floor":4},{"not_picked":["sneckomod:SlitherStrike","sneckomod:Unknown0Cost"],"picked":"sneckomod:DiceCrush","floor":9},{"not_picked":["sneckomod:RainOfDice","sneckomod:QuickBite"],"picked":"sneckomod:IronFang","floor":12},{"not_picked":["sneckomod:DangerNoodle","sneckomod:SoulCleanse"],"picked":"sneckomod:ImprovisedGuard","floor":13},{"not_picked":["sneckomod:IronFang","sneckomod:UnknownCommonSkill"],"picked":"sneckomod:UnknownCommonAttack","floor":14},{"not_picked":["sneckomod:IronFang","sneckomod:UnknownCommonSkill"],"picked":"sneckomod:DefensiveFlair","floor":15},{"not_picked":["sneckomod:SerpentMind","sneckomod:Mudshield"],"picked":"sneckomod:DangerNoodle","floor":16},{"not_picked":["sneckomod:UnknownX","sneckomod:RainOfDice+1"],"picked":"sneckomod:UnknownClassDARK_GREEN_COLOR","floor":19},{"not_picked":["sneckomod:Unknown1Cost","sneckomod:UnknownClassGUARDIAN"],"picked":"sneckomod:UnknownUncommonAttack","floor":21},{"not_picked":["sneckomod:DiceBlock","sneckomod:ImprovisedGuard"],"picked":"sneckomod:DiceCrush+1","floor":22},{"not_picked":["sneckomod:UnknownWeak","sneckomod:SoulRoll+1"],"picked":"sneckomod:MorePower","floor":26},{"not_picked":["sneckomod:UnknownCommonSkill+1","sneckomod:UnknownClassRED+1"],"picked":"sneckomod:UnknownX+1","floor":29},{"not_picked":["sneckomod:UnknownClassTHE_CHAMP_GRAY","sneckomod:IronFang"],"picked":"sneckomod:DiceBoulder+1","floor":29},{"not_picked":["sneckomod:UnknownBlock","sneckomod:DiceCrush"],"picked":"sneckomod:UnknownUncommonAttack+1","floor":30},{"not_picked":["sneckomod:SoulDraw","sneckomod:UnknownStrike"],"picked":"sneckomod:UnknownExhaust+1","floor":32}],"player_experience":428298,"relics_obtained":[{"floor":9,"key":"sneckomod:ConfusingCodex"},{"floor":11,"key":"Ring of Searing"},{"floor":11,"key":"ReplayTheSpireMod:Ring of Addiction"},{"floor":11,"key":"SacredBark"},{"floor":11,"key":"Toy Ornithopter"},{"floor":19,"key":"Juzu Bracelet"},{"floor":22,"key":"Replay:Accelerometer"},{"floor":24,"key":"Regal Pillow"}],"event_choices":[{"damage_healed":0,"gold_gain":0,"player_choice":"Upgraded","damage_taken":0,"max_hp_gain":0,"max_hp_loss":0,"event_name":"Upgrade Shrine","floor":28,"gold_loss":0,"cards_upgraded":["sneckomod:UnknownClassDARK_GREEN_COLOR"]},{"damage_healed":0,"gold_gain":0,"player_choice":"Ignored","damage_taken":0,"max_hp_gain":0,"max_hp_loss":0,"event_name":"Ghosts","floor":31,"gold_loss":0}],"is_beta":false,"boss_relics":[{"not_picked":["Fusion Hammer","Ring of Chaos"],"picked":"Painkiller Herb"}],"items_purged_floors":[],"is_endless":false,"potions_floor_spawned":[2,12,14,15,19,29],"killed_by":"downfall:Silent","ascension_level":0}}