{"host":"51fyd6gkml7xavq8","time":1608416737,"event":{"mods":["BaseMod","BetterRewards","Colored Map","Energized Spire","Infinite Spire","Minty Spire (QoL Compilation)","Replay The Spire","Shop Mod","Spicy Shops","StSLib","The Blue Laboratory","[IsaacMod]????"],"gold_per_floor":[119,119,129,479,105,105,133,133,133,179,179,179,209,236,236,381,381,407,478,577,310,235,235,245,245],"floor_reached":24,"playtime":961,"items_purged":["Defend_G","Hallucinations","Pain"],"score":387,"play_id":"03bb1992-7084-4269-b6d0-b5501e5d40db","local_time":"20201219192537","is_ascension_mode":true,"campfire_choices":[{"floor":6.0,"key":"REST"},{"data":"Catalyst","floor":8.0,"key":"SMITH"},{"data":"ReplayTheSpireMod:Doomed","floor":15.0,"key":"PURGE"},{"data":"Amnesia","floor":23,"key":"PURGE"}],"circlet_count":0,"master_deck":["Strike_G","Strike_G","Strike_G","Strike_G","Strike_G","Defend_G","Defend_G","Defend_G","Defend_G","Survivor","Neutralize","Catalyst+1","Footwork","Bane","ReplayTheSpireMod:Faulty Equipment","Poisoned Stab","Caltrops","Caltrops","Injury","ReplayTheSpireMod:Doomed","Injury","ReplayTheSpireMod:Necrosis","Poisoned Stab","EpicFetus+1"],"relics":["Ring of the Snake","HushsDoor","BFFS","MerchantsRug","Strange Spoon","Regal Pillow","Ring of Greed","ReplayTheSpireMod:Ring of Exchange","Replay:Bandana","Mummified Hand","Peace Pipe","Frozen Egg 2","Golden Idol","Replay:Rubber Ducky"],"acts_visited":["Exordium","TheCity"],"potions_floor_usage":[16],"damage_taken":[{"damage":0.0,"enemies":"Small Slimes","floor":1.0,"turns":7.0},{"damage":0.0,"enemies":"Jaw Worm","floor":3.0,"turns":6.0},{"damage":0.0,"enemies":"2 Louse","floor":7.0,"turns":3.0},{"damage":0.0,"enemies":"Gremlin Nob","floor":10.0,"turns":3.0},{"damage":6.0,"enemies":"Blue Slaver","floor":13.0,"turns":3.0},{"damage":21,"enemies":"Hexaghost","floor":16,"turns":6},{"damage":6,"enemies":"3 Byrds","floor":18,"turns":4},{"damage":49,"enemies":"Slavers","floor":24,"turns":3}],"seed_played":"-581183591790618811","potions_obtained":[{"floor":1.0,"key":"Weak Potion"},{"floor":13.0,"key":"Venom Potion"},{"floor":18,"key":"SpeedPotion"}],"is_trial":false,"path_per_floor":["M","?","M","?","$","R","M","R","T","E","T","?","M","T","R","B",null,"M","?","?","$","?","R","E"],"character_chosen":"THE_SILENT","items_purchased":["MerchantsRug","Strange Spoon","Catalyst","Footwork","Poisoned Stab","Mummified Hand","EpicFetus+1","Replay:Rubber Ducky"],"campfire_rested":1,"item_purchase_floors":[0,0,0,0,5,5,21,21],"current_hp_per_floor":[35,17,17,17,17,53,53,53,53,53,53,53,47,47,47,26,70,64,49,49,49,49,49,0,0],"gold":245,"neow_bonus":"","is_daily":false,"chose_seed":false,"campfire_upgraded":1,"win_rate":0.0,"timestamp":1608416737,"path_taken":["M","?","M","?","$","R","M","R","T","E","?","?","?","?","R","BOSS","M","?","?","$","?","R","E"],"items_purchased_type":["Relic","Relic","Card","Card","Card","Relic","Card","Relic"],"build_version":"2020-12-13","purchased_purges":3,"victory":false,"max_hp_per_floor":[70,70,70,70,70,70,70,70,70,70,70,70,70,70,70,70,70,70,70,70,70,70,70,70,70],"card_choices":[{"not_picked":[],"picked":"Bomb","floor":0.0},{"not_picked":["Prepared","Underhanded Strike"],"picked":"Bane","floor":1.0},{"not_picked":["Flying Knee","Quick Slash","Sucker Punch"],"picked":"SKIP","floor":3.0},{"not_picked":["Escape Plan","ReplayTheSpireMod:Exploit Weakness"],"picked":"Caltrops","floor":7.0},{"not_picked":["Outmaneuver","ReplayTheSpireMod:Scrap Shanks"],"picked":"Caltrops","floor":10.0},{"not_picked":["Well Laid Plans+1","Blade Dance","ReplayTheSpireMod:Scrap Shanks+1"],"picked":"SKIP","floor":13.0},{"not_picked":["Doppelganger","Night Terror"],"picked":"ReplayTheSpireMod:Necrosis","floor":16},{"not_picked":["Prepared","Accuracy+1"],"picked":"Poisoned Stab","floor":18}],"player_experience":407536,"relics_obtained":[{"floor":4.0,"key":"Ring of Greed"},{"floor":4.0,"key":"ReplayTheSpireMod:Ring of Exchange"},{"floor":4.0,"key":"Replay:Bandana"},{"floor":4.0,"key":"Old Coin"},{"floor":9.0,"key":"Peace Pipe"},{"floor":10.0,"key":"UnicornStump"},{"floor":11.0,"key":"Frozen Egg 2"}],"event_choices":[{"damage_healed":0.0,"max_hp_gain":0.0,"max_hp_loss":0.0,"gold_gain":0.0,"event_name":"Scrap Ooze","player_choice":"Success","floor":2.0,"gold_loss":0.0,"damage_taken":18.0,"relics_obtained":["Regal Pillow"]},{"damage_healed":0.0,"max_hp_gain":0.0,"max_hp_loss":0.0,"gold_gain":0.0,"event_name":"Golden Idol","player_choice":"Take Wound","floor":12.0,"gold_loss":0.0,"damage_taken":0.0,"relics_obtained":["Golden Idol"],"cards_obtained":["Injury"]},{"damage_healed":0,"gold_gain":99,"player_choice":"Stole From Cult","damage_taken":0,"max_hp_gain":0,"max_hp_loss":0,"event_name":"Nest","floor":20,"gold_loss":0},{"cards_removed":["Shame"],"damage_healed":0,"gold_gain":0,"player_choice":"Gave Gold","damage_taken":0,"max_hp_gain":0,"max_hp_loss":0,"event_name":"Beggar","floor":22,"gold_loss":75}],"is_beta":false,"boss_relics":[{"not_picked":["Cursed Key","Ring of the Serpent"],"picked":"Snecko Scales"},{"not_picked":[]}],"items_purged_floors":[0,5,21],"is_endless":false,"potions_floor_spawned":[1,13,18],"killed_by":"Slavers","ascension_level":3}}