{"host":"a5e2zwd8c2ad7the","time":1608384816,"event":{"mods":["Act Like it!","BaseMod","Colored Map","Hallownest","Minty Spire (QoL Compilation)","Quick Restart","Replay The Spire","StSLib","The Bug Knight","The Jungle"],"gold_per_floor":[117,117,65,65,75,106,106,117,144,162,195,195,215,240,240,240,240],"floor_reached":16,"playtime":639,"items_purged":[],"score":145,"play_id":"2d6ca631-9331-459a-8db0-608c3c514950","local_time":"20201219213336","is_ascension_mode":false,"campfire_choices":[{"floor":7,"key":"RECALL"},{"data":"After Image","floor":12,"key":"SMITH"},{"floor":15,"key":"DIG"}],"circlet_count":0,"master_deck":["Strike_G+1","Strike_G","Strike_G","Strike_G","Strike_G","Defend_G","Defend_G","Defend_G","Defend_G","Defend_G","Survivor","Neutralize+1","Hidden Blade","Quick Slash","Neutralize","Discovery","Bane","ReplayTheSpireMod:From All Sides","Blade Dance","After Image+1","Hidden Blade","Noxious Fumes"],"relics":["Ring of the Snake","NeowsBlessing","Byrd Skull","Sundial","Quantum Egg","Bag of Preparation"],"acts_visited":["Exordium"],"potions_floor_usage":[11,14,16,16,16,16],"damage_taken":[{"damage":0,"enemies":"2 Louse","floor":1,"turns":1},{"damage":0,"enemies":"Jaw Worm","floor":5,"turns":1},{"damage":0,"enemies":"3 Sentries","floor":6,"turns":1},{"damage":0,"enemies":"Cultist","floor":8,"turns":4},{"damage":14,"enemies":"Looter","floor":10,"turns":3},{"damage":31,"enemies":"Lagavulin","floor":11,"turns":6},{"damage":0,"enemies":"Blue Slaver","floor":13,"turns":3},{"damage":7,"enemies":"3 Sentries","floor":14,"turns":5},{"damage":9,"enemies":"Slime Boss","floor":16,"turns":6}],"seed_played":"1677997848263396166","potions_obtained":[{"floor":1,"key":"SpeedPotion"},{"floor":5,"key":"SpeedPotion"},{"floor":8,"key":"EntropicBrew"},{"floor":10,"key":"Adrenaline Potion"},{"floor":13,"key":"Venom Potion"},{"floor":14,"key":"Block Potion"}],"is_trial":false,"path_per_floor":["M","?","$","?","M","E","R","M","T","M","E","R","M","E","R_BF","B"],"character_chosen":"THE_SILENT","items_purchased":["Quick Slash"],"campfire_rested":0,"item_purchase_floors":[3],"current_hp_per_floor":[70,56,56,56,56,56,56,56,56,42,11,11,11,4,4,0,0],"gold":240,"neow_bonus":"THREE_ENEMY_KILL","is_daily":false,"chose_seed":false,"campfire_upgraded":1,"win_rate":0.0,"timestamp":1608384816,"path_taken":["M","?","$","?","M","E","R","M","T","M","E","R","M","E","R_BF","BOSS"],"items_purchased_type":["Card"],"build_version":"2020-12-13","purchased_purges":0,"victory":false,"max_hp_per_floor":[70,70,70,70,70,70,70,70,70,70,70,70,70,70,70,70,70],"card_choices":[{"not_picked":["Dodge and Roll","Riddle With Holes"],"picked":"Hidden Blade","floor":1},{"not_picked":["Slice","Quick Slash"],"picked":"Bane","floor":5},{"not_picked":["Escape Plan","Heel Hook"],"picked":"ReplayTheSpireMod:From All Sides","floor":6},{"not_picked":["Heel Hook","Cloak And Dagger"],"picked":"Blade Dance","floor":8},{"not_picked":["Underhanded Strike","Catalyst","Flying Knee"],"picked":"SKIP","floor":10},{"not_picked":["Poisoned Stab","Well Laid Plans"],"picked":"After Image","floor":11},{"not_picked":["Deadly Poison","ReplayTheSpireMod:Exploit Weakness"],"picked":"Hidden Blade","floor":13},{"not_picked":["Deflect","Fluid Movement"],"picked":"Noxious Fumes","floor":14}],"player_experience":23019,"relics_obtained":[{"floor":6,"key":"Byrd Skull"},{"floor":11,"key":"Sundial"},{"floor":14,"key":"Quantum Egg"},{"floor":15,"key":"Bag of Preparation"}],"event_choices":[{"damage_healed":0,"gold_gain":0,"player_choice":"Entered Light","damage_taken":14,"max_hp_gain":0,"max_hp_loss":0,"event_name":"Shining Light","floor":2,"gold_loss":0,"cards_upgraded":["Neutralize","Strike_G"]},{"damage_healed":0,"gold_gain":0,"player_choice":"2 cards matched","damage_taken":0,"max_hp_gain":0,"max_hp_loss":0,"event_name":"Match and Keep!","floor":4,"gold_loss":0,"cards_obtained":["Neutralize","Discovery"]}],"is_beta":false,"boss_relics":[],"items_purged_floors":[],"is_endless":false,"potions_floor_spawned":[1,5,8,10,13,14],"killed_by":"Slime Boss","ascension_level":0}}