{"host":"cc187","time":1608380308,"event":{"mods":["AchievementEnabler","BaseMod","Bestiary","Colored Map","Colored Powertips","Highlight Path","Keyboard Shortcuts","Minty Spire (QoL Compilation)","Quick Restart","Rare Cards Sparkle","Relic Stats","StSLib","SuperFastMode","Synergy Search"],"gold_per_floor":[115,115,40,58,71,71,71],"floor_reached":6,"playtime":5633,"items_purged":["Strike_G"],"score":65,"play_id":"4b40fab2-9477-4d42-8d8c-6488b9de258d","local_time":"20201219121828","is_ascension_mode":true,"campfire_choices":[],"circlet_count":0,"master_deck":["AscendersBane","Strike_G","Strike_G","Strike_G","Strike_G","Defend_G","Defend_G","Defend_G","Defend_G","Defend_G","Survivor","Neutralize","Dash","Bouncing Flask"],"relics":["SlaversCollar","Golden Idol"],"acts_visited":["Exordium"],"potions_floor_usage":[],"damage_taken":[{"damage":1,"enemies":"2 Louse","floor":1,"turns":4},{"damage":6,"enemies":"Small Slimes","floor":4,"turns":6},{"damage":10,"enemies":"Cultist","floor":5,"turns":4},{"damage":65,"enemies":"Gremlin Nob","floor":6,"turns":6}],"seed_played":"-8737541632517510300","potions_obtained":[{"floor":4,"key":"GhostInAJar"}],"is_trial":false,"path_per_floor":["M","?","$","M","M","E"],"character_chosen":"THE_SILENT","items_purchased":[],"campfire_rested":0,"item_purchase_floors":[],"current_hp_per_floor":[58,58,58,52,42,0,0],"gold":71,"neow_bonus":"BOSS_RELIC","is_daily":false,"chose_seed":false,"campfire_upgraded":0,"win_rate":0.0,"timestamp":1608380308,"path_taken":["M","?","$","M","M","E"],"items_purchased_type":[],"build_version":"2020-12-18","purchased_purges":1,"victory":false,"max_hp_per_floor":[66,60,60,60,60,60,60],"relic_stats":{"counters":[4,20],"Golden Idol":7,"obtain_stats":[{"SlaversCollar":0,"Golden Idol":2,"Ring of the Snake":0},{"SlaversCollar":0,"Golden Idol":1,"Ring of the Snake":0},{"SlaversCollar":0,"Golden Idol":4,"Ring of the Snake":0}]},"card_choices":[{"not_picked":["Sucker Punch","Dagger Throw"],"picked":"Dash","floor":1},{"not_picked":["Expertise","Deadly Poison"],"picked":"Bouncing Flask","floor":4},{"not_picked":["Distraction","Underhanded Strike","Deflect"],"picked":"SKIP","floor":5}],"player_experience":771384,"relics_obtained":[],"event_choices":[{"damage_healed":0,"gold_gain":0,"player_choice":"Lose Max HP","damage_taken":0,"relics_obtained":["Golden Idol"],"max_hp_gain":0,"max_hp_loss":6,"event_name":"Golden Idol","floor":2,"gold_loss":0}],"is_beta":true,"boss_relics":[],"items_purged_floors":[3],"is_endless":false,"potions_floor_spawned":[4],"killed_by":"Gremlin Nob","ascension_level":16}}