{"host":"pbf6u3tyx46snqc7","time":1608401250,"event":{"mods":["AchievementEnabler","BaseMod","Colored Map","Marisa£¨Ùöéë¡¡Øª×âÞÞ£©","Minty Spire (QoL Compilation)","Rare Cards Sparkle","Shop Mod","SuperFastMode"],"gold_per_floor":[115,265,265,265,276,276,291,291,316,336,365,53,53,53,53,131,131,150,150,169,189,12,12,12,12,12,12,12,22,35,35,35,35,35],"floor_reached":33,"playtime":1299,"items_purged":["Doubt","Defend_B"],"score":437,"play_id":"959af559-8277-46ee-bb00-252c8556ea14","local_time":"20201220030730","is_ascension_mode":true,"campfire_choices":[{"data":"Zap","floor":6,"key":"SMITH"},{"data":"Dualcast","floor":8,"key":"SMITH"},{"data":"Chaos","floor":13,"key":"SMITH"},{"floor":15,"key":"REST"},{"data":"Defragment","floor":23,"key":"SMITH"},{"floor":25,"key":"REST"},{"data":"Buffer","floor":27,"key":"SMITH"},{"data":"Loop","floor":32,"key":"SMITH"}],"circlet_count":0,"master_deck":["AscendersBane","Defend_B+1","Defend_B+1","Defend_B","Zap+1","Dualcast+1","Go for the Eyes","Buffer+1","Compile Driver","Cold Snap","Ball Lightning","Ball Lightning","Biased Cognition","Chaos+1","FTL","Reboot","CurseOfTheBell","Cold Snap","Steam Power","Defragment+1","Loop+1"],"relics":["Cracked Core","Bag of Marbles","Boot","Calling Bell","InkBottle","CaptainsWheel","War Paint","GremlinMask","Dead Branch"],"acts_visited":["Exordium","TheCity"],"potions_floor_usage":[16,20],"damage_taken":[{"damage":4,"enemies":"2 Louse","floor":1,"turns":4},{"damage":2,"enemies":"Jaw Worm","floor":5,"turns":4},{"damage":0,"enemies":"Cultist","floor":7,"turns":4},{"damage":1,"enemies":"Blue Slaver","floor":10,"turns":4},{"damage":16,"enemies":"3 Sentries","floor":11,"turns":9},{"damage":21,"enemies":"Hexaghost","floor":16,"turns":8},{"damage":0,"enemies":"Spheric Guardian","floor":18,"turns":2},{"damage":13,"enemies":"2 Thieves","floor":20,"turns":3},{"damage":18,"enemies":"Chosen and Byrds","floor":21,"turns":5},{"damage":0,"enemies":"Cultist and Chosen","floor":29,"turns":4},{"damage":0,"enemies":"Centurion and Healer","floor":30,"turns":5},{"damage":45,"enemies":"Collector","floor":33,"turns":11}],"seed_played":"2644017422471678258","potions_obtained":[{"floor":1,"key":"Energy Potion"},{"floor":5,"key":"ColorlessPotion"},{"floor":16,"key":"SmokeBomb"},{"floor":20,"key":"FearPotion"}],"is_trial":false,"path_per_floor":["M","?","?","?","M","R","M","R","T","M","E","$","R","$","R","B",null,"M","$","M","M","$","R","?","R","T","R","$","M","M","$","R","B"],"character_chosen":"DEFECT","items_purchased":["Biased Cognition","Chaos","FTL","Defragment"],"campfire_rested":2,"item_purchase_floors":[12,12,12,22],"current_hp_per_floor":[60,60,60,53,51,51,51,51,51,50,34,34,34,34,53,32,56,56,56,43,25,25,25,25,44,44,44,44,44,44,44,44,0,0],"gold":35,"neow_bonus":"TRANSFORM_TWO_CARDS","is_daily":false,"chose_seed":false,"campfire_upgraded":6,"win_rate":0.0,"timestamp":1608401250,"path_taken":["M","?","?","?","M","R","M","R","T","M","E","$","R","?","R","BOSS","M","$","M","?","$","R","?","R","T","R","$","M","M","?","R","BOSS"],"items_purchased_type":["Card","Card","Card","Card"],"build_version":"2020-12-13","purchased_purges":2,"victory":false,"max_hp_per_floor":[64,64,64,64,64,64,64,64,64,64,64,64,64,64,64,64,64,64,64,64,64,64,64,64,64,64,64,64,64,64,64,64,64,64],"card_choices":[{"not_picked":["Scrape","Rip and Tear"],"picked":"Compile Driver","floor":1},{"not_picked":["Conserve Battery","Sweeping Beam"],"picked":"Cold Snap","floor":5},{"not_picked":["Steam","Storm","Reinforced Body"],"picked":"SKIP","floor":7},{"not_picked":["Hologram","Undo"],"picked":"Ball Lightning","floor":10},{"not_picked":["Streamline","Recycle"],"picked":"Ball Lightning","floor":11},{"not_picked":["Amplify","Creative AI"],"picked":"Reboot","floor":16},{"not_picked":["Double Energy","Consume"],"picked":"Cold Snap","floor":18},{"not_picked":["Turbo","Stack+1"],"picked":"Steam Power","floor":20},{"not_picked":["Aggregate+1","Turbo","Recycle"],"picked":"SKIP","floor":21},{"not_picked":["Compile Driver","Leap","Sunder"],"picked":"SKIP","floor":29},{"not_picked":["Streamline","Redo"],"picked":"Loop","floor":30}],"player_experience":288382,"relics_obtained":[{"floor":9,"key":"Bag of Marbles"},{"floor":11,"key":"Boot"},{"floor":17,"key":"InkBottle"},{"floor":17,"key":"CaptainsWheel"},{"floor":17,"key":"War Paint"},{"floor":26,"key":"Dead Branch"}],"event_choices":[{"damage_healed":0,"gold_gain":150,"player_choice":"AGREE","damage_taken":0,"max_hp_gain":0,"max_hp_loss":0,"event_name":"Liars Game","floor":2,"gold_loss":0,"cards_obtained":["Doubt"]},{"cards_removed":["Strike_B"],"damage_healed":0,"gold_gain":0,"player_choice":"Forget","damage_taken":0,"max_hp_gain":0,"max_hp_loss":0,"event_name":"Living Wall","floor":3,"gold_loss":0},{"cards_removed":["Strike_B"],"damage_healed":0,"gold_gain":0,"player_choice":"Card Removal","damage_taken":7,"max_hp_gain":0,"max_hp_loss":0,"event_name":"Golden Wing","floor":4,"gold_loss":0},{"damage_healed":0,"gold_gain":0,"player_choice":"Trade","damage_taken":0,"relics_obtained":["GremlinMask"],"max_hp_gain":0,"max_hp_loss":0,"event_name":"FaceTrader","floor":24,"gold_loss":0}],"is_beta":false,"boss_relics":[{"not_picked":["Cursed Key","FrozenCore"],"picked":"Calling Bell"}],"items_purged_floors":[12,22],"is_endless":false,"potions_floor_spawned":[1,5,7,16,20,29],"killed_by":"Collector","ascension_level":16}}