{"host":"s4ae7avgknp5vwpe","time":1608363446,"event":{"mods":["BaseMod","Minty Spire (QoL Compilation)"],"gold_per_floor":[114,114,114,134,209,243,243,243,243,243,11,25,25,35,35,130,130,141,56,9,9,9,9,41,41,41,58,58,58,85,102,102,203,203,215,227,50,50,100,125,125,125,125,125,135,166,166,184,184,184],"floor_reached":51,"playtime":1750,"items_purged":["Strike_G","Strike_G"],"score":1008,"play_id":"720d4e52-b59e-49c3-a9b6-413a17fc30a1","local_time":"20201218233726","is_ascension_mode":true,"campfire_choices":[{"data":"Noxious Fumes","floor":7,"key":"SMITH"},{"data":"Neutralize","floor":10,"key":"SMITH"},{"data":"Glass Knife","floor":15,"key":"SMITH"},{"data":"A Thousand Cuts","floor":23,"key":"SMITH"},{"floor":25,"key":"REST"},{"data":"Blade Dance","floor":29,"key":"SMITH"},{"floor":32,"key":"REST"},{"data":"Acrobatics","floor":42,"key":"SMITH"},{"data":"Acrobatics","floor":47,"key":"SMITH"},{"floor":49,"key":"REST"}],"circlet_count":0,"master_deck":["Strike_G","Defend_G","Defend_G","Defend_G","Defend_G","Defend_G","Survivor","Neutralize+1","Flying Knee","Acrobatics+1","Noxious Fumes+1","Glass Knife+1","Deadly Poison","A Thousand Cuts+1","Quick Slash+1","Blade Dance+1","Dagger Throw","Acrobatics+1","Dagger Spray","Cloak And Dagger+1","Expertise","Cloak And Dagger+1","Backstab","Caltrops","Escape Plan+1","Bane+1"],"relics":["Ring of the Snake","NeowsBlessing","Eternal Feather","Shuriken","Ninja Scroll","Oddly Smooth Stone","Sozu","Tiny Chest","Nilry\u0027s Codex","Happy Flower","Bag of Marbles","MutagenicStrength","Bronze Scales","WristBlade","Blue Candle","The Specimen","Meat on the Bone","Bottled Tornado","Toxic Egg 2"],"acts_visited":["Exordium","TheCity","TheBeyond"],"potions_floor_usage":[16,18],"damage_taken":[{"damage":0,"enemies":"Small Slimes","floor":1,"turns":1},{"damage":0,"enemies":"2 Louse","floor":4,"turns":1},{"damage":0,"enemies":"Lagavulin","floor":6,"turns":1},{"damage":0,"enemies":"Jaw Worm","floor":12,"turns":3},{"damage":1,"enemies":"3 Louse","floor":14,"turns":2},{"damage":6,"enemies":"Hexaghost","floor":16,"turns":8},{"damage":0,"enemies":"Shell Parasite","floor":18,"turns":3},{"damage":36,"enemies":"Book of Stabbing","floor":24,"turns":5},{"damage":12,"enemies":"Chosen","floor":27,"turns":2},{"damage":1,"enemies":"Slavers","floor":30,"turns":3},{"damage":9,"enemies":"Centurion and Healer","floor":31,"turns":2},{"damage":27,"enemies":"Champ","floor":33,"turns":7},{"damage":0,"enemies":"3 Shapes","floor":35,"turns":2},{"damage":0,"enemies":"3 Darklings","floor":36,"turns":1},{"damage":0,"enemies":"Mind Bloom Boss Battle","floor":39,"turns":1},{"damage":45,"enemies":"Reptomancer","floor":40,"turns":4},{"damage":0,"enemies":"Jaw Worm Horde","floor":45,"turns":1},{"damage":0,"enemies":"Giant Head","floor":46,"turns":4},{"damage":18,"enemies":"Transient","floor":48,"turns":5},{"damage":47,"enemies":"Donu and Deca","floor":50,"turns":6}],"seed_played":"1810888438733688612","potions_obtained":[{"floor":4,"key":"Block Potion"},{"floor":16,"key":"DuplicationPotion"}],"is_trial":false,"path_per_floor":["M","?","?","M","?","E","R","T","T","R","$","M","?","M","R","B",null,"M","?","$","?","?","R","E","R","T","M","?","R","E","M","R","B",null,"M","M","$","T","?","E","?","R","T","?","M","E","R","M","R","B",null],"character_chosen":"THE_SILENT","items_purchased":["Oddly Smooth Stone","Blade Dance","Expertise"],"campfire_rested":3,"item_purchase_floors":[11,20,37],"current_hp_per_floor":[63,56,70,70,59,59,65,65,65,70,70,70,70,69,70,64,69,69,69,69,69,53,62,26,56,56,44,44,53,52,43,70,43,63,63,63,63,63,63,18,61,61,61,61,61,61,61,43,61,26],"gold":184,"neow_bonus":"THREE_ENEMY_KILL","is_daily":false,"chose_seed":false,"campfire_upgraded":7,"win_rate":0.0,"timestamp":1608363446,"path_taken":["M","?","?","M","?","E","R","?","T","R","$","M","?","M","R","BOSS","M","?","$","?","?","R","E","R","T","M","?","R","E","M","R","BOSS","M","M","$","?","?","E","?","R","T","?","M","E","R","M","R","BOSS"],"items_purchased_type":["Relic","Card","Card"],"build_version":"2020-12-13","purchased_purges":2,"victory":true,"max_hp_per_floor":[70,70,70,70,70,70,70,70,70,70,70,70,70,70,70,70,70,70,70,70,70,70,70,70,70,70,70,70,70,70,70,70,70,70,70,70,70,70,70,70,61,61,61,61,61,61,61,61,61,61],"card_choices":[{"not_picked":["Poisoned Stab","Outmaneuver"],"picked":"Flying Knee","floor":1},{"not_picked":["Dagger Throw","Flying Knee"],"picked":"Acrobatics","floor":4},{"not_picked":["Outmaneuver","PiercingWail"],"picked":"Noxious Fumes","floor":6},{"not_picked":["Acrobatics","Masterful Stab"],"picked":"Glass Knife","floor":12},{"not_picked":["Eviscerate","Tactician"],"picked":"Deadly Poison","floor":14},{"not_picked":["Adrenaline","Storm of Steel"],"picked":"A Thousand Cuts","floor":16},{"not_picked":["Acrobatics+1","Terror"],"picked":"Quick Slash+1","floor":18},{"not_picked":["Dash","Phantasmal Killer","Reflex+1"],"picked":"SKIP","floor":24},{"not_picked":["Flechettes+1","Endless Agony","Sucker Punch"],"picked":"SKIP","floor":27},{"not_picked":["Setup","Distraction"],"picked":"Dagger Throw","floor":30},{"not_picked":["Deadly Poison+1","Prepared"],"picked":"Acrobatics","floor":31},{"not_picked":["Poisoned Stab+1","PiercingWail"],"picked":"Dagger Spray","floor":35},{"not_picked":["Leg Sweep+1","Noxious Fumes"],"picked":"Cloak And Dagger+1","floor":36},{"not_picked":["Infinite Blades","Quick Slash"],"picked":"Cloak And Dagger+1","floor":39},{"not_picked":["Poisoned Stab+1","Underhanded Strike+1"],"picked":"Backstab","floor":40},{"not_picked":["Unload","Acrobatics+1"],"picked":"Escape Plan+1","floor":45},{"not_picked":["Blur+1","Crippling Poison+1"],"picked":"Bane+1","floor":46},{"not_picked":["Underhanded Strike","Distraction+1","Quick Slash"],"picked":"SKIP","floor":48}],"player_experience":237339,"relics_obtained":[{"floor":6,"key":"Eternal Feather"},{"floor":8,"key":"Shuriken"},{"floor":9,"key":"Ninja Scroll"},{"floor":22,"key":"Nilry\u0027s Codex"},{"floor":24,"key":"Happy Flower"},{"floor":26,"key":"Bag of Marbles"},{"floor":30,"key":"Bronze Scales"},{"floor":38,"key":"Blue Candle"},{"floor":39,"key":"The Specimen"},{"floor":40,"key":"Meat on the Bone"},{"floor":43,"key":"Bottled Tornado"},{"floor":46,"key":"Toxic Egg 2"}],"event_choices":[{"cards_removed":["Strike_G"],"damage_healed":0,"gold_gain":0,"player_choice":"Card Removal","damage_taken":7,"max_hp_gain":0,"max_hp_loss":0,"event_name":"Golden Wing","floor":2,"gold_loss":0},{"damage_healed":23,"gold_gain":0,"player_choice":"Banana","damage_taken":0,"max_hp_gain":0,"max_hp_loss":0,"event_name":"Big Fish","floor":3,"gold_loss":0},{"damage_healed":0,"gold_gain":75,"player_choice":"Gather Gold","damage_taken":11,"max_hp_gain":0,"max_hp_loss":0,"event_name":"World of Goop","floor":5,"gold_loss":0},{"damage_healed":0,"gold_gain":0,"player_choice":"Ignored","damage_taken":0,"max_hp_gain":0,"max_hp_loss":0,"event_name":"Liars Game","floor":13,"gold_loss":0},{"damage_healed":0,"gold_gain":0,"player_choice":"Obtained Relic","damage_taken":0,"relics_obtained":["Tiny Chest"],"max_hp_gain":0,"max_hp_loss":0,"event_name":"Addict","floor":19,"gold_loss":85},{"damage_healed":0,"gold_gain":0,"player_choice":"Ignored","damage_taken":0,"max_hp_gain":0,"max_hp_loss":0,"event_name":"Ghosts","floor":21,"gold_loss":0},{"damage_healed":0,"gold_gain":0,"player_choice":"Obtained Book","damage_taken":16,"max_hp_gain":0,"max_hp_loss":0,"event_name":"Cursed Tome","floor":22,"gold_loss":0},{"damage_healed":0,"gold_gain":0,"player_choice":"Inject Mutagens","damage_taken":0,"relics_obtained":["MutagenicStrength"],"max_hp_gain":0,"max_hp_loss":0,"event_name":"Drug Dealer","floor":28,"gold_loss":0},{"damage_healed":0,"gold_gain":0,"player_choice":"Fight","damage_taken":0,"max_hp_gain":0,"max_hp_loss":0,"event_name":"MindBloom","floor":39,"gold_loss":0},{"damage_healed":61,"gold_gain":0,"player_choice":"Heal","damage_taken":0,"max_hp_gain":0,"max_hp_loss":9,"event_name":"The Moai Head","floor":41,"gold_loss":0},{"damage_healed":0,"gold_gain":0,"cards_transformed":["Strike_G"],"player_choice":"Transformed","damage_taken":0,"max_hp_gain":0,"max_hp_loss":0,"event_name":"Transmorgrifier","floor":44,"gold_loss":0,"cards_obtained":["Caltrops"]}],"is_beta":false,"boss_relics":[{"not_picked":["Calling Bell","Pandora\u0027s Box"],"picked":"Sozu"},{"not_picked":["HoveringKite","Philosopher\u0027s Stone"],"picked":"WristBlade"}],"items_purged_floors":[11,37],"is_endless":false,"potions_floor_spawned":[4,16,18,24,27,36,39,48],"ascension_level":6}}