{"host":"12piqfhmdln9x2la","time":1608353691,"event":{"mods":["2.2 Compatiblity","AchievementEnabler","BaseMod","BetterRewards","Colored Powertips","Minty Spire (QoL Compilation)","Quick Restart","SuperFastMode"],"gold_per_floor":[116,136,136,21,21,21,50,68,95,95,122,137,157,157,157,157,157],"floor_reached":16,"playtime":443,"items_purged":[],"score":133,"play_id":"cdfaf054-9f8c-420e-85b1-81f3e5002960","local_time":"20201219135451","is_ascension_mode":false,"campfire_choices":[{"data":"Defragment","floor":6,"key":"SMITH"},{"data":"Zap","floor":10,"key":"SMITH"},{"data":"White Noise","floor":15,"key":"SMITH"}],"circlet_count":0,"master_deck":["Strike_B","Strike_B","Strike_B","Strike_B","Defend_B","Defend_B","Defend_B","Zap","Dualcast","Hologram","Hologram","Defragment+1","White Noise+1","Zap+1","Redo","Compile Driver","Glacier","Fission","Turbo"],"relics":["Cracked Core","NeowsBlessing","Tiny Chest","Potion Belt","Shuriken","Odd Mushroom"],"acts_visited":["Exordium"],"potions_floor_usage":[11,11,16,16,16,16,16],"damage_taken":[{"damage":0,"enemies":"2 Louse","floor":1,"turns":1},{"damage":0,"enemies":"Cultist","floor":2,"turns":1},{"damage":0,"enemies":"Lagavulin","floor":7,"turns":1},{"damage":0,"enemies":"Small Slimes","floor":8,"turns":2},{"damage":19,"enemies":"Gremlin Nob","floor":11,"turns":3},{"damage":26,"enemies":"Exordium Thugs","floor":12,"turns":4},{"damage":7,"enemies":"The Mushroom Lair","floor":13,"turns":2},{"damage":41,"enemies":"Hexaghost","floor":16,"turns":8}],"seed_played":"-4729749187416482454","potions_obtained":[{"floor":2,"key":"Energy Potion"},{"floor":7,"key":"SpeedPotion"},{"floor":8,"key":"GamblersBrew"},{"floor":13,"key":"Regen Potion"},{"floor":14,"key":"Swift Potion"},{"floor":14,"key":"GamblersBrew"},{"floor":14,"key":"Block Potion"}],"is_trial":false,"path_per_floor":["M","M","?","$","?","R","E","M","T","R","E","M","?","?","R","B"],"character_chosen":"DEFECT","items_purchased":["Defragment","White Noise"],"campfire_rested":0,"item_purchase_floors":[4,4],"current_hp_per_floor":[75,75,75,75,75,75,75,75,75,75,56,30,23,23,23,0,0],"gold":157,"neow_bonus":"THREE_ENEMY_KILL","is_daily":false,"chose_seed":false,"campfire_upgraded":3,"win_rate":0.0,"timestamp":1608353691,"path_taken":["M","M","?","$","?","R","E","M","T","R","E","?","?","?","R","BOSS"],"items_purchased_type":["Card","Card"],"build_version":"2020-12-13","purchased_purges":0,"victory":false,"max_hp_per_floor":[75,75,75,75,75,75,75,75,75,75,75,75,75,75,75,75,75],"card_choices":[{"not_picked":["Stack","Conserve Battery"],"picked":"Hologram","floor":1},{"not_picked":["Turbo","Cold Snap"],"picked":"Hologram","floor":2},{"not_picked":["Hologram","Hello World"],"picked":"Redo","floor":7},{"not_picked":["Hologram","White Noise"],"picked":"Compile Driver","floor":8},{"not_picked":["Streamline","Leap"],"picked":"Glacier","floor":11},{"not_picked":["Aggregate","Leap"],"picked":"Fission","floor":12},{"not_picked":["Leap","Consume"],"picked":"Turbo","floor":13}],"player_experience":101298,"relics_obtained":[{"floor":7,"key":"Tiny Chest"},{"floor":9,"key":"Potion Belt"},{"floor":11,"key":"Shuriken"},{"floor":13,"key":"Odd Mushroom"}],"event_choices":[{"cards_removed":["Defend_B"],"damage_healed":0,"gold_gain":0,"player_choice":"Forget","damage_taken":0,"max_hp_gain":0,"max_hp_loss":0,"event_name":"Living Wall","floor":3,"gold_loss":0},{"damage_healed":0,"gold_gain":0,"player_choice":"1 cards matched","damage_taken":0,"max_hp_gain":0,"max_hp_loss":0,"event_name":"Match and Keep!","floor":5,"gold_loss":0,"cards_obtained":["Zap"]},{"damage_healed":0,"gold_gain":0,"player_choice":"Fought Mushrooms","damage_taken":0,"max_hp_gain":0,"max_hp_loss":0,"event_name":"Mushrooms","floor":13,"gold_loss":0},{"damage_healed":0,"gold_gain":0,"player_choice":"Got Potions","damage_taken":0,"max_hp_gain":0,"max_hp_loss":0,"event_name":"Lab","floor":14,"gold_loss":0}],"is_beta":false,"boss_relics":[],"items_purged_floors":[],"is_endless":false,"potions_floor_spawned":[2,7,8,13],"killed_by":"Hexaghost","ascension_level":0}}