{"host":"7gewg82ormp6yt4e","time":1608379587,"event":{"mods":["BaseMod","Block Reminder","Colored Map","Colored Powertips","DeckTracker","Highlight Path","Minty Spire (QoL Compilation)","Relic Stats","StSLib"],"gold_per_floor":[20,38,188,188,29,29,68,82,82,134,134,104,138,159,159,255,555,575,146,146,146,161,161,161,161],"floor_reached":24,"playtime":1381,"items_purged":["Doubt","Strike_G"],"score":404,"play_id":"bde7ea13-5edb-493a-8426-0ea77a770c1c","local_time":"20201219210627","is_ascension_mode":true,"campfire_choices":[{"data":"Eviscerate","floor":6.0,"key":"SMITH"},{"data":"A Thousand Cuts","floor":11.0,"key":"SMITH"},{"floor":15.0,"key":"REST"},{"data":"Footwork","floor":23.0,"key":"SMITH"}],"circlet_count":0,"master_deck":["AscendersBane","Strike_G","Strike_G","Defend_G","Defend_G","Defend_G","Defend_G","Defend_G","Survivor","Neutralize","A Thousand Cuts+1","Eviscerate+1","Setup","Masterful Stab","Dagger Throw","Phantasmal Killer","Poisoned Stab","Tools of the Trade","Corpse Explosion","CurseOfTheBell","Deflect","Deflect","Footwork+1","PiercingWail"],"relics":["Ring of the Snake","Bloody Idol","Kunai","Matryoshka","Smiling Mask","Regal Pillow","Centennial Puzzle","Calling Bell","Strawberry","Eternal Feather","Old Coin","Ninja Scroll"],"acts_visited":["Exordium","TheCity"],"potions_floor_usage":[24],"damage_taken":[{"damage":0.0,"enemies":"2 Louse","floor":1.0,"turns":4.0},{"damage":5.0,"enemies":"Jaw Worm","floor":2.0,"turns":4.0},{"damage":16.0,"enemies":"Lagavulin","floor":7.0,"turns":8.0},{"damage":0.0,"enemies":"Cultist","floor":8.0,"turns":3.0},{"damage":11.0,"enemies":"3 Sentries","floor":13.0,"turns":6.0},{"damage":15.0,"enemies":"3 Louse","floor":14.0,"turns":4.0},{"damage":9.0,"enemies":"The Guardian","floor":16.0,"turns":13.0},{"damage":30.0,"enemies":"Shell Parasite","floor":18.0,"turns":8.0},{"damage":11.0,"enemies":"2 Thieves","floor":22.0,"turns":3.0},{"damage":49,"enemies":"Slavers","floor":24,"turns":3}],"seed_played":"6051805850320907949","potions_obtained":[{"floor":1.0,"key":"SpeedPotion"},{"floor":7.0,"key":"BlessingOfTheForge"},{"floor":13.0,"key":"BlessingOfTheForge"},{"floor":22.0,"key":"Fruit Juice"}],"is_trial":false,"path_per_floor":["M","M","?","?","$","R","E","M","T","T","R","$","E","M","R","B",null,"M","$","?","?","M","R","E"],"character_chosen":"THE_SILENT","items_purchased":["CunningPotion","Poisoned Stab","Ninja Scroll","Deflect","Block Potion"],"campfire_rested":1,"item_purchase_floors":[5,12,19,19,19],"current_hp_per_floor":[59,54,54,54,54,54,38,38,38,38,38,38,27,12,45,36,61,31,31,31,31,30,42,0,0],"gold":161,"neow_bonus":"TRANSFORM_TWO_CARDS","is_daily":false,"chose_seed":false,"campfire_upgraded":3,"win_rate":0.0,"timestamp":1608379587,"path_taken":["M","M","?","?","?","R","E","?","T","?","R","$","E","M","R","BOSS","M","$","?","?","M","R","E"],"items_purchased_type":["Potion","Card","Relic","Card","Potion"],"build_version":"2020-12-13","purchased_purges":2,"victory":false,"max_hp_per_floor":[66,66,66,60,60,60,60,60,60,60,60,60,60,60,60,60,67,67,67,67,67,67,67,72,72],"relic_stats":{"Regal Pillow":15,"Centennial Puzzle":[15],"counters":[10,56],"Bloody Idol":10,"Eternal Feather":12,"Kunai":[8],"Smiling Mask":50,"obtain_stats":[{"Regal Pillow":10,"Golden Idol":4,"Eternal Feather":17,"Smiling Mask":10,"Old Coin":17,"Calling Bell":17,"Centennial Puzzle":13,"Matryoshka":9,"Ninja Scroll":19,"Strawberry":17,"Bloody Idol":21,"Kunai":7,"Ring of the Snake":0},{"Regal Pillow":4,"Golden Idol":2,"Eternal Feather":7,"Smiling Mask":4,"Old Coin":7,"Calling Bell":7,"Centennial Puzzle":5,"Matryoshka":4,"Ninja Scroll":8,"Strawberry":7,"Bloody Idol":8,"Kunai":3,"Ring of the Snake":0},{"Regal Pillow":19,"Golden Idol":8,"Eternal Feather":42,"Smiling Mask":19,"Old Coin":42,"Calling Bell":42,"Centennial Puzzle":25,"Matryoshka":19,"Ninja Scroll":50,"Strawberry":42,"Bloody Idol":50,"Kunai":16,"Ring of the Snake":0}],"Ring of the Snake":[20]},"card_choices":[{"not_picked":["Cloak And Dagger","Dagger Spray"],"picked":"Setup","floor":1.0},{"not_picked":["Outmaneuver","Escape Plan"],"picked":"Masterful Stab","floor":2.0},{"not_picked":["Escape Plan","Quick Slash"],"picked":"Dagger Throw","floor":7.0},{"not_picked":["Distraction","Dodge and Roll"],"picked":"Phantasmal Killer","floor":8.0},{"not_picked":["Dagger Spray","Escape Plan"],"picked":"Tools of the Trade","floor":13.0},{"not_picked":["Deflect","Dodge and Roll","Dagger Throw"],"picked":"SKIP","floor":14.0},{"not_picked":["Storm of Steel","Night Terror"],"picked":"Corpse Explosion","floor":16.0},{"not_picked":["Setup","Poisoned Stab"],"picked":"Deflect","floor":18.0},{"not_picked":["Sucker Punch","Dodge and Roll"],"picked":"PiercingWail","floor":22.0}],"player_experience":2398050,"relics_obtained":[{"floor":7.0,"key":"Kunai"},{"floor":9.0,"key":"Matryoshka"},{"floor":10.0,"key":"Smiling Mask"},{"floor":10.0,"key":"Regal Pillow"},{"floor":13.0,"key":"Centennial Puzzle"},{"floor":17.0,"key":"Strawberry"},{"floor":17.0,"key":"Eternal Feather"},{"floor":17.0,"key":"Old Coin"}],"event_choices":[{"damage_healed":0.0,"max_hp_gain":0.0,"max_hp_loss":0.0,"gold_gain":150.0,"event_name":"Liars Game","player_choice":"AGREE","floor":3.0,"gold_loss":0.0,"damage_taken":0.0,"cards_obtained":["Doubt"]},{"damage_healed":0.0,"max_hp_gain":0.0,"max_hp_loss":6.0,"gold_gain":0.0,"event_name":"Golden Idol","player_choice":"Lose Max HP","floor":4.0,"gold_loss":0.0,"damage_taken":0.0,"relics_obtained":["Golden Idol"]},{"damage_healed":0.0,"max_hp_gain":0.0,"max_hp_loss":0.0,"gold_gain":0.0,"event_name":"The Library","player_choice":"Read","floor":20.0,"gold_loss":0.0,"damage_taken":0.0,"cards_obtained":["Footwork"]},{"damage_healed":0.0,"max_hp_gain":0.0,"max_hp_loss":0.0,"gold_gain":0.0,"event_name":"Forgotten Altar","player_choice":"Gave Idol","floor":21.0,"relics_lost":["Golden Idol"],"gold_loss":0.0,"damage_taken":0.0,"relics_obtained":["Bloody Idol"]}],"is_beta":false,"boss_relics":[{"not_picked":["Empty Cage","Ectoplasm"],"picked":"Calling Bell"}],"items_purged_floors":[5,19],"is_endless":false,"potions_floor_spawned":[1,7,13,22],"killed_by":"Slavers","ascension_level":20}}