{"host":"bbcqjedmotowk2e9","time":1608407409,"event":{"mods":["A Magickal Journey","AchievementEnabler","Aspiration","BaseMod","BetterRewards","Colored Powertips","Conspire","Energized Spire","GifTheSpireLib","Halation","Hubris","Hyrulean Relics","Minty Spire (QoL Compilation)","Permanent Neow","Quick Restart","Relic Stats","Replay The Spire","Spires And Sneckos","StSLib","Stuff the Spire","Synergy Search","The Disciple","vexMod"],"gold_per_floor":[115,115,115,133,133,133,145,175,187,199,241,271,315,327,339,446,458,487,513,139,150,165,165,179,179,202,402,414,433,433,445,445,445,445],"floor_reached":33,"playtime":1539,"items_purged":["Strike_G"],"score":352,"play_id":"e680187f-ac0a-4ca4-8163-a39193c78885","local_time":"20201219225009","is_ascension_mode":true,"campfire_choices":[{"floor":6,"key":"REST"},{"floor":10,"key":"REST"},{"floor":15,"key":"REST"},{"floor":23,"key":"REST"},{"floor":25,"key":"REST"},{"floor":32,"key":"REST"}],"circlet_count":0,"master_deck":["Strike_G","Strike_G","Strike_G","Strike_G","Defend_G","Defend_G","Defend_G+1","Defend_G","Defend_G+1","Survivor","Neutralize","Tools of the Trade","Dash","ReplayTheSpireMod:Scrap Shanks","hubris:Sniper","Prepared","ReplayTheSpireMod:Scrap Shanks","Envenom","ReplayTheSpireMod:Shiv Toss","hubris:SlightOfHand","conspire:PoisonWeapons","Expertise"],"relics":["Ring of the Snake","ReplayFunnel","CultistMask","MawBank","Replay:Accelerometer","StuffTheSpire:Nightcore","Bronze Scales","Sozu","vexMod:Dragonfruit","Boot","MutagenicStrength"],"acts_visited":["Exordium","TheCity"],"potions_floor_usage":[11,14,16],"damage_taken":[{"damage":1,"enemies":"conspire:RoseBush","floor":1,"turns":4},{"damage":0,"enemies":"Cultist","floor":4,"turns":4},{"damage":0,"enemies":"2 Louse","floor":7,"turns":3},{"damage":19,"enemies":"Replay:BlueRogue","floor":8,"turns":9},{"damage":12,"enemies":"3 Sentries","floor":11,"turns":8},{"damage":8,"enemies":"Blue Slaver","floor":12,"turns":4},{"damage":12,"enemies":"Replay:BlueRogue","floor":13,"turns":5},{"damage":0,"enemies":"Lots of Slimes","floor":14,"turns":1},{"damage":15,"enemies":"The Guardian","floor":16,"turns":8},{"damage":14,"enemies":"3 Byrds","floor":18,"turns":3},{"damage":9,"enemies":"Shell Parasite","floor":19,"turns":5},{"damage":2,"enemies":"Snecko","floor":21,"turns":4},{"damage":26,"enemies":"Shelled Parasite and Fungi","floor":22,"turns":5},{"damage":7,"enemies":"Chosen and Byrds","floor":24,"turns":4},{"damage":10,"enemies":"Cultist and Chosen","floor":28,"turns":5},{"damage":11,"enemies":"conspire:HollyBat","floor":29,"turns":5},{"damage":11,"enemies":"Sentry and Sphere","floor":31,"turns":3},{"damage":48,"enemies":"conspire:MysteriousRune","floor":33,"turns":5}],"seed_played":"-8014253239274513396","potions_obtained":[{"floor":1,"key":"Elixir"},{"floor":4,"key":"FearPotion"},{"floor":7,"key":"SmokeBomb"},{"floor":13,"key":"SpeedPotion"}],"is_trial":false,"path_per_floor":["M","?","?","M","?","R","M","E","T","R","E","M","E","M","R","B",null,"M","M","$","M","M","R","M","R","T","?","M","M","?","M","R","B"],"character_chosen":"THE_SILENT","items_purchased":["ReplayTheSpireMod:Shiv Toss","vexMod:Dragonfruit"],"campfire_rested":6,"item_purchase_floors":[20,20],"current_hp_per_floor":[62,44,44,44,30,51,51,32,32,53,41,33,21,21,42,27,59,45,36,41,39,13,35,28,50,50,50,40,29,29,18,40,0,0],"gold":445,"neow_bonus":"ONE_RANDOM_RARE_CARD","is_daily":false,"chose_seed":false,"campfire_upgraded":0,"win_rate":0.0,"timestamp":1608407409,"path_taken":["M","?","?","?","?","R","M","E","T","R","E","M","E","M","R","BOSS","M","M","$","M","M","R","M","R","T","?","M","?","?","M","R","BOSS"],"items_purchased_type":["Card","Relic"],"build_version":"2020-12-13","purchased_purges":1,"victory":false,"max_hp_per_floor":[70,70,70,70,70,70,70,70,70,70,70,70,70,70,70,70,70,70,70,75,75,75,75,75,75,75,75,75,75,75,75,75,75,75],"relic_stats":{"Sozu":5,"counters":[18,85],"Bronze Scales":[177],"MawBank":144,"Boot":[28],"obtain_stats":[{"ReplayFunnel":2,"Sozu":17,"vexMod:Dragonfruit":20,"Replay:Accelerometer":9,"Bronze Scales":13,"MutagenicStrength":30,"CultistMask":3,"StuffTheSpire:Nightcore":11,"MawBank":8,"Boot":26,"Ring of the Snake":0},{"ReplayFunnel":1,"Sozu":9,"vexMod:Dragonfruit":11,"Replay:Accelerometer":4,"Bronze Scales":7,"MutagenicStrength":16,"CultistMask":1,"StuffTheSpire:Nightcore":5,"MawBank":4,"Boot":14,"Ring of the Snake":0},{"ReplayFunnel":4,"Sozu":46,"vexMod:Dragonfruit":54,"Replay:Accelerometer":20,"Bronze Scales":37,"MutagenicStrength":77,"CultistMask":4,"StuffTheSpire:Nightcore":28,"MawBank":20,"Boot":67,"Ring of the Snake":0}],"Ring of the Snake":[36]},"card_choices":[{"not_picked":["Well Laid Plans","Dagger Spray"],"picked":"Dash","floor":1},{"not_picked":["Acrobatics","Underhanded Strike"],"picked":"ReplayTheSpireMod:Scrap Shanks","floor":4},{"not_picked":["hubris:SlightOfHand","Dagger Spray","hubris:Counter"],"picked":"SKIP","floor":7},{"not_picked":["Deadly Poison","Poisoned Stab"],"picked":"hubris:Sniper","floor":8},{"not_picked":["hubris:Counter","Slice","ReplayTheSpireMod:Necrosis"],"picked":"SKIP","floor":11},{"not_picked":["Heel Hook","Backflip"],"picked":"Prepared","floor":12},{"not_picked":["StuffTheSpire:BumpUp","Sucker Punch"],"picked":"ReplayTheSpireMod:Scrap Shanks","floor":13},{"not_picked":["aspiration:Lunge","Glass Knife"],"picked":"Envenom","floor":16},{"not_picked":["Backflip","StuffTheSpire:Injection+1","PiercingWail"],"picked":"SKIP","floor":18},{"not_picked":["Crippling Poison","Cloak And Dagger","Toxin Wave+1"],"picked":"SKIP","floor":19},{"not_picked":["Quick Slash","Bane"],"picked":"hubris:SlightOfHand","floor":21},{"not_picked":["Underhanded Strike","ReplayTheSpireMod:Speed Training","ReplayTheSpireMod:Exploit Weakness"],"picked":"SKIP","floor":22},{"not_picked":["hubris:TrickCloak","Underhanded Strike"],"picked":"conspire:PoisonWeapons","floor":24},{"not_picked":["Underhanded Strike+1","Deflect"],"picked":"Expertise","floor":28},{"not_picked":["Escape Plan","Distraction","Flying Knee+1"],"picked":"SKIP","floor":29},{"not_picked":["Predator+1","ReplayTheSpireMod:The Works+1","Cloak And Dagger"],"picked":"SKIP","floor":31}],"player_experience":530866,"relics_obtained":[{"floor":8,"key":"MawBank"},{"floor":9,"key":"Replay:Accelerometer"},{"floor":11,"key":"StuffTheSpire:Nightcore"},{"floor":13,"key":"Bronze Scales"},{"floor":26,"key":"Boot"}],"event_choices":[{"damage_healed":0,"gold_gain":0,"player_choice":"Success","damage_taken":18,"relics_obtained":["ReplayFunnel"],"max_hp_gain":0,"max_hp_loss":0,"event_name":"Scrap Ooze","floor":2,"gold_loss":0},{"damage_healed":0,"gold_gain":0,"player_choice":"Trade","damage_taken":0,"relics_obtained":["CultistMask"],"max_hp_gain":0,"max_hp_loss":0,"event_name":"FaceTrader","floor":3,"gold_loss":0},{"damage_healed":0,"gold_gain":0,"player_choice":"Entered Light","damage_taken":14,"max_hp_gain":0,"max_hp_loss":0,"event_name":"Shining Light","floor":5,"gold_loss":0,"cards_upgraded":["Defend_G","Defend_G"]},{"damage_healed":0,"gold_gain":250,"player_choice":"Bet on Owner","damage_taken":0,"max_hp_gain":0,"max_hp_loss":0,"event_name":"The Joust","floor":27,"gold_loss":50},{"damage_healed":0,"gold_gain":0,"player_choice":"Inject Mutagens","damage_taken":0,"relics_obtained":["MutagenicStrength"],"max_hp_gain":0,"max_hp_loss":0,"event_name":"Drug Dealer","floor":30,"gold_loss":0}],"is_beta":false,"boss_relics":[{"not_picked":["Velvet Choker","Tiny House"],"picked":"Sozu"}],"items_purged_floors":[20],"is_endless":false,"potions_floor_spawned":[1,4,7,13,18,19,24,28,31],"killed_by":"conspire:MysteriousRune","ascension_level":6}}