{"host":"2lo6hma6kymb0g9i","time":1608403503,"event":{"mods":["BaseMod","Colored Map","DeckTracker","Minty Spire (QoL Compilation)"],"gold_per_floor":[111,121,46,65,65,95,95,95,95],"floor_reached":8,"playtime":592,"items_purged":[],"score":101,"play_id":"9a8e355f-bf10-4b00-a339-272c513a81d6","local_time":"20201220034503","is_ascension_mode":true,"campfire_choices":[{"data":"Neutralize","floor":7,"key":"SMITH"}],"circlet_count":0,"master_deck":["AscendersBane","Strike_G","Strike_G","Strike_G","Defend_G","Defend_G","Defend_G","Defend_G","Defend_G","Survivor","Neutralize+1","Slice","Predator","Blade Dance"],"relics":["Ring of the Snake","MealTicket","Shuriken"],"acts_visited":["Exordium"],"potions_floor_usage":[6,8],"damage_taken":[{"damage":0,"enemies":"Cultist","floor":1,"turns":4},{"damage":2,"enemies":"Small Slimes","floor":2,"turns":3},{"damage":1,"enemies":"Jaw Worm","floor":4,"turns":4},{"damage":40,"enemies":"Lagavulin","floor":6,"turns":6},{"damage":16,"enemies":"Gremlin Nob","floor":8,"turns":3}],"seed_played":"-4762023675766454759","potions_obtained":[{"floor":2,"key":"SteroidPotion"},{"floor":6,"key":"Swift Potion"}],"is_trial":false,"path_per_floor":["M","M","?","M","?","E","R","E"],"character_chosen":"THE_SILENT","items_purchased":[],"campfire_rested":0,"item_purchase_floors":[],"current_hp_per_floor":[59,57,57,56,56,16,16,0,0],"gold":95,"neow_bonus":"TRANSFORM_CARD","is_daily":false,"chose_seed":false,"campfire_upgraded":1,"win_rate":0.0,"timestamp":1608403503,"path_taken":["M","?","?","M","?","E","R","E"],"items_purchased_type":[],"build_version":"2020-12-13","purchased_purges":0,"victory":false,"max_hp_per_floor":[66,66,66,66,66,66,66,66,66],"card_choices":[{"not_picked":["Sucker Punch","Blade Dance"],"picked":"Quick Slash","floor":1},{"not_picked":["Sucker Punch","Eviscerate","Outmaneuver"],"picked":"SKIP","floor":2},{"not_picked":["Concentrate","Prepared"],"picked":"Predator","floor":4},{"not_picked":["Bullet Time","Skewer"],"picked":"Blade Dance","floor":6}],"player_experience":834494,"relics_obtained":[{"floor":6,"key":"Shuriken"}],"event_choices":[{"cards_removed":["Strike_G"],"damage_healed":0,"gold_gain":0,"player_choice":"Card Removal","damage_taken":0,"max_hp_gain":0,"max_hp_loss":0,"event_name":"The Cleric","floor":3,"gold_loss":75},{"cards_removed":["Quick Slash"],"damage_healed":0,"gold_gain":0,"player_choice":"Gave Card","damage_taken":0,"relics_obtained":["MealTicket"],"max_hp_gain":0,"max_hp_loss":0,"event_name":"WeMeetAgain","floor":5,"gold_loss":0}],"is_beta":false,"boss_relics":[],"items_purged_floors":[],"is_endless":false,"potions_floor_spawned":[2,6],"killed_by":"Gremlin Nob","ascension_level":16}}