{"host":"7y3xcojbvgknqiob","time":1608351679,"event":{"mods":["Aspiration","BaseMod","Best Route Mod","Downfall","Hermit","Magitek Elite","Minty Spire (QoL Compilation)","Potionbrewer","Quick Restart","StSLib","The Bug Knight"],"gold_per_floor":[99,199,213,213,244,169,223,148,148,148,168,178,189,43,54,54,54],"floor_reached":16,"playtime":1243,"items_purged":[],"score":125,"play_id":"7e1811e9-b08a-41a4-a6b4-b61dd37eb20e","local_time":"20201218202119","is_ascension_mode":false,"campfire_choices":[{"floor":1,"key":"RECALL"},{"floor":6,"key":"REST"},{"data":"champ:Taunt","floor":8,"key":"SMITH"},{"data":"champ:AdrenalArmor","floor":10,"key":"SMITH"}],"circlet_count":0,"master_deck":["champ:Strike","champ:Strike","champ:Strike","champ:Strike","champ:Defend","champ:Defend","champ:Defend","champ:Defend","champ:Execute","champ:Taunt+1","champ:AdrenalArmor+1","champ:FlashCut","champ:GladiatorsShout","champ:StanceDance","champ:FocusedGladiator","champ:BerserkersShout","champ:ShieldWall","champ:BladeFlurry","champ:ViciousMockery"],"relics":["champ:ChampionCrown","Toy Ornithopter","downfall:HeartBlessingRed","downfall:HeartBlessingBlue"],"acts_visited":["Exordium"],"potions_floor_usage":[16],"damage_taken":[{"damage":11,"enemies":"2 Louse","floor":3,"turns":4},{"damage":69,"enemies":"Lagavulin","floor":5,"turns":8},{"damage":23,"enemies":"Small Slimes","floor":11,"turns":3},{"damage":6,"enemies":"Jaw Worm","floor":12,"turns":3},{"damage":9,"enemies":"2 Fungi Beasts","floor":13,"turns":4},{"damage":2,"enemies":"downfall:FleeingMerchant","floor":14,"turns":4},{"damage":24,"enemies":"3 Louse","floor":15,"turns":4},{"damage":87,"enemies":"downfall:Watcher","floor":16,"turns":11}],"seed_played":"6622800459612752197","potions_obtained":[{"floor":12,"key":"SteroidPotion"},{"floor":13,"key":"potionbrewer:NoxiousPotion"}],"is_trial":false,"path_per_floor":["R","?","M","?","E","R","T","R","?","R","M","M","M","$","M","B"],"character_chosen":"THE_CHAMP","items_purchased":["champ:ShieldWall","champ:BladeFlurry"],"campfire_rested":1,"item_purchase_floors":[14,14],"current_hp_per_floor":[99,99,93,93,41,70,70,80,91,91,83,82,80,80,56,0,0],"gold":54,"neow_bonus":"TEN_PERCENT_HP_BONUS","is_daily":false,"chose_seed":false,"campfire_upgraded":2,"win_rate":0.0,"timestamp":1608351679,"path_taken":["R","?","M","?","E","R","T","R","?","R","M","M","M","?","M","BOSS"],"items_purchased_type":["Card","Card"],"build_version":"2020-12-13","purchased_purges":0,"victory":false,"max_hp_per_floor":[99,99,99,99,99,99,99,109,109,109,109,109,109,109,109,109,109],"card_choices":[{"not_picked":["champ:FightOn","champ:DeathBlow"],"picked":"champ:AdrenalArmor","floor":3},{"not_picked":["champ:AdrenalArmor","champ:CrownThrow"],"picked":"champ:FlashCut","floor":5},{"not_picked":["champ:FlashCut","champ:PerfectedStrike"],"picked":"champ:GladiatorsShout","floor":11},{"not_picked":["champ:DancingMaster","champ:Encircle"],"picked":"champ:StanceDance","floor":12},{"not_picked":["champ:GladiatorsShout","champ:FightOn"],"picked":"champ:FocusedGladiator","floor":13},{"not_picked":["champ:ViciousMockery","champ:Circumvent"],"picked":"champ:BerserkersShout","floor":14},{"not_picked":["champ:RapidStrikes","champ:Circumvent"],"picked":"champ:ViciousMockery","floor":15}],"player_experience":331727,"relics_obtained":[{"floor":5,"key":"Toy Ornithopter"}],"event_choices":[],"is_beta":false,"boss_relics":[],"items_purged_floors":[],"is_endless":false,"potions_floor_spawned":[12,13],"killed_by":"downfall:Watcher","ascension_level":0}}