{"host":"yo9wwslrag05lh37","time":1608349307,"event":{"mods":["AchievementEnabler","BaseMod","Block Reminder","Colored Map","Colored Powertips","GifTheSpireLib","HexUI Lib","Highlight Path","Minty Spire (QoL Compilation)","Rare Cards Sparkle","Relic Stats","StSLib","everything is the same but u backflip on backflip"],"gold_per_floor":[111,36,54,129,143,175,175,210,210,360,377,377,45,77,77,77,77],"floor_reached":16,"playtime":489,"items_purged":["Parasite"],"score":236,"play_id":"f6124881-dd47-4105-86a2-f0feee4585cf","local_time":"20201219044147","is_ascension_mode":true,"campfire_choices":[{"data":"Carnage","floor":7.0,"key":"SMITH"},{"data":"Whirlwind","floor":12.0,"key":"SMITH"},{"data":"True Grit","floor":15.0,"key":"SMITH"}],"circlet_count":0,"master_deck":["AscendersBane","Strike_R","Strike_R","Strike_R","Strike_R","Strike_R","Defend_R","Defend_R","Defend_R","Defend_R","Bash","Whirlwind+1","Anger","Carnage+1","Inflame","Doubt","Thunderclap","True Grit+1"],"relics":["Burning Blood","FossilizedHelix","Potion Belt","Shuriken","Art of War","Happy Flower","Anchor","Frozen Egg 2"],"acts_visited":["Exordium"],"potions_floor_usage":[],"damage_taken":[{"damage":2.0,"enemies":"Jaw Worm","floor":1.0,"turns":4.0},{"damage":8.0,"enemies":"2 Louse","floor":3.0,"turns":2.0},{"damage":0.0,"enemies":"Small Slimes","floor":5.0,"turns":4.0},{"damage":30.0,"enemies":"3 Sentries","floor":6.0,"turns":8.0},{"damage":27.0,"enemies":"Lagavulin","floor":8.0,"turns":7.0},{"damage":0.0,"enemies":"Exordium Wildlife","floor":11.0,"turns":2.0},{"damage":10.0,"enemies":"3 Sentries","floor":14.0,"turns":5.0},{"damage":23,"enemies":"Hexaghost","floor":16,"turns":7}],"seed_played":"-4966934357008760427","potions_obtained":[{"floor":1.0,"key":"Dexterity Potion"}],"is_trial":false,"path_per_floor":["M","$","M","?","M","E","R","E","T","?","M","R","$","E","R","B"],"character_chosen":"IRONCLAD","items_purchased":["Happy Flower","Anchor"],"campfire_rested":0,"item_purchase_floors":[13,13],"current_hp_per_floor":[72,72,70,59,65,41,41,20,20,20,26,26,26,22,22,0,0],"gold":77,"neow_bonus":"ONE_RARE_RELIC","is_daily":false,"chose_seed":false,"campfire_upgraded":3,"win_rate":0.0,"timestamp":1608349307,"path_taken":["M","$","M","?","M","E","R","E","T","?","M","R","$","E","R","BOSS"],"items_purchased_type":["Relic","Relic"],"build_version":"2020-12-13","purchased_purges":1,"victory":false,"max_hp_per_floor":[75,72,72,72,72,72,72,72,72,72,72,72,72,72,72,72,72],"relic_stats":{"Happy Flower":[4],"counters":[8,39],"Shuriken":[7],"Art of War":[0],"obtain_stats":[{"Potion Belt":6,"Anchor":13,"Happy Flower":13,"Shuriken":8,"Art of War":9,"Frozen Egg 2":14,"Burning Blood":0,"FossilizedHelix":0},{"Potion Belt":4,"Anchor":6,"Happy Flower":6,"Shuriken":5,"Art of War":5,"Frozen Egg 2":7,"Burning Blood":0,"FossilizedHelix":0},{"Potion Belt":18,"Anchor":27,"Happy Flower":27,"Shuriken":25,"Art of War":25,"Frozen Egg 2":32,"Burning Blood":0,"FossilizedHelix":0}],"Burning Blood":42},"card_choices":[{"not_picked":["Perfected Strike","Iron Wave","Infernal Blade"],"picked":"SKIP","floor":1.0},{"not_picked":["Seeing Red","Uppercut"],"picked":"Whirlwind","floor":3.0},{"not_picked":["Twin Strike","Headbutt"],"picked":"Anger","floor":5.0},{"not_picked":["Body Slam","Warcry"],"picked":"Carnage","floor":6.0},{"not_picked":["Armaments","Headbutt"],"picked":"Inflame","floor":8.0},{"not_picked":["Clothesline","Headbutt"],"picked":"Thunderclap","floor":11.0},{"not_picked":["Twin Strike","Heavy Blade"],"picked":"True Grit","floor":14.0}],"player_experience":1335756,"relics_obtained":[{"floor":6.0,"key":"Potion Belt"},{"floor":8.0,"key":"Shuriken"},{"floor":9.0,"key":"Art of War"},{"floor":14.0,"key":"Frozen Egg 2"}],"event_choices":[{"damage_healed":0.0,"max_hp_gain":0.0,"max_hp_loss":0.0,"gold_gain":75.0,"event_name":"World of Goop","player_choice":"Gather Gold","floor":4.0,"gold_loss":0.0,"damage_taken":11.0},{"damage_healed":0.0,"max_hp_gain":0.0,"max_hp_loss":0.0,"gold_gain":150.0,"event_name":"Liars Game","player_choice":"AGREE","floor":10.0,"gold_loss":0.0,"damage_taken":0.0,"cards_obtained":["Doubt"]}],"is_beta":false,"boss_relics":[],"items_purged_floors":[2],"is_endless":false,"potions_floor_spawned":[1],"killed_by":"Hexaghost","ascension_level":20}}