{"host":"9ndbo4kgsfoemf7y","time":1608368246,"event":{"mods":["AchievementEnabler","BaseMod","Colored Map","DeckTracker","Keyboard Shortcuts","Minty Spire (QoL Compilation)","Permanent Neow","Quick Restart","Relic Stats","StSLib","SuperFastMode"],"gold_per_floor":[111,261,261,280,205,205,239,239,286,286,300,225,250,113,113,203,203,221,221,242,14,14,47,47,71,71,87,87,106,106,106,106,204,204,228,16,349,374,374,400,400,414,465,476,217,237,237,254,254,254,254],"floor_reached":50,"playtime":1631,"items_purged":["Doubt","Strike_G","Strike_G+1","Strike_G+1","Defend_G+1"],"score":1025,"play_id":"b3393312-4008-4267-b256-917b9d60d4a4","local_time":"20201219175726","is_ascension_mode":true,"campfire_choices":[{"data":"Neutralize","floor":6.0,"key":"SMITH"},{"data":"Prepared","floor":8.0,"key":"SMITH"},{"data":"A Thousand Cuts","floor":15.0,"key":"SMITH"},{"floor":24.0,"key":"REST"},{"floor":30,"key":"REST"},{"floor":32,"key":"REST"},{"data":"Strike_G+1","floor":41,"key":"PURGE"},{"floor":47,"key":"REST"},{"data":"Defend_G+1","floor":49,"key":"PURGE"}],"circlet_count":0,"master_deck":["AscendersBane","Defend_G+1","Defend_G+1","Defend_G+1","Survivor","Neutralize+1","Heel Hook","Prepared+1","A Thousand Cuts+1","Escape Plan","Footwork","Well Laid Plans","Die Die Die","Adrenaline","Heel Hook","Flechettes","Terror+1"],"relics":["Ring of the Snake","NeowsBlessing","Ornamental Fan","Omamori","Lantern","SlaversCollar","Membership Card","Centennial Puzzle","Blood Vial","Shuriken","Sundial","Calling Bell","Art of War","Paper Crane","Torii","Letter Opener","Peace Pipe","StrikeDummy","Pen Nib","Calipers"],"acts_visited":["Exordium","TheCity","TheBeyond"],"potions_floor_usage":[29,46,50,50],"damage_taken":[{"damage":0.0,"enemies":"Jaw Worm","floor":1.0,"turns":1.0},{"damage":0.0,"enemies":"2 Louse","floor":4.0,"turns":1.0},{"damage":0.0,"enemies":"3 Sentries","floor":7.0,"turns":1.0},{"damage":5.0,"enemies":"Small Slimes","floor":11.0,"turns":3.0},{"damage":3.0,"enemies":"Exordium Wildlife","floor":13.0,"turns":3.0},{"damage":20.0,"enemies":"Slime Boss","floor":16.0,"turns":10.0},{"damage":21.0,"enemies":"Shell Parasite","floor":18.0,"turns":7.0},{"damage":23.0,"enemies":"Spheric Guardian","floor":20.0,"turns":7.0},{"damage":6.0,"enemies":"Gremlin Leader","floor":23.0,"turns":6.0},{"damage":16.0,"enemies":"Cultist and Chosen","floor":25.0,"turns":5.0},{"damage":3.0,"enemies":"Chosen and Byrds","floor":27.0,"turns":5.0},{"damage":6,"enemies":"Centurion and Healer","floor":29,"turns":6},{"damage":37,"enemies":"Collector","floor":33,"turns":12},{"damage":8,"enemies":"3 Shapes","floor":35,"turns":5},{"damage":0,"enemies":"Mind Bloom Boss Battle","floor":38,"turns":9},{"damage":19,"enemies":"Nemesis","floor":40,"turns":7},{"damage":17,"enemies":"3 Darklings","floor":42,"turns":3},{"damage":0,"enemies":"Spire Growth","floor":44,"turns":6},{"damage":1,"enemies":"Writhing Mass","floor":46,"turns":5},{"damage":0,"enemies":"Maw","floor":48,"turns":7},{"damage":40,"enemies":"Time Eater","floor":50,"turns":7}],"seed_played":"1994038076419864977","potions_obtained":[{"floor":7.0,"key":"AttackPotion"},{"floor":11.0,"key":"LiquidMemories"},{"floor":20.0,"key":"DuplicationPotion"},{"floor":25.0,"key":"Fire Potion"},{"floor":27.0,"key":"Energy Potion"},{"floor":29,"key":"EssenceOfSteel"},{"floor":44,"key":"Block Potion"},{"floor":48,"key":"LiquidBronze"}],"is_trial":false,"path_per_floor":["M","?","?","M","$","R","E","R","T","?","M","?","M","$","R","B",null,"M","?","M","$","?","E","R","M","T","M","?","M","R","T","R","B",null,"M","$","?","?","?","E","R","M","T","M","$","M","R","M","R","B"],"character_chosen":"THE_SILENT","items_purchased":["Well Laid Plans","Membership Card","Letter Opener","Calipers"],"campfire_rested":4,"item_purchase_floors":[14,21,36,45],"current_hp_per_floor":[59,59,59,59,59,59,59,59,59,59,54,54,51,51,51,31,53,32,32,9,9,9,3,21,7,7,6,6,2,20,20,38,3,46,40,40,40,42,42,25,25,10,10,12,12,13,31,33,33,0,0],"gold":254,"neow_bonus":"THREE_ENEMY_KILL","is_daily":false,"chose_seed":false,"campfire_upgraded":3,"win_rate":0.0,"timestamp":1608368246,"path_taken":["M","?","?","M","$","R","E","R","T","?","M","?","?","$","R","BOSS","M","?","M","$","?","E","R","M","T","M","?","?","R","?","R","BOSS","M","$","?","?","?","E","R","?","T","M","?","M","R","?","R","BOSS"],"items_purchased_type":["Card","Relic","Relic","Relic"],"build_version":"2020-12-13","purchased_purges":5,"victory":false,"max_hp_per_floor":[66,66,60,60,60,60,60,60,60,60,60,60,60,60,60,60,60,60,60,60,60,60,60,60,60,60,60,60,60,60,60,60,60,60,60,60,60,60,60,60,60,60,60,60,60,60,60,60,60,60,60],"relic_stats":{"Torii":19,"counters":[21,116],"Pen Nib":[8],"Letter Opener":[156],"Blood Vial":24,"Peace Pipe":2,"Centennial Puzzle":[30],"Ornamental Fan":[224],"Shuriken":[39],"Sundial":[32],"Art of War":[1],"obtain_stats":[{"Lantern":10,"Calipers":45,"NeowsBlessing":0,"Torii":34,"Golden Idol":3,"Pen Nib":43,"Omamori":9,"Letter Opener":36,"Paper Crane":34,"Blood Vial":23,"Calling Bell":34,"Peace Pipe":38,"SlaversCollar":17,"Centennial Puzzle":22,"Ornamental Fan":7,"Shuriken":26,"Sundial":31,"Art of War":34,"Membership Card":21,"StrikeDummy":40,"Ring of the Snake":0},{"Lantern":3,"Calipers":18,"NeowsBlessing":0,"Torii":13,"Golden Idol":1,"Pen Nib":17,"Omamori":3,"Letter Opener":14,"Paper Crane":13,"Blood Vial":9,"Calling Bell":13,"Peace Pipe":15,"SlaversCollar":6,"Centennial Puzzle":8,"Ornamental Fan":3,"Shuriken":10,"Sundial":12,"Art of War":13,"Membership Card":8,"StrikeDummy":16,"Ring of the Snake":0},{"Lantern":3,"Calipers":97,"NeowsBlessing":0,"Torii":67,"Golden Idol":1,"Pen Nib":91,"Omamori":3,"Letter Opener":72,"Paper Crane":67,"Blood Vial":39,"Calling Bell":67,"Peace Pipe":81,"SlaversCollar":19,"Centennial Puzzle":33,"Ornamental Fan":3,"Shuriken":44,"Sundial":55,"Art of War":67,"Membership Card":33,"StrikeDummy":88,"Ring of the Snake":0}],"Ring of the Snake":[42]},"card_choices":[{"not_picked":["Dagger Spray","Noxious Fumes"],"picked":"Heel Hook","floor":1.0},{"not_picked":["Distraction","Deflect"],"picked":"Prepared","floor":4.0},{"not_picked":["Underhanded Strike","Glass Knife"],"picked":"A Thousand Cuts","floor":7.0},{"not_picked":["Deflect","Accuracy"],"picked":"Escape Plan","floor":11.0},{"not_picked":["Acrobatics","Quick Slash"],"picked":"Footwork","floor":13.0},{"not_picked":["Glass Knife","Night Terror"],"picked":"Die Die Die","floor":16.0},{"not_picked":["Cloak And Dagger","Deadly Poison","Bouncing Flask+1"],"picked":"SKIP","floor":18.0},{"not_picked":["Cloak And Dagger","Dagger Spray","Bane"],"picked":"SKIP","floor":20.0},{"not_picked":["Cloak And Dagger","Slice","Backflip"],"picked":"SKIP","floor":23.0},{"not_picked":["All Out Attack","Crippling Poison","Accuracy"],"picked":"SKIP","floor":25.0},{"not_picked":["Corpse Explosion","Dodge and Roll","PiercingWail"],"picked":"SKIP","floor":27.0},{"not_picked":["Slice","Backflip","Eviscerate"],"picked":"SKIP","floor":29},{"not_picked":["Tools of the Trade","Burst"],"picked":"Adrenaline","floor":33},{"not_picked":["Poisoned Stab","Dagger Spray","Acrobatics"],"picked":"SKIP","floor":35},{"not_picked":["Endless Agony","Blade Dance","Prepared"],"picked":"SKIP","floor":40},{"not_picked":["Noxious Fumes","Underhanded Strike","Concentrate"],"picked":"SKIP","floor":42},{"not_picked":["Outmaneuver","Skewer"],"picked":"Flechettes","floor":44},{"not_picked":["Poisoned Stab","Catalyst","Blur"],"picked":"SKIP","floor":46},{"not_picked":["Backstab","Bane"],"picked":"Terror+1","floor":48}],"player_experience":707690,"relics_obtained":[{"floor":7.0,"key":"Ornamental Fan"},{"floor":9.0,"key":"Omamori"},{"floor":23.0,"key":"Blood Vial"},{"floor":26.0,"key":"Shuriken"},{"floor":31,"key":"Sundial"},{"floor":34,"key":"Art of War"},{"floor":34,"key":"Paper Crane"},{"floor":34,"key":"Torii"},{"floor":38,"key":"Peace Pipe"},{"floor":40,"key":"StrikeDummy"},{"floor":43,"key":"Pen Nib"}],"event_choices":[{"damage_healed":0.0,"max_hp_gain":0.0,"max_hp_loss":0.0,"gold_gain":150.0,"event_name":"Liars Game","player_choice":"AGREE","floor":2.0,"gold_loss":0.0,"damage_taken":0.0,"cards_obtained":["Doubt"]},{"damage_healed":0.0,"max_hp_gain":0.0,"max_hp_loss":6.0,"gold_gain":0.0,"event_name":"Golden Idol","player_choice":"Lose Max HP","floor":3.0,"gold_loss":0.0,"damage_taken":0.0,"relics_obtained":["Golden Idol"]},{"damage_healed":0.0,"max_hp_gain":0.0,"max_hp_loss":0.0,"gold_gain":0.0,"event_name":"Dead Adventurer","player_choice":"Searched \u00272\u0027 times","floor":10.0,"gold_loss":0.0,"damage_taken":0.0,"relics_obtained":["Lantern"]},{"cards_removed":["Strike_G"],"damage_healed":0.0,"max_hp_gain":0.0,"max_hp_loss":0.0,"gold_gain":0.0,"event_name":"The Cleric","player_choice":"Card Removal","floor":12.0,"gold_loss":75.0,"damage_taken":0.0},{"damage_healed":0.0,"max_hp_gain":0.0,"max_hp_loss":0.0,"gold_gain":0.0,"event_name":"Back to Basics","player_choice":"Simplicity","floor":19.0,"gold_loss":0.0,"damage_taken":0.0,"cards_upgraded":["Strike_G","Strike_G","Strike_G","Defend_G","Defend_G","Defend_G","Defend_G","Defend_G"]},{"damage_healed":0.0,"max_hp_gain":0.0,"max_hp_loss":0.0,"gold_gain":0.0,"event_name":"Addict","player_choice":"Stole Relic","floor":22.0,"gold_loss":0.0,"damage_taken":0.0,"relics_obtained":["Centennial Puzzle"],"cards_obtained":["Shame"]},{"damage_healed":0.0,"max_hp_gain":0.0,"max_hp_loss":0.0,"gold_gain":0.0,"event_name":"Match and Keep!","player_choice":"0 cards matched","floor":28.0,"gold_loss":0.0,"damage_taken":0.0,"cards_obtained":[]},{"damage_healed":0,"gold_gain":333,"player_choice":"Gave Idol","damage_taken":0,"max_hp_gain":0,"max_hp_loss":0,"event_name":"The Moai Head","floor":37,"relics_lost":["Golden Idol"],"gold_loss":0},{"damage_healed":0,"gold_gain":0,"player_choice":"Fight","damage_taken":0,"max_hp_gain":0,"max_hp_loss":0,"event_name":"MindBloom","floor":38,"gold_loss":0},{"damage_healed":0,"gold_gain":0,"player_choice":"Copied","damage_taken":0,"max_hp_gain":0,"max_hp_loss":0,"event_name":"Duplicator","floor":39,"gold_loss":0,"cards_obtained":["Heel Hook"]}],"is_beta":false,"boss_relics":[{"not_picked":["SacredBark","Sozu"],"picked":"SlaversCollar"},{"not_picked":["Philosopher\u0027s Stone","WristBlade"],"picked":"Calling Bell"}],"items_purged_floors":[5,14,21,36,45],"is_endless":false,"potions_floor_spawned":[7,11,20,25,27,29,44,48],"killed_by":"Time Eater","ascension_level":18}}