{"host":"f08kpr20kj92d76t","time":1608365961,"event":{"mods":["AchievementEnabler","BaseMod","Colored Map","Colored Powertips","Downfall","Googly Eyes","Minty Spire (QoL Compilation)","Relic Stats","StSLib"],"gold_per_floor":[99,99,119,146,162,87,166,166,186,199,199,213,224,224,244,347,347,347,360,374,406,422,72,72,106,120,149,180,180,199,262,277,380,380,230,256,269,289,324,20,20,45,45,75,125,145,145,183,203,203,203,238,98,98,98],"floor_reached":56,"playtime":5312,"items_purged":["champ:Taunt","champ:ShieldWall","champ:Execute"],"score":1695,"play_id":"d0671fe4-7992-4dae-9e83-7f5d9c99ee99","local_time":"20201219021921","is_ascension_mode":true,"campfire_choices":[{"floor":1.0,"key":"RECALL"},{"floor":6.0,"key":"REST"},{"floor":18.0,"key":"REST"},{"floor":35,"key":"REST"},{"floor":54,"key":"REST"}],"circlet_count":0,"master_deck":["champ:Defend","champ:Defend","champ:Defend+1","champ:RecklessLeap","champ:Aggression","champ:ShieldWall","champ:AdrenalArmor","champ:AdrenalArmor","champ:CheapShot","expansioncontent:BronzeBeam","champ:EnragedBash","champ:IgnorePain","champ:Backstep+1","champ:Control","champ:CrookedStrike","champ:StanceDance+1","champ:HeartStrike","champ:Encircle+1","champ:ShieldSlam","Bite","Bite","Bite","Bite","Bite","champ:CalledShot+1","champ:AdrenalArmor+1","champ:ShieldSlam","champ:BringItOn+1","champ:IgnorePain+1","Apotheosis+1","expansioncontent:CaCaw","champ:HoldFirm+1","champ:ShieldThrow"],"relics":["Fusion Hammer","Omamori","downfall:HeartBlessingRed","Shuriken","downfall:ShatteredFragment","Runic Pyramid","Lantern","Kunai","Prayer Wheel","Toy Ornithopter","Red Mask","Toolbox","Calling Bell","Oddly Smooth Stone","Darkstone Periapt","Thread and Needle","downfall:HeartBlessingGreen","downfall:HeartBlessingBlue","Toxic Egg 2","TungstenRod","HornCleat","Bag of Preparation","Strawberry","Calipers","War Paint"],"acts_visited":["Exordium","TheCity","TheBeyond","TheEnding"],"potions_floor_usage":[49,55,55,55],"damage_taken":[{"damage":5.0,"enemies":"Small Slimes","floor":3.0,"turns":3.0},{"damage":41.0,"enemies":"3 Sentries","floor":4.0,"turns":8.0},{"damage":18.0,"enemies":"Cultist","floor":5.0,"turns":3.0},{"damage":15.0,"enemies":"2 Louse","floor":9.0,"turns":1.0},{"damage":36.0,"enemies":"Lots of Slimes","floor":10.0,"turns":3.0},{"damage":22.0,"enemies":"Large Slime","floor":12.0,"turns":3.0},{"damage":22.0,"enemies":"Blue Slaver","floor":13.0,"turns":2.0},{"damage":9.0,"enemies":"Exordium Wildlife","floor":15.0,"turns":3.0},{"damage":61.0,"enemies":"downfall:Defect","floor":16.0,"turns":5.0},{"damage":2.0,"enemies":"Chosen","floor":19.0,"turns":4.0},{"damage":30.0,"enemies":"Snake Plant","floor":20.0,"turns":4.0},{"damage":38.0,"enemies":"Slavers","floor":21.0,"turns":5.0},{"damage":31,"enemies":"Shelled Parasite and Fungi","floor":22,"turns":5},{"damage":36,"enemies":"downfall:FleeingMerchant","floor":23,"turns":5},{"damage":42,"enemies":"Book of Stabbing","floor":25,"turns":4},{"damage":27,"enemies":"Centurion and Healer","floor":26,"turns":7},{"damage":30,"enemies":"Gremlin Leader","floor":27,"turns":6},{"damage":29,"enemies":"Masked Bandits","floor":28,"turns":4},{"damage":0,"enemies":"Snake Plant","floor":30,"turns":4},{"damage":17,"enemies":"downfall:FleeingMerchant","floor":31,"turns":3},{"damage":6,"enemies":"3 Cultists","floor":32,"turns":3},{"damage":38,"enemies":"downfall:Ironclad","floor":33,"turns":6},{"damage":48,"enemies":"Giant Head","floor":36,"turns":7},{"damage":22,"enemies":"Orb Walker","floor":37,"turns":4},{"damage":20,"enemies":"3 Shapes","floor":38,"turns":4},{"damage":37,"enemies":"Nemesis","floor":39,"turns":6},{"damage":14,"enemies":"Reptomancer","floor":42,"turns":7},{"damage":33,"enemies":"Giant Head","floor":44,"turns":7},{"damage":35,"enemies":"Mind Bloom Boss Battle","floor":45,"turns":4},{"damage":35,"enemies":"Maw","floor":46,"turns":6},{"damage":29,"enemies":"Jaw Worm Horde","floor":48,"turns":3},{"damage":1,"enemies":"4 Shapes","floor":49,"turns":4},{"damage":42,"enemies":"downfall:Silent","floor":50,"turns":5},{"damage":52,"enemies":"downfall:CharBossMerchant","floor":52,"turns":9},{"damage":67,"enemies":"downfall:NeowBoss","floor":55,"turns":24}],"seed_played":"8058041939360579434","potions_obtained":[{"floor":5.0,"key":"SneckoOil"},{"floor":12.0,"key":"SteroidPotion"},{"floor":16.0,"key":"hexamod:EctoCoolerPotion"},{"floor":20.0,"key":"Dexterity Potion"},{"floor":22,"key":"sneckomod:MuddlingPotion"},{"floor":28,"key":"Regen Potion"},{"floor":30,"key":"Strength Potion"},{"floor":32,"key":"Fruit Juice"},{"floor":49,"key":"Energy Potion"}],"is_trial":false,"path_per_floor":["R","?","M","E","M","R","T","?","M","M","?","M","M","?","M","B",null,"R","M","M","E","M","$","T","E","M","E","?","?","M","$","M","B",null,"R","E","M","M","E","$","T","E","?","E","?","M","$","M","M","B",null,"E","$","R","B",null],"character_chosen":"THE_CHAMP","items_purchased":["Kunai","Toolbox","Apotheosis+1","champ:ShieldThrow"],"campfire_rested":4,"item_purchase_floors":[23,31,40,53],"current_hp_per_floor":[90,90,90,72,72,90,90,90,90,82,82,82,82,55,55,29,90,90,90,80,65,65,65,65,55,55,60,60,60,62,62,62,62,62,72,72,72,72,72,72,72,72,63,79,79,79,79,79,84,84,84,84,84,84,84],"gold":98,"neow_bonus":"BOSS_RELIC","is_daily":false,"chose_seed":false,"campfire_upgraded":0,"win_rate":0.0,"timestamp":1608365961,"path_taken":["R","?","?","E","M","R","T","?","M","M","?","?","M","?","M","BOSS","R","M","M","E","M","$","T","E","M","E","?","?","M","$","M","BOSS","R","E","M","M","E","$","T","E","?","E","?","?","$","M","M","BOSS","E","$","R","BOSS"],"items_purchased_type":["Relic","Relic","Card","Card"],"build_version":"2020-12-13","purchased_purges":3,"victory":true,"max_hp_per_floor":[90,90,90,90,90,90,90,90,90,90,90,90,90,90,90,90,90,90,90,90,90,90,90,90,90,90,90,90,62,62,62,62,62,62,72,72,72,72,72,72,72,72,72,79,79,79,79,79,84,84,84,84,84,84,84],"relic_stats":{"Darkstone Periapt":0,"counters":[35,181],"Shuriken":[107],"Prayer Wheel":8,"Bag of Preparation":[16],"Kunai":[86],"War Paint":["champ:Defend","champ:AdrenalArmor"],"obtain_stats":[{"Darkstone Periapt":34,"Lantern":21,"Calipers":45,"champ:ChampionCrown":0,"downfall:HeartBlessingGreen":35,"Bag of Preparation":42,"HornCleat":41,"downfall:HeartBlessingBlue":35,"Strawberry":44,"Toolbox":31,"Prayer Wheel":25,"Fusion Hammer":0,"Red Mask":28,"Kunai":23,"Toxic Egg 2":36,"Runic Pyramid":17,"downfall:ShatteredFragment":14,"downfall:HeartBlessingRed":6,"Oddly Smooth Stone":34,"Thread and Needle":34,"Omamori":4,"War Paint":52,"Calling Bell":34,"Shuriken":7,"Toy Ornithopter":27,"TungstenRod":39},{"Darkstone Periapt":22,"Lantern":12,"Calipers":29,"champ:ChampionCrown":0,"downfall:HeartBlessingGreen":22,"Bag of Preparation":27,"HornCleat":26,"downfall:HeartBlessingBlue":22,"Strawberry":28,"Toolbox":20,"Prayer Wheel":15,"Fusion Hammer":0,"Red Mask":18,"Kunai":14,"Toxic Egg 2":23,"Runic Pyramid":9,"downfall:ShatteredFragment":7,"downfall:HeartBlessingRed":3,"Oddly Smooth Stone":22,"Thread and Needle":22,"Omamori":2,"War Paint":34,"Calling Bell":22,"Shuriken":3,"Toy Ornithopter":17,"TungstenRod":26},{"Darkstone Periapt":91,"Lantern":44,"Calipers":130,"champ:ChampionCrown":0,"downfall:HeartBlessingGreen":91,"Bag of Preparation":119,"HornCleat":112,"downfall:HeartBlessingBlue":91,"Strawberry":126,"Toolbox":82,"Prayer Wheel":58,"Fusion Hammer":0,"Red Mask":75,"Kunai":54,"Toxic Egg 2":98,"Runic Pyramid":31,"downfall:ShatteredFragment":23,"downfall:HeartBlessingRed":14,"Oddly Smooth Stone":91,"Thread and Needle":91,"Omamori":11,"War Paint":157,"Calling Bell":91,"Shuriken":14,"Toy Ornithopter":71,"TungstenRod":112}],"Toy Ornithopter":0,"TungstenRod":120},"card_choices":[{"not_picked":["champ:Encircle","champ:CrookedStrike"],"picked":"champ:RecklessLeap","floor":3.0},{"not_picked":["champ:Haymaker","champ:RapidStrikes"],"picked":"champ:Aggression","floor":4.0},{"not_picked":["champ:FlashCut","champ:Backstep"],"picked":"champ:ShieldWall","floor":5.0},{"not_picked":["champ:EndlessRage","champ:ViciousMockery"],"picked":"champ:AdrenalArmor","floor":9.0},{"not_picked":["champ:GladiatorsShout","champ:RisingSlash"],"picked":"champ:AdrenalArmor","floor":10.0},{"not_picked":["champ:Riposte","champ:EnGarde"],"picked":"champ:EnragedBash","floor":12.0},{"not_picked":["champ:BerserkersShout","champ:StanceDance"],"picked":"champ:ShieldWall","floor":13.0},{"not_picked":["champ:StanceDance","champ:RapidStrikes","champ:HeavySlash"],"picked":"SKIP","floor":15.0},{"not_picked":["champ:HoldFirm","champ:LastStand"],"picked":"champ:IgnorePain","floor":16.0},{"not_picked":["champ:TornadoPunch","champ:Haymaker+1"],"picked":"champ:Backstep+1","floor":19.0},{"not_picked":["champ:BladeFlurry","champ:EndlessRage"],"picked":"champ:Control","floor":20.0},{"not_picked":["champ:StanceDance","champ:FaceSlap"],"picked":"champ:CrookedStrike","floor":21.0},{"not_picked":["champ:BladeFlurry+1","champ:FanOfKnives","champ:FalseCounter+1"],"picked":"SKIP","floor":22},{"not_picked":["champ:SkillfulDodge","champ:GladiatorStyle","champ:FaceSlap"],"picked":"SKIP","floor":23},{"not_picked":["champ:Aggression","champ:FocusedDefense","champ:MurderStrike"],"picked":"SKIP","floor":25},{"not_picked":["champ:FalseCounter+1","champ:TornadoPunch"],"picked":"champ:StanceDance+1","floor":26},{"not_picked":["champ:BladeFlurry","champ:PerfectedStrike+1"],"picked":"champ:HeartStrike","floor":26},{"not_picked":["champ:TornadoPunch","champ:StanceDance+1"],"picked":"champ:Encircle+1","floor":27},{"not_picked":["champ:GutPunch","champ:SkillfulDodge"],"picked":"champ:ShieldSlam","floor":28},{"not_picked":["champ:BerserkersShout","champ:Haymaker"],"picked":"champ:CalledShot+1","floor":30},{"not_picked":["champ:ShieldWall+1","champ:EnragedBash","champ:FlashCut"],"picked":"SKIP","floor":30},{"not_picked":["champ:Aggression","champ:GladiatorsShout","champ:BladeFlurry+1"],"picked":"SKIP","floor":31},{"not_picked":["champ:Improvising","champ:TornadoPunch+1"],"picked":"champ:AdrenalArmor","floor":32},{"not_picked":["champ:FocusedGladiator+1","champ:CrookedStrike","champ:DefensiveShout"],"picked":"SKIP","floor":32},{"not_picked":["champ:SteelEdge","champ:MurderStrike"],"picked":"champ:ShieldSlam","floor":33},{"not_picked":["champ:TornadoPunch+1","champ:SkillfulDodge+1","champ:DefensiveStyle"],"picked":"SKIP","floor":36},{"not_picked":["champ:StanceDance+1","champ:Backstep+1"],"picked":"champ:BringItOn+1","floor":37},{"not_picked":["champ:StanceDance+1","champ:Backstep+1","champ:FocusedGladiator+1"],"picked":"SKIP","floor":37},{"not_picked":["champ:AdrenalArmor+1","champ:ShieldWall","champ:Shatter"],"picked":"SKIP","floor":38},{"not_picked":["champ:Encircle","champ:Haymaker+1","champ:CrookedStrike+1"],"picked":"SKIP","floor":38},{"not_picked":["champ:FaceSlap","champ:Backstep+1"],"picked":"champ:IgnorePain+1","floor":39},{"not_picked":["champ:Encircle","champ:RisingSlash","champ:FlashCut+1"],"picked":"SKIP","floor":42},{"not_picked":["expansioncontent:DecasProtection+1","expansioncontent:DefensiveStance"],"picked":"expansioncontent:CaCaw","floor":43},{"not_picked":["champ:Encircle+1","champ:Backstep+1","champ:GladiatorsShout+1"],"picked":"SKIP","floor":44},{"not_picked":["champ:TornadoPunch+1","champ:Backstep+1","champ:IronFortress+1"],"picked":"SKIP","floor":46},{"not_picked":["champ:BringItOn+1","champ:DefensiveShout+1","champ:GladiatorsShout+1"],"picked":"SKIP","floor":46},{"not_picked":["champ:GladiatorStyle+1","champ:PerfectedStrike","champ:SwordThrow"],"picked":"SKIP","floor":48},{"not_picked":["champ:FocusedBerserking+1","champ:Shatter+1","champ:StanceDance+1"],"picked":"SKIP","floor":48},{"not_picked":["champ:ShieldWall+1","champ:Haymaker","champ:BerserkersShout+1"],"picked":"SKIP","floor":49},{"not_picked":["champ:PerfectedStrike+1","champ:CrookedStrike","champ:TornadoPunch+1"],"picked":"SKIP","floor":49},{"not_picked":["champ:StanceDance+1","champ:PerfectedStrike"],"picked":"champ:HoldFirm+1","floor":52}],"player_experience":507314,"relics_obtained":[{"floor":4.0,"key":"Omamori"},{"floor":7.0,"key":"Shuriken"},{"floor":21.0,"key":"Lantern"},{"floor":25,"key":"Prayer Wheel"},{"floor":27,"key":"Toy Ornithopter"},{"floor":28,"key":"Red Mask"},{"floor":34,"key":"Oddly Smooth Stone"},{"floor":34,"key":"Darkstone Periapt"},{"floor":34,"key":"Thread and Needle"},{"floor":36,"key":"Toxic Egg 2"},{"floor":39,"key":"TungstenRod"},{"floor":41,"key":"HornCleat"},{"floor":42,"key":"Bag of Preparation"},{"floor":44,"key":"Strawberry"},{"floor":45,"key":"Calipers"},{"floor":52,"key":"War Paint"}],"event_choices":[{"cards_removed":["champ:Defend"],"damage_healed":0.0,"max_hp_gain":0.0,"max_hp_loss":0.0,"gold_gain":0.0,"event_name":"Purifier","player_choice":"Purged","floor":2.0,"gold_loss":0.0,"damage_taken":0.0},{"damage_healed":0,"gold_gain":0,"player_choice":"Fought Bandits","damage_taken":0,"max_hp_gain":0,"max_hp_loss":0,"event_name":"Masked Bandits","floor":28,"gold_loss":0},{"damage_healed":0,"gold_gain":0,"player_choice":"Became a vampire","damage_taken":0,"max_hp_gain":0,"max_hp_loss":28,"event_name":"Vampires","floor":29,"gold_loss":0,"cards_obtained":["Bite","Bite","Bite","Bite","Bite"]}],"is_beta":false,"boss_relics":[{"not_picked":["SacredBark","Empty Cage"],"picked":"Runic Pyramid"},{"not_picked":["Pandora\u0027s Box","Astrolabe"],"picked":"Calling Bell"}],"items_purged_floors":[23,31,40],"is_endless":false,"potions_floor_spawned":[5,12,16,20,22,28,30,32,33,36,39,44,45,49],"ascension_level":1}}