{"host":"e1ezmaebp4k769tb","time":1608375154,"event":{"mods":["2.2 Compatiblity","AchievementEnabler","AlwaysNeverKeys","BaseMod","CapriCore","Card Filter","Colored Powertips","Curses Come First","DeckTracker","Friendly Minions","Hermit","Highlight Path","Keyboard Shortcuts","Minty Spire (QoL Compilation)","Permanent Neow","Quick Restart","Red Circlet Mod","Relic Filter","Replay The Spire","StSLib","WarShipGirlsR/??á´Ò³R mod"],"gold_per_floor":[114,129,145,162,177,204,204,232,232,232,232,245,245,262,262,262,262],"floor_reached":16,"playtime":650,"items_purged":[],"score":171,"play_id":"8dcc4a20-684f-4d34-8f85-7fcff866306d","local_time":"20201219195234","is_ascension_mode":true,"campfire_choices":[{"data":"rmod:wolves","floor":7,"key":"SMITH"},{"data":"rmod:diamondstrike","floor":10,"key":"SMITH"},{"data":"rmod:basicallowance","floor":13,"key":"SMITH"},{"floor":15,"key":"REST"}],"circlet_count":0,"master_deck":["AscendersBane","rmod:strick","rmod:strick+1","rmod:strick","rmod:strick","rmod:defend","rmod:defend","rmod:defend","rmod:defend","rmod:basicallowance+1","rmod:maingunfire","rmod:basicallowance","rmod:strick","rmod:robin","rmod:concentratefire+1","rmod:ammunitionsupply","rmod:guardianhero","rmod:slowdown","rmod:intelligenceanalysis","rmod:steelsupply","rmod:wolves+1","rmod:diamondstrike+1","rmod:aviationdawn","rmod:aviationdawn","rmod:advancebysurprise","rmod:victimresponsibility","rmod:firesupport"],"relics":["rmod:firstchargereward","Prayer Wheel","Sundial","ReplayFunnel","Oddly Smooth Stone"],"acts_visited":["Exordium"],"potions_floor_usage":[6,16],"damage_taken":[{"damage":0,"enemies":"Small Slimes","floor":1,"turns":3},{"damage":1,"enemies":"2 Louse","floor":2,"turns":2},{"damage":0,"enemies":"Cultist","floor":3,"turns":2},{"damage":8,"enemies":"3 Louse","floor":4,"turns":2},{"damage":3,"enemies":"Large Slime","floor":5,"turns":6},{"damage":20,"enemies":"Lagavulin","floor":6,"turns":3},{"damage":8,"enemies":"Gremlin Nob","floor":8,"turns":3},{"damage":0,"enemies":"Exordium Wildlife","floor":12,"turns":2},{"damage":6,"enemies":"Blue Slaver","floor":14,"turns":3},{"damage":38,"enemies":"Fading Forest","floor":16,"turns":7}],"seed_played":"-1943519120960433503","potions_obtained":[{"floor":1,"key":"DistilledChaos"},{"floor":3,"key":"SmokeBomb"},{"floor":4,"key":"Milkshake"},{"floor":6,"key":"Adrenaline Potion"}],"is_trial":false,"path_per_floor":["M","M","M","M","M","E","R","E","T","R","?","M","R","M","R","B"],"character_chosen":"PRAEFECT","items_purchased":[],"campfire_rested":1,"item_purchase_floors":[],"current_hp_per_floor":[68,67,67,59,56,36,36,28,28,28,13,13,13,7,29,0,0],"gold":262,"neow_bonus":"ONE_RARE_RELIC","is_daily":false,"chose_seed":false,"campfire_upgraded":3,"win_rate":0.0,"timestamp":1608375154,"path_taken":["M","M","M","M","M","E","R","E","T","R","?","M","R","M","R","BOSS"],"items_purchased_type":[],"build_version":"2020-12-13","purchased_purges":0,"victory":false,"max_hp_per_floor":[75,75,75,75,75,75,75,75,75,75,75,75,75,75,75,75,75],"card_choices":[{"not_picked":["rmod:highspeedshooting","rmod:guardianhero"],"picked":"rmod:robin","floor":1},{"not_picked":["rmod:wife","rmod:goodfighter"],"picked":"rmod:concentratefire","floor":1},{"not_picked":["rmod:luckystar","rmod:tearstotiara"],"picked":"rmod:ammunitionsupply","floor":2},{"not_picked":["rmod:bulid","rmod:fuelsupply"],"picked":"rmod:guardianhero","floor":2},{"not_picked":["rmod:sl","rmod:luckystar"],"picked":"rmod:slowdown","floor":3},{"not_picked":["rmod:capitalist","rmod:fletcherpendant"],"picked":"rmod:intelligenceanalysis","floor":3},{"not_picked":["rmod:lonelyqueen","rmod:rockthrower"],"picked":"rmod:steelsupply","floor":4},{"not_picked":["rmod:aluminumsupply","rmod:goodsister","rmod:aggressivemary"],"picked":"SKIP","floor":4},{"not_picked":["rmod:salvage","rmod:ammunitionsupply"],"picked":"rmod:wolves","floor":5},{"not_picked":["rmod:royalracing","rmod:selfconfidence"],"picked":"rmod:diamondstrike","floor":5},{"not_picked":["rmod:slowdown","rmod:diamondstrike"],"picked":"rmod:aviationdawn","floor":6},{"not_picked":["rmod:intelligenceanalysis","rmod:gendarmerie"],"picked":"rmod:aviationdawn","floor":8},{"not_picked":["rmod:steelsupply","rmod:circuitoustactics"],"picked":"rmod:advancebysurprise","floor":12},{"not_picked":["rmod:spoils","rmod:combined","rmod:aviationdawn"],"picked":"SKIP","floor":12},{"not_picked":["rmod:selfconfidence","rmod:unsinkable"],"picked":"rmod:victimresponsibility","floor":14},{"not_picked":["rmod:intelligenceanalysis","rmod:highspeedmaneuver"],"picked":"rmod:firesupport","floor":14}],"player_experience":108094,"relics_obtained":[{"floor":6,"key":"Sundial"},{"floor":8,"key":"ReplayFunnel"},{"floor":9,"key":"Oddly Smooth Stone"}],"event_choices":[{"damage_healed":0,"gold_gain":0,"player_choice":"Entered Light","damage_taken":15,"max_hp_gain":0,"max_hp_loss":0,"event_name":"Shining Light","floor":11,"gold_loss":0,"cards_upgraded":["rmod:concentratefire","rmod:strick"]}],"is_beta":false,"boss_relics":[],"items_purged_floors":[],"is_endless":false,"potions_floor_spawned":[1,3,4,6,12],"killed_by":"Fading Forest","ascension_level":10}}