{"host":"coame8l8goqx0svj","time":1608400199,"event":{"mods":["BaseMod","Downfall","Minty Spire (QoL Compilation)","StSLib"],"gold_per_floor":[99,99,125,125,160,160,160,189,199,49,149,324,324,21,39,144,144,156,188,185,227,239,251,287,224,221,266,297,309,331,343,370,478,490,502,564,576,421,446,446,446,457,482,482,498,510,42,42,56,56,56,85,11,11,11],"floor_reached":56,"playtime":4910,"items_purged":["Doubt"],"score":2122,"play_id":"c187d207-fbd0-4d90-b7c2-ddb3e7a79c85","local_time":"20201219184959","is_ascension_mode":true,"campfire_choices":[{"floor":1.0,"key":"RECALL"},{"floor":10.0,"key":"REST"},{"data":"champ:ArenaPreparation","floor":18.0,"key":"SMITH"},{"data":"champ:Duel","floor":23.0,"key":"SMITH"},{"data":"champ:Taunt","floor":25.0,"key":"SMITH"},{"data":"champ:VampiricStrike","floor":35,"key":"SMITH"},{"data":"champ:MurderStrike","floor":37,"key":"SMITH"},{"data":"champ:Balance","floor":44,"key":"SMITH"},{"floor":54,"key":"REST"}],"circlet_count":0,"master_deck":["champ:Strike+1","champ:Strike","champ:Defend","champ:Defend","champ:Defend","champ:Defend","champ:Execute","champ:Taunt+1","champ:ArenaPreparation+1","champ:FocusedDefense","champ:Balance","champ:Duel+1","champ:EndlessRage","champ:Balance+1","champ:EnchantCrown","CurseOfTheBell","champ:PreciseThrust","champ:ViciousMockery","champ:ArenaPreparation+1","champ:VampiricStrike+1","champ:Haymaker+1","champ:MurderStrike+1","champ:PreciseThrust+1","champ:VampiricStrike+1","champ:AdrenalArmor","champ:GladiatorStyle+1","champ:GladiatorStyle","champ:RapidStrikes","champ:TornadoPunch+1","Secret Technique+1","champ:Improvising","Panache"],"relics":["champ:ChampionCrown","downfall:HeartsMalice","Thread and Needle","hexamod:BolsterEngine","Singing Bowl","Potion Belt","downfall:HeartBlessingRed","downfall:HeartBlessingGreen","Bottled Tornado","Calling Bell","MawBank","Meat on the Bone","Prayer Wheel","Dead Branch","downfall:HeartBlessingBlue","Oddly Smooth Stone","Lantern","champ:PowerArmor","champ:DuelingGlove","DollysMirror","Whetstone","champ:DefensiveTrainingManual","The Courier","Membership Card","StrikeDummy","TungstenRod","Toxic Egg 2","Anchor","Pantograph","Bird Faced Urn","Centennial Puzzle"],"acts_visited":["Exordium","TheCity","TheBeyond","TheEnding"],"potions_floor_usage":[33,39,55,55,55],"damage_taken":[{"damage":0.0,"enemies":"Jaw Worm","floor":2.0,"turns":1.0},{"damage":0.0,"enemies":"Lagavulin","floor":3.0,"turns":1.0},{"damage":0.0,"enemies":"downfall:FleeingMerchant","floor":4.0,"turns":1.0},{"damage":44.0,"enemies":"Gremlin Nob","floor":5.0,"turns":4.0},{"damage":20.0,"enemies":"3 Sentries","floor":8.0,"turns":7.0},{"damage":5.0,"enemies":"2 Louse","floor":9.0,"turns":5.0},{"damage":22.0,"enemies":"downfall:FleeingMerchant","floor":14.0,"turns":4.0},{"damage":5.0,"enemies":"Small Slimes","floor":15.0,"turns":2.0},{"damage":52.0,"enemies":"downfall:Ironclad","floor":16.0,"turns":8.0},{"damage":7.0,"enemies":"Chosen","floor":19.0,"turns":7.0},{"damage":10.0,"enemies":"downfall:FleeingMerchant","floor":20.0,"turns":4.0},{"damage":53.0,"enemies":"Book of Stabbing","floor":21.0,"turns":9.0},{"damage":19.0,"enemies":"downfall:FleeingMerchant","floor":26.0,"turns":4.0},{"damage":70,"enemies":"Slavers","floor":27,"turns":7},{"damage":53,"enemies":"3 Byrds","floor":28,"turns":5},{"damage":53,"enemies":"Centurion and Healer","floor":30,"turns":8},{"damage":10,"enemies":"Snecko","floor":32,"turns":5},{"damage":114,"enemies":"downfall:Silent","floor":33,"turns":18},{"damage":79,"enemies":"Mind Bloom Boss Battle","floor":36,"turns":10},{"damage":18,"enemies":"downfall:FleeingMerchant","floor":38,"turns":4},{"damage":69,"enemies":"Reptomancer","floor":39,"turns":6},{"damage":5,"enemies":"Orb Walker","floor":42,"turns":3},{"damage":31,"enemies":"Giant Head","floor":43,"turns":8},{"damage":45,"enemies":"3 Shapes","floor":45,"turns":4},{"damage":10,"enemies":"Maw","floor":46,"turns":6},{"damage":0,"enemies":"downfall:FleeingMerchant","floor":47,"turns":1},{"damage":8,"enemies":"Transient","floor":49,"turns":5},{"damage":15,"enemies":"downfall:Watcher","floor":50,"turns":3},{"damage":200,"enemies":"downfall:CharBossMerchant","floor":52,"turns":9},{"damage":204,"enemies":"downfall:NeowBoss","floor":55,"turns":31}],"seed_played":"-3378238098902143302","potions_obtained":[{"floor":3.0,"key":"Fire Potion"},{"floor":8.0,"key":"champ:OpenerPotion"},{"floor":9.0,"key":"EssenceOfSteel"},{"floor":15.0,"key":"Fruit Juice"},{"floor":16.0,"key":"SpeedPotion"},{"floor":21.0,"key":"SpeedPotion"},{"floor":27,"key":"PowerPotion"},{"floor":28,"key":"AttackPotion"},{"floor":33,"key":"FearPotion"},{"floor":43,"key":"Swift Potion"},{"floor":46,"key":"Dexterity Potion"},{"floor":49,"key":"DuplicationPotion"}],"is_trial":false,"path_per_floor":["R","M","E","$","E","?","T","E","M","R","?","?","?","$","M","B",null,"R","M","$","E","?","R","T","R","$","E","M","T","M","?","M","B",null,"R","?","R","$","E","?","T","M","E","R","M","M","$","?","M","B",null,"E","$","R","B",null],"character_chosen":"THE_CHAMP","items_purchased":["champ:Balance","Bottled Tornado","DollysMirror","Membership Card","StrikeDummy","TungstenRod","Toxic Egg 2","Secret Technique+1","Anchor","Pantograph","Bird Faced Urn","Panache"],"campfire_rested":2,"item_purchase_floors":[14,14,38,47,47,47,47,47,47,47,47,53],"current_hp_per_floor":[81,81,81,81,52,52,52,47,47,74,74,74,84,87,89,75,101,101,104,106,77,77,77,77,87,92,90,112,112,131,103,114,38,115,115,93,93,131,128,128,128,146,148,148,120,150,152,162,164,164,164,36,36,85,77],"gold":11,"neow_bonus":"THREE_ENEMY_KILL","is_daily":false,"chose_seed":false,"campfire_upgraded":6,"win_rate":0.0,"timestamp":1608400199,"path_taken":["R","M","E","$","E","?","T","E","M","R","?","?","?","$","M","BOSS","R","M","$","E","?","R","T","R","$","E","M","?","M","?","M","BOSS","R","?","R","$","E","?","T","M","E","R","?","M","?","?","M","BOSS","E","$","R","BOSS"],"items_purchased_type":["Card","Relic","Relic","Relic","Relic","Relic","Relic","Card","Relic","Relic","Relic","Card"],"build_version":"2020-12-13","purchased_purges":1,"victory":true,"max_hp_per_floor":[90,90,90,90,90,90,90,90,90,90,90,90,100,102,104,109,109,109,113,113,113,113,113,113,123,123,123,127,127,131,136,140,140,140,140,140,140,142,144,144,144,146,148,148,150,150,152,162,164,164,164,166,166,166,166],"card_choices":[{"not_picked":["champ:Haymaker","champ:RapidStrikes"],"picked":"champ:ArenaPreparation","floor":2.0},{"not_picked":["champ:BladeFlurry","champ:CheapShot"],"picked":"champ:FocusedDefense","floor":3.0},{"not_picked":["champ:BladeFlurry","champ:GladiatorsShout"],"picked":"champ:Balance","floor":4.0},{"not_picked":["champ:StanceDance","champ:Haymaker"],"picked":"champ:LastStand","floor":5.0},{"not_picked":["champ:Encircle","champ:EndlessRage"],"picked":"champ:Duel","floor":8.0},{"not_picked":["champ:ShieldWall","champ:FlashCut"],"picked":"champ:EndlessRage","floor":9.0},{"not_picked":["champ:CrookedStrike","champ:Riposte","champ:FanOfKnives"],"picked":"Singing Bowl","floor":14.0},{"not_picked":["champ:GladiatorsShout","champ:BringItOn","champ:Haymaker"],"picked":"Singing Bowl","floor":15.0},{"not_picked":["champ:CrownThrow","champ:MurderStrike"],"picked":"champ:EnchantCrown","floor":16.0},{"not_picked":["champ:Backstep+1","champ:AdrenalArmor","champ:Circumvent"],"picked":"Singing Bowl","floor":19.0},{"not_picked":["champ:Duel","champ:FlashCut+1","champ:EnragedBash"],"picked":"Singing Bowl","floor":19.0},{"not_picked":["champ:BerserkersShout+1","champ:FightOn"],"picked":"champ:PreciseThrust","floor":20.0},{"not_picked":["champ:Encircle","champ:CheapShot"],"picked":"champ:ViciousMockery","floor":21.0},{"not_picked":["champ:FocusedBerserking","champ:PerfectedStrike"],"picked":"champ:VampiricStrike","floor":26},{"not_picked":["champ:ShieldSigil","champ:Backstep"],"picked":"champ:Haymaker+1","floor":27},{"not_picked":["champ:FanOfKnives+1","champ:Haymaker","champ:HeartStrike+1"],"picked":"Singing Bowl","floor":28},{"not_picked":["champ:TornadoPunch","champ:GladiatorsShout","champ:Backstep+1"],"picked":"Singing Bowl","floor":28},{"not_picked":["champ:FocusedGladiator+1","champ:Haymaker","champ:EndlessRage+1"],"picked":"Singing Bowl","floor":30},{"not_picked":["champ:BerserkersShout+1","champ:CrookedStrike","champ:AdrenalArmor"],"picked":"Singing Bowl","floor":30},{"not_picked":["champ:BerserkerStyle","champ:Circumvent+1","champ:GladiatorsShout"],"picked":"Singing Bowl","floor":32},{"not_picked":["champ:Haymaker+1","champ:Riposte","champ:FocusedGladiator"],"picked":"Singing Bowl","floor":32},{"not_picked":["champ:ShieldSlam","champ:CheapShot"],"picked":"champ:MurderStrike","floor":33},{"not_picked":["champ:Lariat","champ:GladiatorsShout+1"],"picked":"champ:PreciseThrust","floor":36},{"not_picked":["champ:HeartStrike+1","champ:GutPunch+1","champ:Haymaker+1"],"picked":"Singing Bowl","floor":38},{"not_picked":["champ:StanceDance","champ:SwordSigil+1","champ:Backstep"],"picked":"Singing Bowl","floor":39},{"not_picked":["champ:BringItOn+1","champ:GladiatorsShout"],"picked":"champ:GladiatorStyle+1","floor":42},{"not_picked":["champ:PerfectedStrike","champ:Circumvent+1","champ:DefensiveShout"],"picked":"Singing Bowl","floor":42},{"not_picked":["champ:Aggression","champ:EnchantShield","champ:FocusedGladiator+1"],"picked":"Singing Bowl","floor":43},{"not_picked":["champ:Circumvent+1","champ:CrookedStrike+1","champ:RageSigil"],"picked":"Singing Bowl","floor":45},{"not_picked":["champ:Aggression","champ:Shatter+1"],"picked":"champ:GladiatorStyle","floor":45},{"not_picked":["champ:GladiatorsShout","champ:Riposte+1"],"picked":"champ:RapidStrikes","floor":46},{"not_picked":["champ:BladeFlurry","champ:BringItOn"],"picked":"champ:TornadoPunch+1","floor":46},{"not_picked":["champ:ViciousMockery","champ:Riposte+1","champ:BerserkerStyle+1"],"picked":"Singing Bowl","floor":47},{"not_picked":["champ:Backstep+1","champ:GladiatorsShout+1"],"picked":"champ:Improvising","floor":49},{"not_picked":["champ:GladiatorsShout+1","champ:Backstep+1","champ:FlashCut"],"picked":"Singing Bowl","floor":49},{"not_picked":["champ:Haymaker+1","champ:PerfectedStrike+1","champ:DefensiveShout+1"],"picked":"Singing Bowl","floor":52}],"player_experience":1659338,"relics_obtained":[{"floor":3.0,"key":"Thread and Needle"},{"floor":5.0,"key":"hexamod:BolsterEngine"},{"floor":7.0,"key":"Singing Bowl"},{"floor":8.0,"key":"Potion Belt"},{"floor":17.0,"key":"MawBank"},{"floor":17.0,"key":"Meat on the Bone"},{"floor":17.0,"key":"Prayer Wheel"},{"floor":21.0,"key":"Dead Branch"},{"floor":27,"key":"Oddly Smooth Stone"},{"floor":29,"key":"Lantern"},{"floor":36,"key":"champ:DuelingGlove"},{"floor":39,"key":"Whetstone"},{"floor":41,"key":"champ:DefensiveTrainingManual"},{"floor":43,"key":"The Courier"},{"floor":52,"key":"Centennial Puzzle"}],"event_choices":[{"damage_healed":0.0,"max_hp_gain":0.0,"max_hp_loss":0.0,"gold_gain":0.0,"event_name":"Duplicator","player_choice":"Copied","floor":22.0,"gold_loss":0.0,"damage_taken":0.0,"cards_obtained":["champ:ArenaPreparation"]},{"damage_healed":0,"gold_gain":0,"cards_transformed":["champ:Strike"],"player_choice":"Transformed","damage_taken":0,"max_hp_gain":0,"max_hp_loss":0,"event_name":"Transmorgrifier","floor":40,"gold_loss":0,"cards_obtained":["champ:AdrenalArmor"]},{"cards_removed":["champ:LastStand"],"damage_healed":0,"gold_gain":0,"player_choice":"Offered Rare","damage_taken":0,"max_hp_gain":10,"max_hp_loss":0,"event_name":"Bonfire Elementals","floor":48,"gold_loss":0}],"is_beta":false,"boss_relics":[{"not_picked":["Velvet Choker","SlaversCollar"],"picked":"Calling Bell"},{"not_picked":["champ:ChampionCrownUpgraded","Tiny House"],"picked":"champ:PowerArmor"}],"items_purged_floors":[47],"is_endless":false,"potions_floor_spawned":[3,8,9,15,16,21,27,28,33,43,46,49],"ascension_level":9}}