{"host":"zekcc3vicrep0och","time":1608390396,"event":{"mods":["AchievementEnabler","BaseMod","Colored Map","Colored Powertips","Displayed Cursed Tome","Minty Spire (QoL Compilation)","Relic Stats","StSLib"],"gold_per_floor":[115,126,126,143,143,171,171,171,171,171,189,220,220,245,245,344,344,356,35,53,73,73,73,73,73],"floor_reached":24,"playtime":1111,"items_purged":["Strike_G"],"score":342,"play_id":"80504594-20fe-4606-be59-4036762dc3a7","local_time":"20201219180636","is_ascension_mode":true,"campfire_choices":[{"data":"Dash","floor":7.0,"key":"SMITH"},{"data":"PiercingWail","floor":10.0,"key":"SMITH"},{"data":"Venomology","floor":13.0,"key":"SMITH"},{"data":"Catalyst","floor":15.0,"key":"SMITH"},{"data":"Footwork","floor":23.0,"key":"SMITH"}],"circlet_count":0,"master_deck":["AscendersBane","Strike_G","Strike_G","Strike_G","Defend_G","Defend_G","Defend_G","Defend_G","Defend_G","Survivor","Neutralize+1","Dash+1","Deadly Poison","Poisoned Stab","Poisoned Stab","PiercingWail+1","Catalyst+1","Venomology+1","Leg Sweep","Corpse Explosion","Bane","Footwork+1","Noxious Fumes","Escape Plan+1"],"relics":["Ring of the Snake","Question Card","Juzu Bracelet","Smiling Mask","The Courier","SacredBark","Vajra","Omamori","MealTicket"],"acts_visited":["Exordium","TheCity"],"potions_floor_usage":[24,24],"damage_taken":[{"damage":1.0,"enemies":"Jaw Worm","floor":1.0,"turns":4.0},{"damage":0.0,"enemies":"Small Slimes","floor":2.0,"turns":3.0},{"damage":0.0,"enemies":"Cultist","floor":4.0,"turns":4.0},{"damage":17.0,"enemies":"Gremlin Nob","floor":6.0,"turns":4.0},{"damage":17.0,"enemies":"Lots of Slimes","floor":11.0,"turns":8.0},{"damage":4.0,"enemies":"3 Sentries","floor":12.0,"turns":11.0},{"damage":1.0,"enemies":"Gremlin Nob","floor":14.0,"turns":4.0},{"damage":20.0,"enemies":"Slime Boss","floor":16.0,"turns":16.0},{"damage":15.0,"enemies":"3 Byrds","floor":18.0,"turns":3.0},{"damage":0.0,"enemies":"Chosen","floor":20.0,"turns":3.0},{"damage":14.0,"enemies":"Snake Plant","floor":21.0,"turns":5.0},{"damage":30,"enemies":"Book of Stabbing","floor":24,"turns":4}],"seed_played":"2906936280289987097","potions_obtained":[{"floor":1.0,"key":"BlessingOfTheForge"},{"floor":11.0,"key":"GamblersBrew"},{"floor":12.0,"key":"Block Potion"},{"floor":14.0,"key":"EssenceOfSteel"},{"floor":18.0,"key":"DuplicationPotion"},{"floor":20.0,"key":"PowerPotion"}],"is_trial":false,"path_per_floor":["M","M","?","M","?","E","R","?","T","R","M","E","R","E","R","B",null,"M","$","M","M","?","R","E"],"character_chosen":"THE_SILENT","items_purchased":["Footwork","Vajra","Omamori"],"campfire_rested":0,"item_purchase_floors":[19,19,19],"current_hp_per_floor":[62,62,62,62,55,38,38,61,61,61,44,40,40,39,39,19,57,42,42,42,28,28,28,0,0],"gold":73,"neow_bonus":"THREE_CARDS","is_daily":false,"chose_seed":false,"campfire_upgraded":5,"win_rate":0.0,"timestamp":1608390396,"path_taken":["M","M","?","M","?","E","R","?","T","R","M","E","R","E","R","BOSS","M","$","M","M","?","R","E"],"items_purchased_type":["Card","Relic","Relic"],"build_version":"2020-12-13","purchased_purges":1,"victory":false,"max_hp_per_floor":[70,70,70,70,70,70,70,70,70,70,70,70,70,70,70,70,70,70,70,70,70,70,70,70,70],"relic_stats":{"counters":[12,69],"MealTicket":0,"Juzu Bracelet":0,"Question Card":7,"Smiling Mask":10,"obtain_stats":[{"SacredBark":17,"Vajra":19,"MealTicket":22,"The Courier":14,"Juzu Bracelet":9,"Omamori":19,"Question Card":6,"Smiling Mask":12,"Ring of the Snake":0},{"SacredBark":8,"Vajra":9,"MealTicket":11,"The Courier":7,"Juzu Bracelet":4,"Omamori":9,"Question Card":4,"Smiling Mask":6,"Ring of the Snake":0},{"SacredBark":54,"Vajra":57,"MealTicket":65,"The Courier":38,"Juzu Bracelet":15,"Omamori":57,"Question Card":15,"Smiling Mask":34,"Ring of the Snake":0}],"Ring of the Snake":[24]},"card_choices":[{"not_picked":["Deadly Poison","Infinite Blades"],"picked":"Dash","floor":0.0},{"not_picked":["Bane","Outmaneuver"],"picked":"Deadly Poison","floor":1.0},{"not_picked":["Blade Dance","Noxious Fumes"],"picked":"Poisoned Stab","floor":2.0},{"not_picked":["Tactician","Prepared"],"picked":"Poisoned Stab","floor":4.0},{"not_picked":["Backstab","Outmaneuver"],"picked":"PiercingWail","floor":6.0},{"not_picked":["Prepared","Underhanded Strike","Sucker Punch"],"picked":"Catalyst","floor":11.0},{"not_picked":["Backflip","Predator","Dagger Throw"],"picked":"Venomology","floor":12.0},{"not_picked":["Dodge and Roll","Terror","Underhanded Strike"],"picked":"Leg Sweep","floor":14.0},{"not_picked":["Venomology","Grand Finale","Storm of Steel"],"picked":"Corpse Explosion","floor":16.0},{"not_picked":["Deadly Poison","Deflect","Slice+1"],"picked":"Bane","floor":18.0},{"not_picked":["Deflect","Deadly Poison","PiercingWail"],"picked":"Noxious Fumes","floor":20.0},{"not_picked":["Dodge and Roll","Deflect","Slice"],"picked":"Escape Plan+1","floor":21.0}],"player_experience":445825,"relics_obtained":[{"floor":6.0,"key":"Question Card"},{"floor":9.0,"key":"Juzu Bracelet"},{"floor":12.0,"key":"Smiling Mask"},{"floor":14.0,"key":"The Courier"}],"event_choices":[{"damage_healed":0.0,"max_hp_gain":0.0,"max_hp_loss":0.0,"gold_gain":0.0,"event_name":"Living Wall","player_choice":"Grow","floor":3.0,"gold_loss":0.0,"damage_taken":0.0,"cards_upgraded":["Neutralize"]},{"cards_removed":["Strike_G"],"damage_healed":0.0,"max_hp_gain":0.0,"max_hp_loss":0.0,"gold_gain":0.0,"event_name":"Golden Wing","player_choice":"Card Removal","floor":5.0,"gold_loss":0.0,"damage_taken":7.0},{"damage_healed":23.0,"max_hp_gain":0.0,"max_hp_loss":0.0,"gold_gain":0.0,"event_name":"Big Fish","player_choice":"Banana","floor":8.0,"gold_loss":0.0,"damage_taken":0.0},{"damage_healed":0.0,"max_hp_gain":0.0,"max_hp_loss":0.0,"gold_gain":0.0,"event_name":"The Mausoleum","player_choice":"Opened","floor":22.0,"gold_loss":0.0,"damage_taken":0.0,"relics_obtained":["MealTicket"]}],"is_beta":false,"boss_relics":[{"not_picked":["Pandora\u0027s Box","Runic Dome"],"picked":"SacredBark"}],"items_purged_floors":[19],"is_endless":false,"potions_floor_spawned":[1,11,12,14,18,20],"killed_by":"Book of Stabbing","ascension_level":12}}