{"host":"m1ntkrf87179kmo6","time":1608405005,"event":{"mods":["BaseMod","Better Third Choice","Minty Spire (QoL Compilation)","Shade Mod","StSLib"],"gold_per_floor":[117,133,133,150,150,150,182,182,182,182,182,203,203,219,219,342,405,419,334,350,350,368,43,43,74,74,88,109,49,49,69,69,194,194,218,238,238,252,252,252,61,61,61,61,80,80,93,93,93,93,93],"floor_reached":50,"playtime":3727,"items_purged":["Injury"],"score":512,"play_id":"83f7ecce-91b1-40ea-840f-7165ea66dfff","local_time":"20201219141005","is_ascension_mode":false,"campfire_choices":[{"floor":6,"key":"REST"},{"floor":8,"key":"RECALL"},{"data":"Shade:AncientSpear","floor":10,"key":"SMITH"},{"data":"Shade:TouchOfTheGrave","floor":13,"key":"SMITH"},{"floor":15,"key":"REST"},{"data":"Shade:ExtraLimbs","floor":24,"key":"SMITH"},{"floor":30,"key":"REST"},{"data":"Shade:Tombstone","floor":32,"key":"SMITH"},{"floor":40,"key":"REST"},{"floor":42,"key":"REST"},{"floor":46,"key":"REST"},{"floor":49,"key":"REST"}],"circlet_count":0,"master_deck":["Shade:Strike_Shade+1","Shade:Strike_Shade+1","Shade:Strike_Shade","Shade:Strike_Shade","Shade:Defend_Shade+1","Shade:Defend_Shade","Shade:Defend_Shade","Shade:Defend_Shade","Shade:AnimateDead","Shade:CarefulCut+1","Shade:AncientSpear+1","Shade:AblativeArmor","Shade:FuneraryArmor+1","Shade:TouchOfTheGrave+1","Shade:ClawBack","Shade:GreyBargain","Shade:ExtraLimbs+1","Shade:FuneraryArmor","Shade:FleshLikeOak","Shade:GreyBargain","Shade:Tombstone+1","Shade:GreyBargain+1","Shade:ClawBack","Shade:ExtraLimbs","Shade:Bite_Shade+1","Shade:FleshLikeOak","Shade:AncientSpear+1","Shade:FleshToFlesh+1","Shade:RitualOffering+1","Shade:FuneraryArmor+1","Shade:ExtraLimbs","Shade:RitualOffering+1","Shade:FleshLikeOak","Shade:ExtraLimbs","Shade:RitualOffering"],"relics":["Shade:YorickSkull","Shade:Thing","Prayer Wheel","Golden Idol","Tiny House","Blue Candle","Bronze Scales","Dream Catcher","Whetstone","The Courier","Black Star","HornCleat"],"acts_visited":["Exordium","TheCity","TheBeyond"],"potions_floor_usage":[0,7,16,20,25,28,35,38,38],"damage_taken":[{"damage":0,"enemies":"2 Louse","floor":1,"turns":3},{"damage":0,"enemies":"Jaw Worm","floor":2,"turns":4},{"damage":0,"enemies":"Small Slimes","floor":4,"turns":2},{"damage":19,"enemies":"Lagavulin","floor":7,"turns":5},{"damage":0,"enemies":"3 Louse","floor":12,"turns":4},{"damage":0,"enemies":"Exordium Wildlife","floor":14,"turns":3},{"damage":5,"enemies":"The Guardian","floor":16,"turns":8},{"damage":0,"enemies":"Chosen","floor":18,"turns":4},{"damage":7,"enemies":"2 Thieves","floor":20,"turns":4},{"damage":0,"enemies":"3 Cultists","floor":22,"turns":6},{"damage":9,"enemies":"Book of Stabbing","floor":25,"turns":5},{"damage":11,"enemies":"Snake Plant","floor":27,"turns":3},{"damage":18,"enemies":"Cultist and Chosen","floor":28,"turns":7},{"damage":5,"enemies":"Shelled Parasite and Fungi","floor":31,"turns":5},{"damage":49,"enemies":"Collector","floor":33,"turns":12},{"damage":28,"enemies":"3 Shapes","floor":35,"turns":5},{"damage":24,"enemies":"3 Darklings","floor":36,"turns":4},{"damage":16,"enemies":"Transient","floor":38,"turns":5},{"damage":12,"enemies":"Jaw Worm Horde","floor":45,"turns":5},{"damage":31,"enemies":"Maw","floor":47,"turns":8},{"damage":94,"enemies":"Time Eater","floor":50,"turns":8}],"seed_played":"-81070722896622093","potions_obtained":[{"floor":0,"key":"Regen Potion"},{"floor":0,"key":"Fruit Juice"},{"floor":0,"key":"Energy Potion"},{"floor":7,"key":"PowerPotion"},{"floor":14,"key":"SteroidPotion"},{"floor":17,"key":"FairyPotion"},{"floor":18,"key":"DistilledChaos"},{"floor":22,"key":"BlessingOfTheForge"},{"floor":33,"key":"PowerPotion"},{"floor":35,"key":"Swift Potion"},{"floor":36,"key":"ColorlessPotion"}],"is_trial":false,"path_per_floor":["M","M","?","M","$","R","E","R","T","R","?","M","R","M","R","B",null,"M","?","M","?","M","$","R","E","T","M","M","$","R","M","R","B",null,"M","M","?","M","?","R","$","R","T","$","M","R","M","?","R","B"],"character_chosen":"SHADE","items_purchased":["Bronze Scales","Dream Catcher","Shade:GreyBargain","HornCleat"],"campfire_rested":7,"item_purchase_floors":[23,23,23,41],"current_hp_per_floor":[70,70,56,56,56,70,51,51,51,51,51,51,51,51,70,65,75,75,75,68,68,68,68,68,59,59,48,45,45,67,62,62,19,75,47,26,26,10,10,32,32,54,54,54,45,67,39,39,61,0,0],"gold":93,"neow_bonus":"THREE_SMALL_POTIONS","is_daily":false,"chose_seed":false,"campfire_upgraded":4,"win_rate":0.0,"timestamp":1608405005,"path_taken":["M","M","?","M","$","R","E","R","T","R","?","M","R","M","R","BOSS","M","?","M","?","M","?","R","E","T","M","M","$","R","M","R","BOSS","M","M","?","M","?","R","$","R","T","$","M","R","M","?","R","BOSS"],"items_purchased_type":["Relic","Relic","Card","Relic"],"build_version":"2020-12-13","purchased_purges":1,"victory":false,"max_hp_per_floor":[70,70,70,70,70,70,70,70,70,70,70,70,70,70,70,70,75,75,75,75,75,75,75,75,75,75,75,75,75,75,75,75,75,75,75,75,75,75,75,75,75,75,75,75,75,75,75,75,75,75,75],"card_choices":[{"not_picked":["Shade:Brains","Shade:CloudOfShrapnel"],"picked":"Shade:AncientSpear","floor":1},{"not_picked":["Shade:SkeletonHug","Shade:CoffinDance"],"picked":"Shade:AblativeArmor","floor":2},{"not_picked":["Shade:Frenzy","Shade:LyeBath","Shade:Premonition"],"picked":"SKIP","floor":4},{"not_picked":["Shade:SkeletonArmy","Shade:GoDigging"],"picked":"Shade:FuneraryArmor","floor":7},{"not_picked":["Shade:PotionOfRestlessness","Shade:Doomsay"],"picked":"Shade:TouchOfTheGrave","floor":12},{"not_picked":["Shade:FeralStrike","Shade:FleshToFlesh","Shade:FingerOfDeath"],"picked":"SKIP","floor":12},{"not_picked":["Shade:AblativeArmor","Shade:OneIsEnough"],"picked":"Shade:ClawBack","floor":14},{"not_picked":["Shade:CommandSoldier","Shade:Frenzy","Shade:WallOfFlesh"],"picked":"SKIP","floor":14},{"not_picked":["Shade:FleshLikeOak","Shade:Patience"],"picked":"Shade:GreyBargain","floor":17},{"not_picked":["Shade:FreshBones","Shade:BoneShards"],"picked":"Shade:ExtraLimbs","floor":18},{"not_picked":["Shade:FreshBones+1","Shade:TouchOfTheGrave","Shade:PressTheAttack"],"picked":"SKIP","floor":18},{"not_picked":["Shade:ScuttlingHand","Shade:BoneShards"],"picked":"Shade:FuneraryArmor","floor":20},{"not_picked":["Shade:BoneShards","Shade:GraveStillness+1","Shade:Consume"],"picked":"SKIP","floor":20},{"not_picked":["Shade:CoffinDance","Shade:StitchTogether","Shade:SensePrey"],"picked":"SKIP","floor":22},{"not_picked":["Shade:WallOfFlesh","Shade:SpectralStrikes","Shade:SpontaneousRitual"],"picked":"SKIP","floor":22},{"not_picked":["Shade:AuraOfUnlife","Shade:Trample"],"picked":"Shade:Tombstone","floor":25},{"not_picked":["Shade:Brains","Shade:Frenzy"],"picked":"Shade:GreyBargain+1","floor":27},{"not_picked":["Shade:Premonition","Shade:CallWraith+1","Shade:CommandSoldier"],"picked":"SKIP","floor":27},{"not_picked":["Shade:BoneShards","Shade:DangerousRitual+1"],"picked":"Shade:ClawBack","floor":28},{"not_picked":["Shade:DangerousRitual","Shade:GraveStillness+1","Shade:FreshBones"],"picked":"SKIP","floor":28},{"not_picked":["Shade:SoulPierce","Shade:GoDigging"],"picked":"Shade:ExtraLimbs","floor":30},{"not_picked":["Shade:AncientSpear","Shade:PotionOfRestlessness"],"picked":"Shade:Bite_Shade+1","floor":31},{"not_picked":["Shade:WallOfFlesh","Shade:ClawBack","Shade:Bonestorm"],"picked":"SKIP","floor":31},{"not_picked":["Shade:SoulToxin+1","Shade:Haruspicy+1"],"picked":"Shade:FleshLikeOak","floor":35},{"not_picked":["Shade:ExtraLimbs","Shade:Trample+1"],"picked":"Shade:TouchOfTheGrave+1","floor":35},{"not_picked":["Shade:Haruspicy","Shade:SpectralStrikes+1"],"picked":"Shade:AncientSpear+1","floor":36},{"not_picked":["Shade:Frenzy","Shade:WallOfFlesh+1"],"picked":"Shade:FleshToFlesh+1","floor":36},{"not_picked":["Shade:Bonestorm","Shade:Brains+1"],"picked":"Shade:RitualOffering+1","floor":38},{"not_picked":["Shade:FreshBones+1","Shade:CommandSoldier","Shade:Trample"],"picked":"SKIP","floor":38},{"not_picked":["Shade:Patience+1","Shade:FeralStrike"],"picked":"Shade:FuneraryArmor+1","floor":40},{"not_picked":["Shade:StitchTogether","Shade:Brains+1"],"picked":"Shade:ExtraLimbs","floor":42},{"not_picked":["Shade:SkeletonHug","Shade:LoseControl"],"picked":"Shade:RitualOffering+1","floor":45},{"not_picked":["Shade:FreshBones","Shade:Premonition"],"picked":"Shade:FleshLikeOak","floor":45},{"not_picked":["Shade:SoulToxin+1","Shade:FeralStrike+1"],"picked":"Shade:ExtraLimbs","floor":46},{"not_picked":["Shade:FeralStrike","Shade:LichForm"],"picked":"Shade:RitualOffering","floor":47},{"not_picked":["Shade:CommandSoldier+1","Shade:GraveStillness+1","Shade:CallWraith+1"],"picked":"SKIP","floor":47}],"player_experience":1065058,"relics_obtained":[{"floor":7,"key":"Shade:Thing"},{"floor":9,"key":"Prayer Wheel"},{"floor":25,"key":"Whetstone"},{"floor":26,"key":"The Courier"}],"event_choices":[{"damage_healed":70,"gold_gain":0,"player_choice":"Upgrade","damage_taken":14,"max_hp_gain":0,"max_hp_loss":70,"event_name":"betterThird:BetterShining","floor":3,"gold_loss":0,"cards_upgraded":["Shade:Defend_Shade","Shade:Strike_Shade"]},{"damage_healed":0,"gold_gain":0,"player_choice":"Take Wound","damage_taken":0,"relics_obtained":["Golden Idol"],"max_hp_gain":0,"max_hp_loss":0,"event_name":"Golden Idol","floor":11,"gold_loss":0,"cards_obtained":["Injury"]},{"damage_healed":0,"gold_gain":0,"player_choice":"Obtained Relic","damage_taken":0,"relics_obtained":["Blue Candle"],"max_hp_gain":0,"max_hp_loss":0,"event_name":"Addict","floor":19,"gold_loss":85},{"damage_healed":0,"gold_gain":0,"player_choice":"Read","damage_taken":0,"max_hp_gain":0,"max_hp_loss":0,"event_name":"The Library","floor":21,"gold_loss":0,"cards_obtained":["Shade:FleshLikeOak"]},{"damage_healed":0,"gold_gain":0,"player_choice":"Memory 1","damage_taken":0,"max_hp_gain":0,"max_hp_loss":0,"event_name":"SensoryStone","floor":37,"gold_loss":0},{"damage_healed":0,"gold_gain":0,"player_choice":"Ignored","damage_taken":0,"max_hp_gain":0,"max_hp_loss":0,"event_name":"Tomb of Lord Red Mask","floor":39,"gold_loss":0},{"cards_removed":["Shade:TouchOfTheGrave"],"damage_healed":0,"gold_gain":0,"player_choice":"Purged","damage_taken":0,"max_hp_gain":0,"max_hp_loss":0,"event_name":"Purifier","floor":48,"gold_loss":0}],"is_beta":false,"boss_relics":[{"not_picked":["Runic Dome","Runic Pyramid"],"picked":"Tiny House"},{"not_picked":["Busted Crown","Philosopher\u0027s Stone"],"picked":"Black Star"}],"items_purged_floors":[29],"is_endless":false,"potions_floor_spawned":[7,14,18,22,33,35,36],"killed_by":"Time Eater","ascension_level":0}}