{"host":"abdxwahegzejqccj","time":1608351778,"event":{"mods":["BaseMod","Better Note","BetterRewards","Colored Powertips","Downfall","Hermit","Minty Spire (QoL Compilation)","Replay The Spire","StSLib","The Cursed","The Hierophant"],"gold_per_floor":[116,127,141,158,172,206,206,131,131,131,145,145,145,164,164,259,259,270,286,304,33,213,213,213,213,213,228,259,286,286,286,286],"floor_reached":31,"playtime":1274,"items_purged":["hermit:Defend_Hermit"],"score":382,"play_id":"91abf92f-7303-49f5-96e9-fa314f8fe110","local_time":"20201219152258","is_ascension_mode":false,"campfire_choices":[{"floor":7,"key":"REST"},{"floor":10,"key":"REST"},{"floor":15,"key":"REST"},{"floor":23,"key":"REST"},{"data":"hermit:Glare","floor":25,"key":"SMITH"}],"circlet_count":0,"master_deck":["hermit:Strike_Hermit","hermit:Strike_Hermit","hermit:Strike_Hermit","hermit:Defend_Hermit+1","hermit:ShadowCloak","Apotheosis","hermit:Manifest","hermit:Horror","hermit:Quickdraw","hermit:Showdown","hermit:Shortfuse+1","hermit:Glare","hermit:EternalForm","hermit:Dive","hermit:Adapt","Regret","TheCursedMod:Dregs","hermit:Quickdraw","Sadistic Nature","hermit:Glare+1","Flash of Steel","hermit:FatalDesire"],"relics":["hermit:Momento","Darkstone Periapt","Pen Nib","BranchBurnRelic","Kintsugi","Membership Card","Nloth\u0027s Gift","Replay:Bottled Flurry","WingedGreaves","CeramicFish"],"acts_visited":["Exordium","TheCity"],"potions_floor_usage":[5,6,18,19,28,31],"damage_taken":[{"damage":6,"enemies":"Cultist","floor":1,"turns":4},{"damage":11,"enemies":"Jaw Worm","floor":2,"turns":3},{"damage":7,"enemies":"Small Slimes","floor":3,"turns":3},{"damage":3,"enemies":"2 Fungi Beasts","floor":4,"turns":4},{"damage":0,"enemies":"3 Louse","floor":5,"turns":2},{"damage":24,"enemies":"3 Sentries","floor":6,"turns":9},{"damage":7,"enemies":"Blue Slaver","floor":11,"turns":5},{"damage":0,"enemies":"Looter","floor":14,"turns":2},{"damage":3,"enemies":"The Guardian","floor":16,"turns":9},{"damage":0,"enemies":"3 Byrds","floor":18,"turns":7},{"damage":13,"enemies":"Shell Parasite","floor":19,"turns":6},{"damage":15,"enemies":"Shelled Parasite and Fungi","floor":20,"turns":8},{"damage":7,"enemies":"Chosen and Byrds","floor":27,"turns":8},{"damage":26,"enemies":"Book of Stabbing","floor":28,"turns":6},{"damage":50,"enemies":"Slavers","floor":31,"turns":2}],"seed_played":"-450575386847523841","potions_obtained":[{"floor":1,"key":"Slimebound:ThreeZeroPotion"},{"floor":4,"key":"Toxic Potion"},{"floor":14,"key":"Fire Potion"},{"floor":16,"key":"BlessingOfTheForge"},{"floor":20,"key":"Swift Potion"},{"floor":28,"key":"PowerPotion"}],"is_trial":false,"path_per_floor":["M","M","M","M","M","E","R","$","T","R","M","?","?","M","R","B",null,"M","M","M","$","?","R","?","R","T","M","E","T","?","E"],"character_chosen":"HERMIT","items_purchased":["Darkstone Periapt","hermit:ShadowCloak","Apotheosis","hermit:Manifest","Membership Card","Sadistic Nature","hermit:Glare"],"campfire_rested":4,"item_purchase_floors":[0,0,0,0,21,21,21],"current_hp_per_floor":[48,37,30,27,27,3,25,25,25,47,54,60,44,44,68,79,93,93,80,65,65,40,67,67,67,67,75,49,49,49,0,0],"gold":286,"neow_bonus":"","is_daily":false,"chose_seed":false,"campfire_upgraded":1,"win_rate":0.0,"timestamp":1608351778,"path_taken":["M","M","M","M","M","E","R","$","T","R","?","?","?","M","R","BOSS","M","M","M","$","?","R","?","R","T","M","E","?","?","E"],"items_purchased_type":["Relic","Card","Card","Card","Relic","Card","Card"],"build_version":"2020-12-13","purchased_purges":1,"victory":false,"max_hp_per_floor":[75,75,75,75,75,75,75,75,75,75,75,81,81,81,81,81,93,93,93,93,93,93,93,93,93,93,93,93,93,93,93,93],"card_choices":[{"not_picked":["hermit:Dive","hermit:Roulette"],"picked":"hermit:Horror","floor":1},{"not_picked":["hermit:ItchyTrigger","hermit:Coalescence"],"picked":"hermit:Quickdraw","floor":2},{"not_picked":["hermit:Misfire","hermit:Roulette"],"picked":"hermit:Showdown","floor":3},{"not_picked":["hermit:GhostlyPresence","hermit:Headshot"],"picked":"hermit:Shortfuse","floor":4},{"not_picked":["hermit:BigShot","hermit:Cheat"],"picked":"hermit:Glare","floor":5},{"not_picked":["hermit:TakeCover","hermit:Roulette","hermit:ItchyTrigger"],"picked":"SKIP","floor":6},{"not_picked":["hermit:Malice","hermit:LowProfile"],"picked":"hermit:EternalForm","floor":11},{"not_picked":["hermit:Horror","hermit:ItchyTrigger"],"picked":"hermit:Dive","floor":14},{"not_picked":["hermit:FinalCanter","hermit:Roughhouse"],"picked":"hermit:Adapt","floor":16},{"not_picked":["hermit:SprayPray","hermit:Deadeye"],"picked":"hermit:Quickdraw","floor":18},{"not_picked":["hermit:CalledShot","hermit:Headshot","hermit:Snipe"],"picked":"SKIP","floor":19},{"not_picked":["hermit:Roulette","hermit:Manifest","hermit:ItchyTrigger"],"picked":"SKIP","floor":20},{"not_picked":["hermit:Snipe","hermit:Roulette","hermit:Desperado"],"picked":"SKIP","floor":27},{"not_picked":["hermit:WideOpen","hermit:ItchyTrigger"],"picked":"hermit:FatalDesire","floor":28}],"player_experience":379765,"relics_obtained":[{"floor":6,"key":"Pen Nib"},{"floor":9,"key":"Dead Branch"},{"floor":26,"key":"Replay:Bottled Flurry"},{"floor":28,"key":"WingedGreaves"},{"floor":29,"key":"CeramicFish"}],"event_choices":[{"damage_healed":0,"gold_gain":0,"player_choice":"Box","damage_taken":0,"relics_obtained":["HornCleat"],"max_hp_gain":0,"max_hp_loss":0,"event_name":"Big Fish","floor":12,"gold_loss":0,"cards_obtained":["Regret"]},{"damage_healed":0,"gold_gain":0,"player_choice":"Entered Light","damage_taken":16,"max_hp_gain":0,"max_hp_loss":0,"event_name":"Shining Light","floor":13,"gold_loss":0,"cards_upgraded":["hermit:Defend_Hermit","hermit:Shortfuse"]},{"damage_healed":0,"gold_gain":180,"player_choice":"GOLD GOLD CARD ","damage_taken":25,"max_hp_gain":0,"max_hp_loss":0,"event_name":"Knowing Skull","floor":22,"potions_obtained":[],"gold_loss":0,"cards_obtained":["Flash of Steel"]},{"damage_healed":0,"gold_gain":0,"player_choice":"Traded Relic","damage_taken":0,"relics_obtained":["Nloth\u0027s Gift"],"max_hp_gain":0,"max_hp_loss":0,"event_name":"N\u0027loth","floor":24,"relics_lost":["HornCleat"],"gold_loss":0},{"cards_removed":["Regret"],"damage_healed":0,"gold_gain":0,"player_choice":"Purged","damage_taken":0,"max_hp_gain":0,"max_hp_loss":0,"event_name":"Purifier","floor":30,"gold_loss":0}],"is_beta":false,"boss_relics":[{"not_picked":["hermit:BartenderGlass","Astrolabe"],"picked":"Kintsugi"}],"items_purged_floors":[8],"is_endless":false,"potions_floor_spawned":[1,4,14,16,20,28],"killed_by":"Slavers","ascension_level":0}}