{"host":"rz01j32460kf2mtw","time":1608378011,"event":{"mods":["BaseMod","Koishi","Marisa????????","Minty Spire (QoL Compilation)","Prisma Mod","Quick Restart","StSLib","The Cursed","The Disciple","The Jungle","The Runesmith","The Servant 0.9.4"],"gold_per_floor":[109,109,128,146,164,195,195,226,226,246,41,41,60,79,79,175,175,185,95,95,115,115,115],"floor_reached":22,"playtime":1531,"items_purged":["Runesmith:Strike_RS"],"score":248,"play_id":"f9ec49ea-c05a-496b-815c-e76d7e4c46c5","local_time":"20201219044011","is_ascension_mode":false,"campfire_choices":[{"floor":7,"key":"REST"},{"floor":15,"key":"REST"}],"circlet_count":0,"master_deck":["Runesmith:Strike_RS","Runesmith:Strike_RS","Runesmith:Defend_RS","Runesmith:Defend_RS","Runesmith:CraftFirestone","Runesmith:Fortify","Runesmith:Grindstone","Runesmith:ChiselStab","Runesmith:Grindstone","Runesmith:HammerAndChisel","Runesmith:LightningRod","Runesmith:CraftIncendium","Runesmith:Firestorm","Runesmith:EnergizedChisel","Runesmith:ArcReactor","Runesmith:Firewall+1","Runesmith:Malloc+1","Runesmith:DuctTape+1","Runesmith:Attraction+1","Runesmith:BackupBattery","Necronomicurse","Runesmith:BackupBattery"],"relics":["Runesmith:BrokenRuby","NeowsBlessing","Potion Belt","Regal Pillow","Pantograph","Pen Nib","Astrolabe","Necronomicon"],"acts_visited":["Exordium","TheCity"],"potions_floor_usage":[6,14,16,18,21],"damage_taken":[{"damage":0,"enemies":"Jaw Worm","floor":1,"turns":1},{"damage":0,"enemies":"Cultist","floor":3,"turns":1},{"damage":0,"enemies":"Small Slimes","floor":4,"turns":2},{"damage":0,"enemies":"2 Fungi Beasts","floor":5,"turns":4},{"damage":33,"enemies":"Gremlin Nob","floor":6,"turns":5},{"damage":5,"enemies":"Lagavulin","floor":8,"turns":8},{"damage":10,"enemies":"Large Slime","floor":10,"turns":6},{"damage":8,"enemies":"Blue Slaver","floor":13,"turns":5},{"damage":42,"enemies":"Gremlin Gang","floor":14,"turns":4},{"damage":0,"enemies":"The Guardian","floor":16,"turns":12},{"damage":12,"enemies":"3 Byrds","floor":18,"turns":5},{"damage":13,"enemies":"2 Thieves","floor":19,"turns":5},{"damage":20,"enemies":"Centurion and Healer","floor":21,"turns":9},{"damage":17,"enemies":"3 Cultists","floor":22,"turns":3}],"seed_played":"-3883645771937023000","potions_obtained":[{"floor":1,"key":"LiquidMemories"},{"floor":4,"key":"SkillPotion"},{"floor":10,"key":"Strength Potion"},{"floor":13,"key":"SneckoOil"},{"floor":16,"key":"DistilledChaos"},{"floor":18,"key":"FearPotion"}],"is_trial":false,"path_per_floor":["M","?","M","M","M","E","R","E","T","M","$","?","M","M","R","B",null,"M","M","?","M","M"],"character_chosen":"RUNESMITH_CLASS","items_purchased":["Runesmith:Firestorm","Runesmith:EnergizedChisel"],"campfire_rested":2,"item_purchase_floors":[11,11],"current_hp_per_floor":[70,70,70,70,70,37,70,65,65,55,55,55,47,5,41,66,70,58,45,29,9,0,0],"gold":115,"neow_bonus":"THREE_ENEMY_KILL","is_daily":false,"chose_seed":false,"campfire_upgraded":0,"win_rate":0.0,"timestamp":1608378011,"path_taken":["M","?","M","?","M","E","R","E","T","?","$","?","M","M","R","BOSS","M","M","?","M","M"],"items_purchased_type":["Card","Card"],"build_version":"2020-12-13","purchased_purges":1,"victory":false,"max_hp_per_floor":[70,70,70,70,70,70,70,70,70,70,70,70,70,70,70,70,70,70,70,70,70,70,70],"card_choices":[{"not_picked":["Runesmith:Reinforce","Runesmith:Augment"],"picked":"Runesmith:Grindstone","floor":1},{"not_picked":["Runesmith:FieryHammer","Runesmith:ElementalConversion"],"picked":"Runesmith:ChiselStab","floor":3},{"not_picked":["Runesmith:ShiftingStrike","Runesmith:HeatedChisel"],"picked":"Runesmith:Grindstone","floor":4},{"not_picked":["Runesmith:ChargedHammer","Runesmith:CraftMagma"],"picked":"Runesmith:HammerAndChisel","floor":5},{"not_picked":["Runesmith:RuneHurl","Runesmith:MakeshiftArmor"],"picked":"Runesmith:LightningRod","floor":6},{"not_picked":["Runesmith:StaticCage","Runesmith:HammerThrow","Runesmith:Superposition"],"picked":"SKIP","floor":8},{"not_picked":["Runesmith:FrozenChisel","Runesmith:HammerThrow"],"picked":"Runesmith:CraftIncendium","floor":10},{"not_picked":["Runesmith:Repurpose","Runesmith:ShiftingStrike","Runesmith:ChiselStab"],"picked":"SKIP","floor":13},{"not_picked":["Runesmith:HammerTime","Runesmith:StaticCage","Runesmith:CraftProtectio"],"picked":"SKIP","floor":14},{"not_picked":["Runesmith:Duplicate","Runesmith:CraftMedicinae"],"picked":"Runesmith:ArcReactor","floor":16},{"not_picked":["Runesmith:EnergizedChisel","Runesmith:RuneHurl"],"picked":"Runesmith:Attraction+1","floor":18},{"not_picked":["Runesmith:CraftMagma","Runesmith:Repurpose+1"],"picked":"Runesmith:BackupBattery","floor":19},{"not_picked":["Runesmith:EarthShield+1","Runesmith:NanitesCloud"],"picked":"Runesmith:BackupBattery","floor":21}],"player_experience":928521,"relics_obtained":[{"floor":6,"key":"Regal Pillow"},{"floor":8,"key":"Pantograph"},{"floor":9,"key":"Pen Nib"},{"floor":20,"key":"Necronomicon"}],"event_choices":[{"damage_healed":0,"gold_gain":0,"player_choice":"Gave Potion","damage_taken":0,"relics_obtained":["Potion Belt"],"max_hp_gain":0,"max_hp_loss":0,"event_name":"WeMeetAgain","floor":2,"gold_loss":0},{"damage_healed":0,"gold_gain":0,"player_choice":"Ignored","damage_taken":0,"max_hp_gain":0,"max_hp_loss":0,"event_name":"Liars Game","floor":12,"gold_loss":0},{"damage_healed":0,"gold_gain":0,"player_choice":"Obtained Book","damage_taken":16,"max_hp_gain":0,"max_hp_loss":0,"event_name":"Cursed Tome","floor":20,"gold_loss":0}],"is_beta":false,"boss_relics":[{"not_picked":["Fusion Hammer","Runesmith:CoreCrystal"],"picked":"Astrolabe"}],"items_purged_floors":[11],"is_endless":false,"potions_floor_spawned":[1,4,10,13,16,18],"killed_by":"3 Cultists","ascension_level":0}}