{"host":"zr590xw2unlz0wv7","time":1608406281,"event":{"mods":["BaseMod","Minty Spire (QoL Compilation)","READ ME - Guardian Mod","StSLib"],"gold_per_floor":[113,125,53,3,16,16,44,44,44,69,98,37,52,80,80,180,180,195,195,195,211,226,226,238,238,264,298,298,298,318,331,331,331,331],"floor_reached":33,"playtime":2677,"items_purged":[],"score":419,"play_id":"968f36e4-3861-4750-a38f-3b099d1dc529","local_time":"20201220033121","is_ascension_mode":true,"campfire_choices":[{"data":"Devotion","floor":6.0,"key":"SMITH"},{"floor":8.0,"key":"REST"},{"floor":15.0,"key":"REST"},{"floor":23.0,"key":"REST"},{"floor":25.0,"key":"REST"},{"floor":32,"key":"REST"}],"circlet_count":0,"master_deck":["Strike_P","Strike_P","Strike_P","Defend_P","Defend_P","Defend_P","Defend_P","Eruption","Vigilance","Establishment+1","SandsOfTime","Devotion+1","Prostrate","Vault+1","Conclude","ClearTheMind+1","Worship+1","Devotion","Worship+1","EmptyBody+1","Protect+1","Crescendo+1","Prostrate+1"],"relics":["HolyWater","Blue Candle","Letter Opener","Bag of Preparation","Odd Mushroom","Toxic Egg 2","The Courier","Anchor","Bottled Lightning","Nunchaku"],"acts_visited":["Exordium","TheCity"],"potions_floor_usage":[31,33],"damage_taken":[{"damage":0.0,"enemies":"Cultist","floor":1.0,"turns":3.0},{"damage":0.0,"enemies":"2 Louse","floor":2.0,"turns":3.0},{"damage":2.0,"enemies":"Jaw Worm","floor":5.0,"turns":4.0},{"damage":32.0,"enemies":"3 Sentries","floor":7.0,"turns":6.0},{"damage":6.0,"enemies":"Lagavulin","floor":10.0,"turns":5.0},{"damage":26.0,"enemies":"The Mushroom Lair","floor":11.0,"turns":4.0},{"damage":0.0,"enemies":"Lots of Slimes","floor":13.0,"turns":1.0},{"damage":2.0,"enemies":"3 Sentries","floor":14.0,"turns":9.0},{"damage":0.0,"enemies":"Slime Boss","floor":16.0,"turns":6.0},{"damage":23.0,"enemies":"Chosen","floor":18.0,"turns":6.0},{"damage":20.0,"enemies":"3 Byrds","floor":21.0,"turns":5.0},{"damage":15.0,"enemies":"Snecko","floor":22.0,"turns":4.0},{"damage":21.0,"enemies":"Snake Plant","floor":24.0,"turns":4.0},{"damage":16.0,"enemies":"Book of Stabbing","floor":27.0,"turns":6.0},{"damage":4,"enemies":"3 Cultists","floor":30,"turns":6},{"damage":8,"enemies":"Centurion and Healer","floor":31,"turns":5},{"damage":26,"enemies":"Collector","floor":33,"turns":7}],"seed_played":"6312208225673506226","potions_obtained":[{"floor":1.0,"key":"Block Potion"},{"floor":2.0,"key":"GamblersBrew"},{"floor":10.0,"key":"Energy Potion"},{"floor":18.0,"key":"SneckoOil"},{"floor":30,"key":"Dexterity Potion"},{"floor":31,"key":"EssenceOfSteel"}],"is_trial":false,"path_per_floor":["M","M","$","?","M","R","E","R","T","E","?","?","M","E","R","B",null,"M","?","?","M","M","R","M","R","T","E","?","?","M","M","R","B"],"character_chosen":"WATCHER","items_purchased":["Devotion"],"campfire_rested":5,"item_purchase_floors":[3],"current_hp_per_floor":[72,72,72,72,70,70,38,59,59,53,27,27,27,25,46,46,66,43,43,43,23,8,29,8,29,29,13,13,13,9,1,22,0,0],"gold":331,"neow_bonus":"ONE_RANDOM_RARE_CARD","is_daily":false,"chose_seed":false,"campfire_upgraded":1,"win_rate":0.0,"timestamp":1608406281,"path_taken":["M","M","$","?","M","R","E","R","T","E","?","?","?","E","R","BOSS","M","?","?","?","M","R","M","R","T","E","?","?","M","M","R","BOSS"],"items_purchased_type":["Card"],"build_version":"2020-12-13","purchased_purges":0,"victory":false,"max_hp_per_floor":[72,72,72,72,72,72,72,72,72,72,72,72,72,72,72,72,72,72,72,72,72,72,72,72,72,72,72,72,72,72,72,72,72,72],"card_choices":[{"not_picked":["SignatureMove","Wallop","Nirvana"],"picked":"SKIP","floor":1.0},{"not_picked":["ThirdEye","EmptyFist"],"picked":"SandsOfTime","floor":2.0},{"not_picked":["Tantrum","Nirvana","PathToVictory"],"picked":"SKIP","floor":5.0},{"not_picked":["FlurryOfBlows","FollowUp"],"picked":"Prostrate","floor":7.0},{"not_picked":["Evaluate","JustLucky"],"picked":"Vault","floor":10.0},{"not_picked":["PathToVictory","InnerPeace"],"picked":"Conclude","floor":11.0},{"not_picked":["EmptyBody+1","Evaluate+1"],"picked":"ClearTheMind+1","floor":13.0},{"not_picked":["Prostrate+1","ClearTheMind+1"],"picked":"Worship+1","floor":14.0},{"not_picked":["ConjureBlade+1","Alpha+1"],"picked":"Devotion","floor":16.0},{"not_picked":["Sanctity+1","WheelKick","JustLucky"],"picked":"SKIP","floor":18.0},{"not_picked":["FlurryOfBlows","Swivel+1"],"picked":"Worship+1","floor":21.0},{"not_picked":["Indignation+1","BowlingBash"],"picked":"EmptyBody+1","floor":22.0},{"not_picked":["SashWhip","Adaptation"],"picked":"Protect+1","floor":24.0},{"not_picked":["Collect+1","Weave+1","EmptyFist+1"],"picked":"SKIP","floor":27.0},{"not_picked":["WaveOfTheHand+1","Evaluate+1"],"picked":"Crescendo+1","floor":30},{"not_picked":["CutThroughFate+1","ClearTheMind+1"],"picked":"Prostrate+1","floor":31}],"player_experience":505983,"relics_obtained":[{"floor":7.0,"key":"Blue Candle"},{"floor":9.0,"key":"Letter Opener"},{"floor":10.0,"key":"Bag of Preparation"},{"floor":11.0,"key":"Odd Mushroom"},{"floor":14.0,"key":"The Courier"},{"floor":26.0,"key":"Anchor"},{"floor":27.0,"key":"Bottled Lightning"}],"event_choices":[{"cards_removed":["Strike_P"],"damage_healed":0.0,"max_hp_gain":0.0,"max_hp_loss":0.0,"gold_gain":0.0,"event_name":"The Cleric","player_choice":"Card Removal","floor":4.0,"gold_loss":50.0,"damage_taken":0.0},{"damage_healed":0.0,"max_hp_gain":0.0,"max_hp_loss":0.0,"gold_gain":0.0,"event_name":"Mushrooms","player_choice":"Fought Mushrooms","floor":11.0,"gold_loss":0.0,"damage_taken":0.0},{"damage_healed":0.0,"max_hp_gain":0.0,"max_hp_loss":0.0,"gold_gain":0.0,"event_name":"WeMeetAgain","player_choice":"Paid Gold","floor":12.0,"gold_loss":61.0,"damage_taken":0.0,"relics_obtained":["Toxic Egg 2"]},{"damage_healed":0.0,"max_hp_gain":0.0,"max_hp_loss":0.0,"gold_gain":0.0,"event_name":"Vampires","player_choice":"Ignored","floor":19.0,"gold_loss":0.0,"damage_taken":0.0},{"damage_healed":0.0,"max_hp_gain":0.0,"max_hp_loss":0.0,"gold_gain":0.0,"event_name":"Accursed Blacksmith","player_choice":"Forge","floor":20.0,"gold_loss":0.0,"damage_taken":0.0,"cards_upgraded":["Vault"]},{"damage_healed":0.0,"max_hp_gain":0.0,"max_hp_loss":0.0,"gold_gain":0.0,"event_name":"The Mausoleum","player_choice":"Opened","floor":28.0,"gold_loss":0.0,"damage_taken":0.0,"relics_obtained":["Nunchaku"]},{"damage_healed":0.0,"max_hp_gain":0.0,"max_hp_loss":0.0,"gold_gain":0.0,"event_name":"Upgrade Shrine","player_choice":"Upgraded","floor":29.0,"gold_loss":0.0,"damage_taken":0.0,"cards_upgraded":["Establishment"]}],"is_beta":false,"boss_relics":[{"not_picked":["Ectoplasm","Astrolabe"],"picked":"HolyWater"}],"items_purged_floors":[],"is_endless":false,"potions_floor_spawned":[1,2,10,18,30,31],"killed_by":"Collector","ascension_level":5}}