{"host":"y89x8uui45kcjy42","time":1608363945,"event":{"mods":["2.2 Compatiblity","BaseMod","CapriCore","Colored Map","Colored Powertips","Custom Start","Friendly Minions","Highlight Path","Keyboard Shortcuts","Minty Spire (QoL Compilation)","Relic Stats","Slay the Relics Exporter","StSLib","SuperFastMode","Waifu the Spire"],"gold_per_floor":[116,131,406,423,291,291,216,216,216,216,250,250,250,250],"floor_reached":13,"playtime":163,"items_purged":["Regret"],"score":162,"play_id":"a26ababa-bfdd-45e3-907c-80a3a5c71f5c","local_time":"20201219164545","is_ascension_mode":true,"campfire_choices":[{"data":"Coolheaded","floor":6.0,"key":"SMITH"},{"data":"Zap","floor":8,"key":"SMITH"},{"data":"Beam Cell","floor":10,"key":"SMITH"}],"circlet_count":0,"master_deck":["AscendersBane","Strike_B","Strike_B","Strike_B","Defend_B","Defend_B","Defend_B","Defend_B","Zap+1","Dualcast+1","Beam Cell+1","Blizzard","Coolheaded+1","Chill"],"relics":["Cracked Core","NeowsBlessing","Gremlin Horn","Boot"],"acts_visited":["Exordium"],"potions_floor_usage":[11,11],"damage_taken":[{"damage":0.0,"enemies":"Jaw Worm","floor":1.0,"turns":1.0},{"damage":0.0,"enemies":"Cultist","floor":2.0,"turns":1.0},{"damage":0.0,"enemies":"2 Louse","floor":4.0,"turns":1.0},{"damage":33,"enemies":"Lagavulin","floor":11,"turns":7},{"damage":42,"enemies":"Gremlin Nob","floor":13,"turns":3}],"seed_played":"5978053232381864041","potions_obtained":[{"floor":2.0,"key":"Strength Potion"},{"floor":4.0,"key":"DuplicationPotion"}],"is_trial":false,"path_per_floor":["M","M","?","M","$","R","?","R","T","R","E","?","E"],"character_chosen":"DEFECT","items_purchased":["Coolheaded"],"campfire_rested":0,"item_purchase_floors":[5],"current_hp_per_floor":[64,64,64,64,64,64,64,64,64,64,31,31,0,0],"gold":250,"neow_bonus":"THREE_ENEMY_KILL","is_daily":false,"chose_seed":false,"campfire_upgraded":3,"win_rate":0.0,"timestamp":1608363945,"path_taken":["M","M","?","?","$","R","?","R","T","R","E","?","E"],"items_purchased_type":["Card"],"build_version":"2020-12-13","purchased_purges":1,"victory":false,"max_hp_per_floor":[71,71,71,71,71,71,71,71,71,71,71,71,71,71],"relic_stats":{"Gremlin Horn":[0,0],"counters":[5,13],"Boot":[4],"obtain_stats":[{"NeowsBlessing":0,"Gremlin Horn":9,"Cracked Core":0,"Boot":11},{"NeowsBlessing":0,"Gremlin Horn":3,"Cracked Core":0,"Boot":4},{"NeowsBlessing":0,"Gremlin Horn":3,"Cracked Core":0,"Boot":10}]},"card_choices":[{"not_picked":["Chill","Steam"],"picked":"Beam Cell","floor":1.0},{"not_picked":["Leap","Go for the Eyes","Stack"],"picked":"SKIP","floor":2.0},{"not_picked":["Hologram","Reprogram"],"picked":"Blizzard","floor":4.0},{"not_picked":["Streamline","Turbo"],"picked":"Chill","floor":11}],"player_experience":505527,"relics_obtained":[{"floor":9,"key":"Gremlin Horn"},{"floor":11,"key":"Boot"}],"event_choices":[{"damage_healed":0.0,"max_hp_gain":0.0,"max_hp_loss":0.0,"gold_gain":275.0,"event_name":"Golden Shrine","player_choice":"Desecrate","floor":3.0,"gold_loss":0.0,"damage_taken":0.0,"cards_obtained":["Regret"]},{"cards_removed":["Strike_B"],"damage_healed":0,"gold_gain":0,"player_choice":"Card Removal","damage_taken":0,"max_hp_gain":0,"max_hp_loss":0,"event_name":"The Cleric","floor":7,"gold_loss":75},{"damage_healed":0,"gold_gain":0,"player_choice":"Grow","damage_taken":0,"max_hp_gain":0,"max_hp_loss":0,"event_name":"Living Wall","floor":12,"gold_loss":0,"cards_upgraded":["Dualcast"]}],"is_beta":false,"boss_relics":[],"items_purged_floors":[5],"is_endless":false,"potions_floor_spawned":[2,4],"killed_by":"Gremlin Nob","ascension_level":20}}