{"host":"zekcc3vicrep0och","time":1608406476,"event":{"mods":["AchievementEnabler","BaseMod","Colored Map","Colored Powertips","Displayed Cursed Tome","Minty Spire (QoL Compilation)","Relic Stats","StSLib"],"gold_per_floor":[109,109,122,122,137,137,175,199,253,288,303,371,321,19,19,142,142,165,199,199,199,53,86,86,102,102,17,46,11,45,55,55,159,209,222,4,16,16,33,66,66,66,66,10,22,42,53,67,67,67,67],"floor_reached":50,"playtime":2381,"items_purged":["Strike_G","Strike_G","Bouncing Flask"],"score":864,"play_id":"ff341020-ed79-46a1-a9e7-53bc46fe3be4","local_time":"20201219223436","is_ascension_mode":true,"campfire_choices":[{"floor":6.0,"key":"REST"},{"floor":15.0,"key":"REST"},{"floor":24.0,"key":"REST"},{"floor":32.0,"key":"REST"},{"floor":41.0,"key":"REST"},{"floor":49.0,"key":"REST"}],"circlet_count":0,"master_deck":["AscendersBane","Strike_G+1","Strike_G+1","Defend_G","Defend_G","Defend_G+1","Defend_G","Survivor+1","Neutralize+1","Poisoned Stab","Backstab","Dodge and Roll","Flying Knee","Deadly Poison+1","Phantasmal Killer+1","Terror","Expertise","Bane","Tools of the Trade","PiercingWail","Noxious Fumes+1","Backflip+1","Crippling Poison","Dagger Throw","Bouncing Flask+1","Prepared+1","Corpse Explosion","Footwork+1","Tactician","Reflex","Deadly Poison+1"],"relics":["Fusion Hammer","Bloody Idol","Ornamental Fan","Whetstone","War Paint","Smiling Mask","Omamori","HoveringKite","Red Mask","Unceasing Top","Art of War","Bronze Scales","Orichalcum","Frozen Egg 2","Tiny House","Membership Card","StoneCalendar","Oddly Smooth Stone"],"acts_visited":["Exordium","TheCity","TheBeyond"],"potions_floor_usage":[50],"damage_taken":[{"damage":3.0,"enemies":"Jaw Worm","floor":1.0,"turns":6.0},{"damage":0.0,"enemies":"2 Louse","floor":3.0,"turns":3.0},{"damage":0.0,"enemies":"Small Slimes","floor":5.0,"turns":3.0},{"damage":27.0,"enemies":"3 Sentries","floor":7.0,"turns":11.0},{"damage":0.0,"enemies":"2 Fungi Beasts","floor":8.0,"turns":3.0},{"damage":2.0,"enemies":"Gremlin Nob","floor":10.0,"turns":4.0},{"damage":0.0,"enemies":"Exordium Wildlife","floor":11.0,"turns":3.0},{"damage":2.0,"enemies":"Lagavulin Event","floor":12.0,"turns":5.0},{"damage":9.0,"enemies":"Hexaghost","floor":16.0,"turns":6.0},{"damage":12.0,"enemies":"Spheric Guardian","floor":18.0,"turns":4.0},{"damage":19.0,"enemies":"Masked Bandits","floor":19.0,"turns":4.0},{"damage":20.0,"enemies":"Book of Stabbing","floor":23.0,"turns":5.0},{"damage":10.0,"enemies":"Shell Parasite","floor":25.0,"turns":4.0},{"damage":5.0,"enemies":"Gremlin Leader","floor":28.0,"turns":6.0},{"damage":14.0,"enemies":"Book of Stabbing","floor":30.0,"turns":5.0},{"damage":19.0,"enemies":"Snake Plant","floor":31.0,"turns":3.0},{"damage":41.0,"enemies":"Champ","floor":33.0,"turns":10.0},{"damage":2.0,"enemies":"Orb Walker","floor":35.0,"turns":3.0},{"damage":6.0,"enemies":"3 Darklings","floor":37.0,"turns":4.0},{"damage":9.0,"enemies":"Writhing Mass","floor":39.0,"turns":6.0},{"damage":16.0,"enemies":"Nemesis","floor":40.0,"turns":5.0},{"damage":10.0,"enemies":"Jaw Worm Horde","floor":45.0,"turns":4.0},{"damage":25.0,"enemies":"3 Darklings","floor":46.0,"turns":3.0},{"damage":29.0,"enemies":"Spire Growth","floor":47.0,"turns":5.0},{"damage":13.0,"enemies":"Transient","floor":48.0,"turns":5.0},{"damage":12,"enemies":"Awakened One","floor":50,"turns":3}],"seed_played":"3146914266766096501","potions_obtained":[{"floor":7.0,"key":"SkillPotion"},{"floor":8.0,"key":"SkillPotion"},{"floor":10.0,"key":"EssenceOfSteel"},{"floor":12.0,"key":"PowerPotion"},{"floor":16.0,"key":"SpeedPotion"},{"floor":19.0,"key":"Strength Potion"},{"floor":25.0,"key":"Strength Potion"},{"floor":28.0,"key":"Fire Potion"},{"floor":30.0,"key":"DuplicationPotion"},{"floor":34.0,"key":"CunningPotion"},{"floor":37.0,"key":"GamblersBrew"},{"floor":39.0,"key":"CunningPotion"}],"is_trial":false,"path_per_floor":["M","?","M","?","M","R","E","M","T","E","M","?","?","$","R","B",null,"M","?","?","?","$","E","R","M","T","?","E","$","E","M","R","B",null,"M","$","M","?","M","E","R","?","T","$","M","M","M","M","R","B"],"character_chosen":"THE_SILENT","items_purchased":["Omamori","Bane","AttackPotion","GhostInAJar","Crippling Poison","Membership Card","Energy Potion","Footwork+1","DuplicationPotion"],"campfire_rested":6,"item_purchase_floors":[14,14,14,22,29,36,36,44,44],"current_hp_per_floor":[60,60,60,60,60,65,38,38,38,36,36,34,34,34,53,44,60,48,29,29,50,50,35,54,49,49,49,49,49,40,26,45,9,57,60,60,59,59,55,44,65,65,65,65,60,40,16,8,29,17,17],"gold":67,"neow_bonus":"BOSS_RELIC","is_daily":false,"chose_seed":false,"campfire_upgraded":0,"win_rate":0.0,"timestamp":1608406476,"path_taken":["M","?","M","?","M","R","E","M","T","E","M","?","?","$","R","BOSS","M","?","?","?","$","E","R","M","T","?","E","?","E","M","R","BOSS","M","$","M","?","?","E","R","?","T","?","M","?","M","M","R","BOSS"],"items_purchased_type":["Relic","Card","Potion","Potion","Card","Relic","Potion","Card","Potion"],"build_version":"2020-12-13","purchased_purges":3,"victory":false,"max_hp_per_floor":[70,70,70,65,65,65,65,65,65,65,65,65,65,65,65,65,65,65,65,65,65,65,65,65,65,65,65,65,65,65,65,65,65,70,70,70,70,70,70,70,70,70,70,70,70,70,70,70,70,70,70],"relic_stats":{"counters":[26,123],"HoveringKite":[53],"StoneCalendar":[0],"Whetstone":["Strike_G","Strike_G"],"War Paint":["Deadly Poison","Survivor"],"Orichalcum":[48],"Smiling Mask":88,"Ornamental Fan":[96],"Bloody Idol":75,"Bronze Scales":[193],"Art of War":[8],"obtain_stats":[{"Tiny House":34,"Golden Idol":4,"HoveringKite":17,"Oddly Smooth Stone":43,"StoneCalendar":40,"Omamori":14,"Whetstone":9,"War Paint":10,"Orichalcum":28,"Frozen Egg 2":30,"Smiling Mask":12,"Ornamental Fan":7,"Bloody Idol":20,"Bronze Scales":27,"Fusion Hammer":0,"Red Mask":19,"Art of War":26,"Membership Card":36,"Unceasing Top":23,"Ring of the Snake":0},{"Tiny House":17,"Golden Idol":2,"HoveringKite":9,"Oddly Smooth Stone":21,"StoneCalendar":21,"Omamori":8,"Whetstone":5,"War Paint":6,"Orichalcum":14,"Frozen Egg 2":15,"Smiling Mask":8,"Ornamental Fan":4,"Bloody Idol":11,"Bronze Scales":13,"Fusion Hammer":0,"Red Mask":11,"Art of War":13,"Membership Card":18,"Unceasing Top":12,"Ring of the Snake":0},{"Tiny House":85,"Golden Idol":9,"HoveringKite":44,"Oddly Smooth Stone":103,"StoneCalendar":103,"Omamori":38,"Whetstone":26,"War Paint":30,"Orichalcum":67,"Frozen Egg 2":72,"Smiling Mask":38,"Ornamental Fan":23,"Bloody Idol":52,"Bronze Scales":61,"Fusion Hammer":0,"Red Mask":52,"Art of War":61,"Membership Card":88,"Unceasing Top":57,"Ring of the Snake":0}],"Unceasing Top":[29]},"card_choices":[{"not_picked":["Dagger Spray","Escape Plan"],"picked":"Poisoned Stab","floor":1.0},{"not_picked":["Setup","Outmaneuver"],"picked":"Backstab","floor":3.0},{"not_picked":["Infinite Blades","Reflex"],"picked":"Dodge and Roll","floor":5.0},{"not_picked":["Backstab","Infinite Blades"],"picked":"Flying Knee","floor":7.0},{"not_picked":["Accuracy","Dagger Throw"],"picked":"Deadly Poison","floor":8.0},{"not_picked":["Dodge and Roll","Blade Dance"],"picked":"Phantasmal Killer","floor":10.0},{"not_picked":["Cloak And Dagger","Quick Slash"],"picked":"Terror","floor":11.0},{"not_picked":["Acrobatics","Underhanded Strike"],"picked":"Expertise","floor":12.0},{"not_picked":["Night Terror","Phantasmal Killer"],"picked":"Tools of the Trade","floor":16.0},{"not_picked":["Expertise","Dodge and Roll","Cloak And Dagger"],"picked":"SKIP","floor":18.0},{"not_picked":["Dagger Throw","Bane"],"picked":"Bouncing Flask","floor":19.0},{"not_picked":["Distraction","Bane"],"picked":"PiercingWail","floor":23.0},{"not_picked":["Blade Dance","Escape Plan"],"picked":"Noxious Fumes+1","floor":25.0},{"not_picked":["Glass Knife","Skewer"],"picked":"Backflip+1","floor":28.0},{"not_picked":["Outmaneuver","All Out Attack"],"picked":"Dagger Throw","floor":30.0},{"not_picked":["Cloak And Dagger","Dodge and Roll"],"picked":"Bouncing Flask+1","floor":31.0},{"not_picked":["Endless Agony","Acrobatics"],"picked":"Prepared+1","floor":35.0},{"not_picked":["Deflect","Bouncing Flask","Expertise"],"picked":"SKIP","floor":37.0},{"not_picked":["Slice","Poisoned Stab","Dagger Throw"],"picked":"SKIP","floor":39.0},{"not_picked":["Outmaneuver","Dagger Throw"],"picked":"Corpse Explosion","floor":40.0},{"not_picked":["Acrobatics","Masterful Stab+1"],"picked":"Tactician","floor":45.0},{"not_picked":["Dodge and Roll","Dagger Throw","Sucker Punch"],"picked":"SKIP","floor":46.0},{"not_picked":["Sucker Punch","Endless Agony+1"],"picked":"Reflex","floor":47.0},{"not_picked":["Setup","Deflect"],"picked":"Deadly Poison+1","floor":48.0}],"player_experience":446936,"relics_obtained":[{"floor":7.0,"key":"Ornamental Fan"},{"floor":9.0,"key":"Whetstone"},{"floor":10.0,"key":"War Paint"},{"floor":12.0,"key":"Smiling Mask"},{"floor":19.0,"key":"Red Mask"},{"floor":23.0,"key":"Unceasing Top"},{"floor":26.0,"key":"Art of War"},{"floor":28.0,"key":"Orichalcum"},{"floor":30.0,"key":"Frozen Egg 2"},{"floor":40.0,"key":"StoneCalendar"},{"floor":43.0,"key":"Oddly Smooth Stone"}],"event_choices":[{"damage_healed":0.0,"max_hp_gain":0.0,"max_hp_loss":0.0,"gold_gain":0.0,"event_name":"Living Wall","player_choice":"Grow","floor":2.0,"gold_loss":0.0,"damage_taken":0.0,"cards_upgraded":["Neutralize"]},{"damage_healed":0.0,"max_hp_gain":0.0,"max_hp_loss":5.0,"gold_gain":0.0,"event_name":"Golden Idol","player_choice":"Lose Max HP","floor":4.0,"gold_loss":0.0,"damage_taken":0.0,"relics_obtained":["Golden Idol"]},{"damage_healed":0.0,"max_hp_gain":0.0,"max_hp_loss":0.0,"gold_gain":30.0,"event_name":"Dead Adventurer","player_choice":"Searched \u00272\u0027 times","floor":12.0,"gold_loss":0.0,"damage_taken":0.0},{"cards_removed":["Strike_G"],"damage_healed":0.0,"max_hp_gain":0.0,"max_hp_loss":0.0,"gold_gain":0.0,"event_name":"The Cleric","player_choice":"Card Removal","floor":13.0,"gold_loss":50.0,"damage_taken":0.0},{"damage_healed":0.0,"max_hp_gain":0.0,"max_hp_loss":0.0,"gold_gain":0.0,"event_name":"Masked Bandits","player_choice":"Fought Bandits","floor":19.0,"gold_loss":0.0,"damage_taken":0.0},{"damage_healed":0.0,"max_hp_gain":0.0,"max_hp_loss":0.0,"gold_gain":0.0,"event_name":"Forgotten Altar","player_choice":"Gave Idol","floor":20.0,"relics_lost":["Golden Idol"],"gold_loss":0.0,"damage_taken":0.0,"relics_obtained":["Bloody Idol"]},{"damage_healed":21.0,"max_hp_gain":0.0,"max_hp_loss":0.0,"gold_gain":0.0,"event_name":"The Library","player_choice":"Heal","floor":21.0,"gold_loss":0.0,"damage_taken":0.0},{"damage_healed":0.0,"max_hp_gain":0.0,"max_hp_loss":0.0,"gold_gain":0.0,"event_name":"Addict","player_choice":"Obtained Relic","floor":27.0,"gold_loss":85.0,"damage_taken":0.0,"relics_obtained":["Bronze Scales"]},{"damage_healed":0.0,"max_hp_gain":0.0,"max_hp_loss":0.0,"gold_gain":0.0,"event_name":"Upgrade Shrine","player_choice":"Upgraded","floor":38.0,"gold_loss":0.0,"damage_taken":0.0,"cards_upgraded":["Phantasmal Killer"]},{"cards_removed":["Defend_G"],"damage_healed":0.0,"max_hp_gain":0.0,"max_hp_loss":0.0,"gold_gain":0.0,"event_name":"Falling","player_choice":"Removed Skill","floor":42.0,"gold_loss":0.0,"damage_taken":0.0}],"is_beta":false,"boss_relics":[{"not_picked":["Cursed Key","Runic Pyramid"],"picked":"HoveringKite"},{"not_picked":["Busted Crown","Pandora\u0027s Box"],"picked":"Tiny House"}],"items_purged_floors":[14,22,36],"is_endless":false,"potions_floor_spawned":[7,8,10,12,16,19,25,28,30,37,39],"killed_by":"Awakened One","ascension_level":12}}