{"host":"is2s59edl8twrhoj","time":1608386198,"event":{"mods":["BaseMod","Colored Map","Colored Powertips","DeckTracker","Downfall","Minty Spire (QoL Compilation)","StSLib"],"gold_per_floor":[99,113,213,232,232,257,257,257,18,52,52,52,37,22,40,40,40],"floor_reached":16,"playtime":918,"items_purged":["Slimebound:Strike_Slimebound"],"score":106,"play_id":"c46348bc-fb19-4a6e-88ef-2662159ffd1b","local_time":"20201219135638","is_ascension_mode":false,"campfire_choices":[{"data":"Slimebound:Split","floor":1,"key":"SMITH"},{"data":"Slimebound:CorrosiveSpit","floor":5,"key":"SMITH"},{"data":"Slimebound:FinishingTackle","floor":8,"key":"SMITH"}],"circlet_count":0,"master_deck":["Slimebound:Strike_Slimebound","Slimebound:Strike_Slimebound","Slimebound:Tackle","Slimebound:Defend_Slimebound","Slimebound:Defend_Slimebound","Slimebound:Defend_Slimebound","Slimebound:Defend_Slimebound","Slimebound:Split+1","Slimebound:CorrosiveSpit+1","Slimebound:FinishingTackle+1","Slimebound:OozeBath+1","Slimebound:SplitBruiser","Slimebound:SplitMire","Slimebound:RollThrough"],"relics":["Slimebound:AbsorbEndCombat","Art of War","Bottled Flame","Anchor","Dead Branch","Slimebound:GreedOozeRelic"],"acts_visited":["Exordium"],"potions_floor_usage":[16],"damage_taken":[{"damage":13,"enemies":"Small Slimes","floor":2,"turns":4},{"damage":11,"enemies":"Cultist","floor":4,"turns":3},{"damage":38,"enemies":"3 Sentries","floor":6,"turns":7},{"damage":17,"enemies":"downfall:FleeingMerchant","floor":9,"turns":4},{"damage":37,"enemies":"Lagavulin","floor":10,"turns":7},{"damage":21,"enemies":"downfall:FleeingMerchant","floor":13,"turns":4},{"damage":22,"enemies":"downfall:FleeingMerchant","floor":14,"turns":4},{"damage":4,"enemies":"2 Louse","floor":15,"turns":2},{"damage":57,"enemies":"downfall:Defect","floor":16,"turns":4}],"seed_played":"3087885309978354704","potions_obtained":[{"floor":6,"key":"DuplicationPotion"},{"floor":10,"key":"PowerPotion"}],"is_trial":false,"path_per_floor":["R","M","?","M","R","E","T","R","$","E","?","?","$","$","M","B"],"character_chosen":"SLIMEBOUND","items_purchased":["Anchor"],"campfire_rested":0,"item_purchase_floors":[9],"current_hp_per_floor":[66,63,63,64,64,40,40,40,39,22,22,22,27,29,33,0,0],"gold":40,"neow_bonus":"TEN_PERCENT_HP_BONUS","is_daily":false,"chose_seed":false,"campfire_upgraded":3,"win_rate":0.0,"timestamp":1608386198,"path_taken":["R","M","?","?","R","E","T","R","$","E","?","?","$","$","M","BOSS"],"items_purchased_type":["Relic"],"build_version":"2020-12-13","purchased_purges":1,"victory":false,"max_hp_per_floor":[66,66,66,66,66,66,66,66,66,66,66,66,66,66,66,66,66],"card_choices":[{"not_picked":["Slimebound:GrowthPunch","Slimebound:SpikyOuterGoop","Slimebound:SamplingLick"],"picked":"SKIP","floor":2},{"not_picked":["Slimebound:LeechingTouch","Slimebound:Dissolve"],"picked":"Slimebound:FinishingTackle","floor":4},{"not_picked":["Slimebound:LivingWall","Slimebound:DisruptingSlam"],"picked":"Slimebound:OozeBath","floor":6},{"not_picked":["Slimebound:MegaLick","Slimebound:SplitLeeching"],"picked":"Slimebound:SplitBruiser","floor":9},{"not_picked":["Slimebound:SplitBruiser","Slimebound:SplitAcid"],"picked":"Slimebound:SplitMire","floor":10},{"not_picked":["Slimebound:PrepareCrush","Slimebound:GoopTackle","Slimebound:TongueLash"],"picked":"SKIP","floor":13},{"not_picked":["Slimebound:SamplingLick","Slimebound:GrowthPunch","Slimebound:Grow"],"picked":"SKIP","floor":14},{"not_picked":["Slimebound:SplitBruiser","Slimebound:SplitAcid"],"picked":"Slimebound:RollThrough","floor":15}],"player_experience":651604,"relics_obtained":[{"floor":6,"key":"Art of War"},{"floor":7,"key":"Bottled Flame"},{"floor":10,"key":"Dead Branch"}],"event_choices":[{"damage_healed":0,"gold_gain":0,"player_choice":"Grow","damage_taken":0,"max_hp_gain":0,"max_hp_loss":0,"event_name":"Living Wall","floor":11,"gold_loss":0,"cards_upgraded":["Slimebound:OozeBath"]}],"is_beta":false,"boss_relics":[],"items_purged_floors":[9],"is_endless":false,"potions_floor_spawned":[6,10],"killed_by":"downfall:Defect","ascension_level":0}}