{"host":"0fmi5fguj5lvt8pf","time":1608408281,"event":{"mods":["BaseMod","BetterRewards","Colored Map","Curses Come First","Downfall","Minty Spire (QoL Compilation)","Permanent Neow","StSLib","Waifu the Spire"],"gold_per_floor":[99,129,140,160,172,172,172,198,33,33,18,31,45,58,70,167,167,167,167,181,181,191,191,268,295,70,97,123,135,45,56,70,175,175,175,191,191,191,246,246,246,259,285,285,278,148,162,212,229,229,229,259,1,1,1],"floor_reached":56,"playtime":3771,"items_purged":["Guardian:Defend_Guardian","Guardian:PrismaticBeam+1","Guardian:TwinSlam","Guardian:Gem_Red"],"score":1342,"play_id":"ed2d7f27-8e80-4664-be08-f0e3c4954054","local_time":"20201219120441","is_ascension_mode":false,"campfire_choices":[{"data":"Guardian:CurlUp","floor":1.0,"key":"SMITH"},{"data":"Guardian:MultiBeam","floor":10.0,"key":"SMITH"},{"data":"Guardian:BaubleBeam","floor":18.0,"key":"SMITH"},{"floor":21.0,"key":"RECALL"},{"data":"Guardian:PiercingHide","floor":23.0,"key":"SMITH"},{"data":"Guardian:PolyBeam","floor":26.0,"key":"SMITH"},{"data":"Guardian:BaubleBeam","floor":35.0,"key":"SMITH"},{"data":"Guardian:PrismaticBeam","floor":37.0,"key":"SMITH"},{"floor":40.0,"key":"REST"},{"data":"Guardian:SentryBeam","floor":44,"key":"SMITH"},{"data":"Guardian:Orbwalk","floor":54,"key":"SMITH"}],"circlet_count":0,"master_deck":["Guardian:Strike_Guardian","Guardian:Defend_Guardian","Guardian:CurlUp+1","Guardian:MultiBeam+1","Guardian:Reroute","Guardian:PolyBeam+1","Guardian:PiercingHide+1","Guardian:Recover","Guardian:BaubleBeam+1","Guardian:TemporalShield+1","Guardian:StasisEngine+1","Guardian:Preprogram+1","Guardian:SentryBeam+1","Guardian:BaubleBeam+1","Guardian:Clone+1","Guardian:BronzeOrb+1","Guardian:MultiBeam+1","Guardian:Incinerate","Guardian:PrimingBeam","Finesse","Guardian:Suspension+1","Guardian:Orbwalk+1","Guardian:PrimingBeam"],"relics":["Guardian:ModeShifter","Mummified Hand","Guardian:SackOfGems","Bronze Scales","Astrolabe","PreservedInsect","downfall:HeartBlessingRed","downfall:HeartBlessingGreen","downfall:HeartBlessingBlue","Unceasing Top","Pen Nib","Sozu","champ:DuelingGlove","Pear","Art of War","Membership Card","Ornamental Fan","Incense Burner","Boot","TungstenRod"],"acts_visited":["Exordium","TheCity","TheBeyond","TheEnding"],"potions_floor_usage":[],"damage_taken":[{"damage":0.0,"enemies":"2 Louse","floor":3.0,"turns":3.0},{"damage":5.0,"enemies":"Small Slimes","floor":4.0,"turns":4.0},{"damage":6.0,"enemies":"Jaw Worm","floor":5.0,"turns":4.0},{"damage":18.0,"enemies":"Gremlin Nob","floor":8.0,"turns":4.0},{"damage":0.0,"enemies":"downfall:FleeingMerchant","floor":9.0,"turns":4.0},{"damage":6.0,"enemies":"downfall:FleeingMerchant","floor":11.0,"turns":4.0},{"damage":0.0,"enemies":"2 Fungi Beasts","floor":12.0,"turns":1.0},{"damage":0.0,"enemies":"Lots of Slimes","floor":13.0,"turns":2.0},{"damage":0.0,"enemies":"Exordium Thugs","floor":14.0,"turns":3.0},{"damage":0.0,"enemies":"Blue Slaver","floor":15.0,"turns":3.0},{"damage":20.0,"enemies":"downfall:Defect","floor":16.0,"turns":7.0},{"damage":0.0,"enemies":"Chosen","floor":20.0,"turns":3.0},{"damage":5.0,"enemies":"Shell Parasite","floor":22.0,"turns":3.0},{"damage":2.0,"enemies":"Slavers","floor":25.0,"turns":3.0},{"damage":11.0,"enemies":"Book of Stabbing","floor":27.0,"turns":3.0},{"damage":4.0,"enemies":"Cultist and Chosen","floor":29.0,"turns":4.0},{"damage":12.0,"enemies":"downfall:FleeingMerchant","floor":30.0,"turns":4.0},{"damage":0.0,"enemies":"Centurion and Healer","floor":31.0,"turns":3.0},{"damage":0.0,"enemies":"3 Cultists","floor":32.0,"turns":2.0},{"damage":13.0,"enemies":"downfall:Silent","floor":33.0,"turns":5.0},{"damage":10.0,"enemies":"Orb Walker","floor":36.0,"turns":2.0},{"damage":5.0,"enemies":"2 Orb Walkers","floor":39.0,"turns":3.0},{"damage":0,"enemies":"3 Darklings","floor":42,"turns":1},{"damage":0,"enemies":"Reptomancer","floor":43,"turns":3},{"damage":0,"enemies":"downfall:FleeingMerchant","floor":45,"turns":1},{"damage":0,"enemies":"Jaw Worm Horde","floor":47,"turns":1},{"damage":0,"enemies":"Mind Bloom Boss Battle","floor":48,"turns":3},{"damage":2,"enemies":"4 Shapes","floor":49,"turns":2},{"damage":0,"enemies":"downfall:Watcher","floor":50,"turns":4},{"damage":0,"enemies":"downfall:CharBossMerchant","floor":52,"turns":3},{"damage":0,"enemies":"downfall:NeowBoss","floor":55,"turns":13}],"seed_played":"-1829248558530372548","potions_obtained":[{"floor":4.0,"key":"SteroidPotion"},{"floor":13.0,"key":"Weak Potion"},{"floor":15.0,"key":"DistilledChaos"},{"floor":16.0,"key":"Ancient Potion"},{"floor":20.0,"key":"Guardian:DefensiveModePotion"},{"floor":27.0,"key":"Swift Potion"},{"floor":32.0,"key":"BlessingOfTheForge"}],"is_trial":false,"path_per_floor":["R","?","M","M","M","?","T","E","$","R","$","M","M","M","M","B",null,"R","?","M","R","M","R","T","E","R","E","T","M","$","M","M","B",null,"R","M","R","?","?","R","T","M","E","R","$","$","M","?","M","B",null,"E","$","R","B",null],"character_chosen":"GUARDIAN","items_purchased":["Bronze Scales","Membership Card","Ornamental Fan","Guardian:Incinerate","Guardian:PrimingBeam","Finesse","TungstenRod","Guardian:PrimingBeam"],"campfire_rested":1,"item_purchase_floors":[9,45,45,45,46,46,53,53],"current_hp_per_floor":[72,72,72,67,61,61,61,43,43,43,37,37,37,37,37,17,72,72,72,72,72,67,67,67,65,75,64,64,60,48,48,48,35,82,82,72,72,72,67,82,92,92,92,92,92,92,92,92,90,90,92,92,92,92,92],"gold":1,"neow_bonus":"THREE_RARE_CARDS","is_daily":false,"chose_seed":false,"campfire_upgraded":9,"win_rate":0.0,"timestamp":1608408281,"path_taken":["R","?","M","M","M","?","T","E","?","R","$","M","M","M","M","BOSS","R","?","?","R","M","R","T","E","R","E","?","M","$","M","M","BOSS","R","M","R","?","?","R","T","M","E","R","$","$","M","?","M","BOSS","E","$","R","BOSS"],"items_purchased_type":["Relic","Relic","Relic","Card","Card","Card","Relic","Card"],"build_version":"2020-12-13","purchased_purges":4,"victory":true,"max_hp_per_floor":[72,72,72,72,72,72,72,72,72,72,72,72,72,72,72,72,72,72,72,72,72,72,72,72,72,82,82,82,82,82,82,82,82,82,82,82,82,82,82,82,92,92,92,92,92,92,92,92,92,92,92,92,92,92,92],"card_choices":[{"not_picked":["Guardian:SphericShield","Guardian:RevengeProtocol"],"picked":"Guardian:Gem_Synthetic","floor":0.0},{"not_picked":["Guardian:Gem_Lightblue","Guardian:Suspension"],"picked":"Guardian:MultiBeam","floor":3.0},{"not_picked":["Guardian:VentSteam","Guardian:Gem_Crimson"],"picked":"Guardian:PrimingBeam","floor":4.0},{"not_picked":["Guardian:Emergency","Guardian:EvasiveProtocol"],"picked":"Guardian:Gem_Red","floor":5.0},{"not_picked":["Guardian:TimeSifter","Guardian:Gem_Green"],"picked":"Guardian:Reroute","floor":8.0},{"not_picked":["Guardian:Gem_Lightblue","Guardian:BronzeOrb"],"picked":"Guardian:Gem_Cyan","floor":9.0},{"not_picked":["Guardian:RollAttack","Guardian:Gem_Fragmented","Guardian:DonusPower"],"picked":"SKIP","floor":11.0},{"not_picked":["Guardian:Preprogram","Guardian:TimeCapacitor"],"picked":"Guardian:PolyBeam","floor":12.0},{"not_picked":["Guardian:Planning","Guardian:FloatingOrbs"],"picked":"Guardian:PiercingHide","floor":13.0},{"not_picked":["Guardian:PiercingHide","Guardian:PrismaticBeam"],"picked":"Guardian:Recover","floor":14.0},{"not_picked":["Guardian:FloatingOrbs","Guardian:Gem_Crimson","Guardian:Recover"],"picked":"SKIP","floor":15.0},{"not_picked":["Guardian:StasisEngine","Guardian:ConstructionForm"],"picked":"Guardian:BaubleBeam","floor":16.0},{"not_picked":["Guardian:VentSteam","Guardian:TemporalStrike"],"picked":"Guardian:Gem_Cyan","floor":20.0},{"not_picked":["Guardian:ShieldSpikes+1","Guardian:Reroute","Guardian:Planning"],"picked":"SKIP","floor":22.0},{"not_picked":["Guardian:ChargeCore","Guardian:ArmoredProtocol+1","Guardian:CrystalBeam+1"],"picked":"SKIP","floor":25.0},{"not_picked":["Guardian:Planning","Guardian:GemFire"],"picked":"Guardian:PrismaticBeam","floor":27.0},{"not_picked":["Guardian:Gem_Blue","Guardian:Gem_Red","Guardian:FuturePlans"],"picked":"SKIP","floor":29.0},{"not_picked":["Guardian:PiercingHide","Guardian:TimeCapacitor","Guardian:ChargeCore"],"picked":"SKIP","floor":30.0},{"not_picked":["Guardian:PolyBeam","Guardian:WalkerClaw+1"],"picked":"Guardian:Preprogram+1","floor":31.0},{"not_picked":["Guardian:Gem_Lightblue","Guardian:DonusPower"],"picked":"Guardian:SentryBeam","floor":32.0},{"not_picked":["Guardian:RevengeProtocol","Guardian:ConstructionForm"],"picked":"Guardian:BaubleBeam","floor":33.0},{"not_picked":["Guardian:Gem_Lightblue","Guardian:Gem_Cyan"],"picked":"Guardian:Clone+1","floor":36.0},{"not_picked":["Guardian:DecasProtection+1","Guardian:Repulse"],"picked":"Guardian:BronzeOrb+1","floor":39.0},{"not_picked":["Guardian:Incinerate","Guardian:Gem_Purple"],"picked":"Guardian:Gem_Yellow","floor":42},{"not_picked":["Guardian:Gem_Lightblue","Guardian:TemporalShield+1"],"picked":"Guardian:MultiBeam+1","floor":43},{"not_picked":["Guardian:CompilePackage","Guardian:Gem_Green","Guardian:Preprogram"],"picked":"SKIP","floor":45},{"not_picked":["Guardian:Preprogram","Guardian:Gem_Lightblue","Guardian:TimeBomb"],"picked":"SKIP","floor":47},{"not_picked":["Guardian:Planning","Guardian:Gem_Cyan"],"picked":"Guardian:Suspension+1","floor":48},{"not_picked":["Guardian:Gem_Green","Guardian:Gem_Red","Guardian:PolyBeam"],"picked":"SKIP","floor":49},{"not_picked":["Guardian:PiercingHide+1","Guardian:Planning"],"picked":"Guardian:Orbwalk","floor":52}],"player_experience":1192531,"relics_obtained":[{"floor":7.0,"key":"Mummified Hand"},{"floor":8.0,"key":"Guardian:SackOfGems"},{"floor":25.0,"key":"PreservedInsect"},{"floor":27.0,"key":"Unceasing Top"},{"floor":28.0,"key":"Pen Nib"},{"floor":39.0,"key":"champ:DuelingGlove"},{"floor":41.0,"key":"Pear"},{"floor":43,"key":"Art of War"},{"floor":48,"key":"Incense Burner"},{"floor":52,"key":"Boot"}],"event_choices":[{"cards_removed":["Guardian:Strike_Guardian"],"damage_healed":0.0,"max_hp_gain":0.0,"max_hp_loss":0.0,"gold_gain":0.0,"event_name":"Bonfire Elementals","player_choice":"Offered Basic","floor":19.0,"gold_loss":0.0,"damage_taken":0.0},{"cards_removed":["Guardian:PrimingBeam"],"damage_healed":0.0,"max_hp_gain":0.0,"max_hp_loss":0.0,"gold_gain":0.0,"event_name":"Falling","player_choice":"Removed Attack","floor":38.0,"gold_loss":0.0,"damage_taken":0.0},{"damage_healed":0.0,"max_hp_gain":0.0,"max_hp_loss":0.0,"gold_gain":0.0,"event_name":"Mysterious Sphere","player_choice":"Fight","floor":39.0,"gold_loss":0.0,"damage_taken":0.0}],"is_beta":false,"boss_relics":[{"not_picked":["Snecko Eye","SlaversCollar"],"picked":"Astrolabe"},{"not_picked":["Cursed Key","Calling Bell"],"picked":"Sozu"}],"items_purged_floors":[30,45,46,53],"is_endless":false,"potions_floor_spawned":[4,13,15,16,20,27,32,39,42,48],"ascension_level":0}}