{"host":"25hwxgnshg5vqzox","time":1608398520,"event":{"mods":["BaseMod","Colored Map","Downfall","Googly Eyes","Highlight Path","Minty Spire (QoL Compilation)","Replay The Spire","StSLib"],"gold_per_floor":[99,99,129,141,303,240,277,289,320,332,444,474,486,483,505,617,629,629,629,629,457,457,457,457,382,382,382,382,382,382,382,382,382,382,382,382,382,382,382,382,382,382,107,107,107,107,107,107,107,107],"floor_reached":51,"playtime":3999,"items_purged":[],"score":924,"play_id":"3c9199fd-1b63-4127-a24e-96eecfc7c500","local_time":"20201219172200","is_ascension_mode":false,"campfire_choices":[{"floor":1.0,"key":"RECALL"},{"data":"champ:Taunt","floor":6.0,"key":"SMITH"},{"data":"champ:DefensiveShout","floor":8.0,"key":"SMITH"},{"data":"champ:CalledShot","floor":10.0,"key":"SMITH"},{"floor":25,"key":"REST"},{"data":"champ:Duel","floor":27,"key":"SMITH"},{"floor":40,"key":"REST"}],"circlet_count":0,"master_deck":["champ:Strike","champ:Strike","champ:Strike","champ:Strike","champ:Defend","champ:Defend","champ:Defend","champ:Execute","champ:Taunt+1","champ:DefensiveShout+1","champ:VampiricStrike","champ:PerfectedStrike","Slimebound:Icky","champ:CalledShot+1","champ:Encircle","champ:StanceDance","champ:Duel+1","champ:StrikeOfGenius","champ:SkillfulDodge","champ:RapidStrikes","champ:BringItOn","Necronomicurse","champ:FanOfKnives+1","champ:Lariat","champ:TornadoPunch","champ:FanOfKnives","champ:BringItOn","champ:PerfectedStrike","champ:FocusedBerserking","champ:VampiricStrike","champ:ArenaPreparation+1","champ:StanceDance","champ:TornadoPunch","champ:CrookedStrike+1","champ:FlashCut+1"],"relics":["champ:ChampionCrown","downfall:HeartsMalice","MawBank","downfall:HeartBlessingRed","Pen Nib","Ectoplasm","champ:BerserkersGuideToSlaughter","Necronomicon","downfall:HeartBlessingBlue","Regal Pillow","Sozu","Lizard Tail","Question Card","Pear","Bottled Tornado"],"acts_visited":["Exordium","TheCity","TheBeyond"],"potions_floor_usage":[31,39],"damage_taken":[{"damage":0.0,"enemies":"Jaw Worm","floor":2.0,"turns":1.0},{"damage":0.0,"enemies":"Replay:BlueRogue","floor":3.0,"turns":1.0},{"damage":0.0,"enemies":"downfall:FleeingMerchant","floor":4.0,"turns":1.0},{"damage":5.0,"enemies":"2 Louse","floor":9.0,"turns":2.0},{"damage":6.0,"enemies":"Cultist","floor":12.0,"turns":3.0},{"damage":9.0,"enemies":"downfall:FleeingMerchant","floor":14.0,"turns":4.0},{"damage":4.0,"enemies":"3 Louse","floor":15.0,"turns":3.0},{"damage":54.0,"enemies":"downfall:Ironclad","floor":16.0,"turns":7.0},{"damage":32.0,"enemies":"3 Byrds","floor":19.0,"turns":5.0},{"damage":12.0,"enemies":"Chosen","floor":20.0,"turns":3.0},{"damage":7.0,"enemies":"downfall:FleeingMerchant","floor":21.0,"turns":4.0},{"damage":15,"enemies":"Snake Plant","floor":23,"turns":3},{"damage":32,"enemies":"Gremlin Leader","floor":26,"turns":7},{"damage":0,"enemies":"Cultist and Chosen","floor":29,"turns":3},{"damage":14,"enemies":"Snecko","floor":30,"turns":3},{"damage":27,"enemies":"Snake Plant","floor":31,"turns":3},{"damage":14,"enemies":"Sentry and Sphere","floor":32,"turns":4},{"damage":33,"enemies":"downfall:Defect","floor":33,"turns":8},{"damage":41,"enemies":"3 Darklings","floor":36,"turns":4},{"damage":7,"enemies":"3 Shapes","floor":37,"turns":3},{"damage":65,"enemies":"Mind Bloom Boss Battle","floor":38,"turns":8},{"damage":33,"enemies":"Spire Growth","floor":39,"turns":5},{"damage":20,"enemies":"downfall:FleeingMerchant","floor":43,"turns":4},{"damage":50,"enemies":"Reptomancer","floor":44,"turns":6},{"damage":43,"enemies":"Maw","floor":45,"turns":5},{"damage":0,"enemies":"Jaw Worm Horde","floor":46,"turns":4},{"damage":8,"enemies":"4 Shapes","floor":48,"turns":3},{"damage":18,"enemies":"Maw","floor":49,"turns":6},{"damage":21,"enemies":"downfall:Watcher","floor":50,"turns":7}],"seed_played":"-6528124016982873320","potions_obtained":[{"floor":3.0,"key":"champ:OpenerPotion"},{"floor":12.0,"key":"Swift Potion"},{"floor":16.0,"key":"SpeedPotion"},{"floor":20.0,"key":"Ancient Potion"},{"floor":23,"key":"PowerPotion"},{"floor":29,"key":"LiquidBronze"},{"floor":31,"key":"SteroidPotion"}],"is_trial":false,"path_per_floor":["R","M","E","$","?","R","T","R","M","R","?","M","?","$","M","B",null,"R_BF","M","M","$","?","M","T","R","E","R","?","M","M","M","M","B",null,"R_BF","M","M","?","M","R","T","?","$","E","M","M","?","M","M","B",null],"character_chosen":"THE_CHAMP","items_purchased":["champ:BerserkersGuideToSlaughter","Pear"],"campfire_rested":2,"item_purchase_floors":[21,43],"current_hp_per_floor":[90,90,90,90,90,90,90,90,90,90,90,89,89,89,87,61,90,90,71,73,68,52,49,49,89,87,87,87,94,92,96,98,81,100,100,76,69,23,3,48,48,48,79,71,74,88,88,91,110,110],"gold":107,"neow_bonus":"THREE_ENEMY_KILL","is_daily":false,"chose_seed":false,"campfire_upgraded":4,"win_rate":0.0,"timestamp":1608398520,"path_taken":["R","M","E","$","?","R","T","R","M","R","?","M","?","?","M","BOSS","R_BF","M","M","$","?","M","T","R","E","R","?","M","M","M","M","BOSS","R_BF","?","M","?","M","R","T","?","?","E","M","M","?","M","M","BOSS"],"items_purchased_type":["Relic","Relic"],"build_version":"2020-12-13","purchased_purges":0,"victory":true,"max_hp_per_floor":[90,90,90,90,90,90,90,90,90,90,90,90,90,90,90,90,90,90,90,90,90,90,90,90,100,100,100,100,100,100,100,100,100,100,100,100,100,100,100,100,100,100,110,110,110,110,110,110,110,110],"card_choices":[{"not_picked":["champ:Circumvent","champ:PreciseThrust"],"picked":"champ:DefensiveShout","floor":2.0},{"not_picked":["champ:CrookedStrike","champ:SkillfulDodge"],"picked":"champ:VampiricStrike","floor":3.0},{"not_picked":["champ:GladiatorStyle","champ:BringItOn"],"picked":"champ:PerfectedStrike","floor":4.0},{"not_picked":["champ:RecklessLeap","champ:Haymaker"],"picked":"champ:CalledShot","floor":9.0},{"not_picked":["champ:BladeFlurry","champ:GladiatorsShout"],"picked":"champ:Encircle","floor":12.0},{"not_picked":["champ:EnGarde","champ:ViciousMockery"],"picked":"champ:StanceDance","floor":14.0},{"not_picked":["champ:SkillfulDodge","champ:IronFortress"],"picked":"champ:Duel","floor":15.0},{"not_picked":["champ:Devastate","champ:ShieldSlam"],"picked":"champ:StrikeOfGenius","floor":16.0},{"not_picked":["champ:GladiatorsShout+1","champ:Circumvent+1"],"picked":"champ:SkillfulDodge","floor":19.0},{"not_picked":["champ:Duel","champ:DefensiveShout"],"picked":"champ:RapidStrikes","floor":20.0},{"not_picked":["champ:StanceDance","champ:Backstep"],"picked":"champ:BringItOn","floor":21.0},{"not_picked":["champ:Circumvent","champ:VampiricStrike"],"picked":"champ:FanOfKnives+1","floor":23},{"not_picked":["champ:EnragedBash","champ:SkillfulDodge+1"],"picked":"champ:Lariat","floor":26},{"not_picked":["champ:GladiatorStyle","champ:BladeFlurry+1"],"picked":"champ:TornadoPunch","floor":29},{"not_picked":["champ:Riposte","champ:FocusedDefense"],"picked":"champ:FanOfKnives","floor":30},{"not_picked":["champ:DefensiveShout","champ:TornadoPunch"],"picked":"champ:BringItOn","floor":31},{"not_picked":["champ:Encircle","champ:BerserkersShout"],"picked":"champ:PerfectedStrike","floor":32},{"not_picked":["champ:BerserkerStyle+1","champ:BringItOn+1"],"picked":"champ:FocusedBerserking","floor":36},{"not_picked":["champ:Encircle+1","champ:Shatter+1","champ:StanceDance"],"picked":"SKIP","floor":37},{"not_picked":["champ:PerfectedStrike","champ:Lariat"],"picked":"champ:VampiricStrike","floor":38},{"not_picked":["champ:ViciousMockery","champ:ShieldWall","champ:Backstep"],"picked":"SKIP","floor":39},{"not_picked":["champ:GutPunch+1","champ:DefensiveShout","champ:Circumvent","champ:FightOn"],"picked":"SKIP","floor":43},{"not_picked":["champ:HeartStrike","champ:BringItOn","champ:Circumvent"],"picked":"champ:ArenaPreparation+1","floor":44},{"not_picked":["champ:Circumvent","champ:EndlessRage","champ:BringItOn+1"],"picked":"champ:StanceDance","floor":45},{"not_picked":["champ:BerserkersShout+1","champ:Circumvent","champ:CrookedStrike"],"picked":"champ:TornadoPunch","floor":46},{"not_picked":["champ:Shatter","champ:Encircle","champ:FanOfKnives"],"picked":"champ:CrookedStrike+1","floor":48},{"not_picked":["champ:BladeFlurry+1","champ:GladiatorsShout","champ:DefensiveShout+1"],"picked":"champ:FlashCut+1","floor":49}],"player_experience":18749,"relics_obtained":[{"floor":3.0,"key":"MawBank"},{"floor":7.0,"key":"Pen Nib"},{"floor":22.0,"key":"Necronomicon"},{"floor":26,"key":"Regal Pillow"},{"floor":38,"key":"Lizard Tail"},{"floor":41,"key":"Question Card"},{"floor":44,"key":"Bottled Tornado"}],"event_choices":[{"damage_healed":0,"gold_gain":0,"player_choice":"Ignored","damage_taken":0,"max_hp_gain":0,"max_hp_loss":0,"event_name":"Transmorgrifier","floor":28,"gold_loss":0},{"damage_healed":0,"gold_gain":0,"player_choice":"Ignored","damage_taken":0,"max_hp_gain":0,"max_hp_loss":0,"event_name":"Mysterious Sphere","floor":42,"gold_loss":0},{"cards_removed":["champ:Defend"],"damage_healed":0,"gold_gain":0,"player_choice":"Removed Skill","damage_taken":0,"max_hp_gain":0,"max_hp_loss":0,"event_name":"Falling","floor":47,"gold_loss":0}],"is_beta":false,"boss_relics":[{"not_picked":["Honey Jar","ReplayTheSpireMod:DimensionalGlitch"],"picked":"Ectoplasm"},{"not_picked":["Black Star","Replay:Ancient Bell"],"picked":"Sozu"}],"items_purged_floors":[],"is_endless":false,"potions_floor_spawned":[3,12,16,20,23,29,31,38,44,46],"ascension_level":0}}