{"host":"ow9msrs9p2ctkx99","time":1608410258,"event":{"mods":["AchievementEnabler","BaseMod","Colored Map","Colored Powertips","Minty Spire (QoL Compilation)","Permanent Neow","Quick Restart","SuperFastMode"],"gold_per_floor":[367,542,542,224,239,239,269,169,216,216,216,216,91,126,126,222,222,232,245,245,245],"floor_reached":20,"playtime":415,"items_purged":["Clumsy","Defend_R","Strike_R"],"score":178,"play_id":"2b907f0f-701c-4ebb-82b8-0d36f4857bd1","local_time":"20201219213738","is_ascension_mode":false,"campfire_choices":[{"data":"Bash","floor":6,"key":"SMITH"},{"data":"Metallicize","floor":10,"key":"SMITH"},{"floor":12,"key":"REST"},{"floor":15,"key":"RECALL"}],"circlet_count":0,"master_deck":["Strike_R","Strike_R","Strike_R","Defend_R","Defend_R","Defend_R","Bash+1","Metallicize+1","Iron Wave"],"relics":["Burning Blood","Shuriken","Ancient Tea Set","Tiny Chest","Blood Vial","Sozu"],"acts_visited":["Exordium","TheCity"],"potions_floor_usage":[7,16],"damage_taken":[{"damage":3,"enemies":"Small Slimes","floor":1,"turns":3},{"damage":18,"enemies":"Jaw Worm","floor":5,"turns":5},{"damage":43,"enemies":"3 Sentries","floor":7,"turns":10},{"damage":7,"enemies":"Gremlin Nob","floor":14,"turns":4},{"damage":64,"enemies":"Slime Boss","floor":16,"turns":10},{"damage":25,"enemies":"Shell Parasite","floor":18,"turns":7},{"damage":26,"enemies":"Spheric Guardian","floor":19,"turns":6},{"damage":4,"enemies":"3 Cultists","floor":20,"turns":3}],"seed_played":"3053859577046537674","potions_obtained":[{"floor":5,"key":"Regen Potion"},{"floor":7,"key":"SkillPotion"}],"is_trial":false,"path_per_floor":["M","?","?","$","M","R","E","$","T","R","?","R","$","E","R","B",null,"M","M","M"],"character_chosen":"IRONCLAD","items_purchased":["Shuriken"],"campfire_rested":1,"item_purchase_floors":[4],"current_hp_per_floor":[80,80,80,80,68,68,46,46,46,46,46,70,70,69,69,13,80,61,43,41,41],"gold":245,"neow_bonus":"TWO_FIFTY_GOLD","is_daily":false,"chose_seed":false,"campfire_upgraded":2,"win_rate":0.0,"timestamp":1608410258,"path_taken":["M","?","?","$","M","R","E","?","T","R","?","R","$","E","R","BOSS","M","M","?"],"items_purchased_type":["Relic"],"build_version":"2020-12-13","purchased_purges":3,"victory":false,"max_hp_per_floor":[80,80,80,80,80,80,80,80,80,80,80,80,80,80,80,80,80,80,80,80,80],"card_choices":[{"not_picked":["Pommel Strike","Thunderclap","Bloodletting"],"picked":"SKIP","floor":1},{"not_picked":["Reckless Charge","Flex","Cleave"],"picked":"SKIP","floor":5},{"not_picked":["Twin Strike","Blood for Blood"],"picked":"Metallicize","floor":7},{"not_picked":["Sentinel","Heavy Blade","Headbutt"],"picked":"SKIP","floor":14},{"not_picked":["Perfected Strike","True Grit"],"picked":"Iron Wave","floor":18},{"not_picked":["Evolve","Clash","Wild Strike"],"picked":"SKIP","floor":19}],"player_experience":1092177,"relics_obtained":[{"floor":7,"key":"Ancient Tea Set"},{"floor":9,"key":"Tiny Chest"},{"floor":14,"key":"Blood Vial"}],"event_choices":[{"damage_healed":0,"gold_gain":175,"player_choice":"AGREE","damage_taken":0,"max_hp_gain":0,"max_hp_loss":0,"event_name":"Liars Game","floor":2,"gold_loss":0,"cards_obtained":["Doubt"]},{"cards_removed":["Doubt"],"damage_healed":0,"gold_gain":0,"player_choice":"Forget","damage_taken":0,"max_hp_gain":0,"max_hp_loss":0,"event_name":"Living Wall","floor":3,"gold_loss":0},{"cards_removed":["Strike_R"],"damage_healed":0,"gold_gain":0,"player_choice":"Purged","damage_taken":0,"max_hp_gain":0,"max_hp_loss":0,"event_name":"Purifier","floor":11,"gold_loss":0}],"is_beta":false,"boss_relics":[{"not_picked":["Black Blood","Cursed Key"],"picked":"Sozu"}],"items_purged_floors":[4,8,13],"is_endless":false,"potions_floor_spawned":[5,7],"killed_by":"3 Cultists","ascension_level":0}}