{"host":"1rlxwz5wgb7zwurx","time":1608350400,"event":{"mods":["Act Like it!","Aspiration","BaseMod","Better Third Choice","Colored Map","Colored Powertips","Conspire","Downfall","Fiend Mod","Halation","Hallownest","Hermit","Hubris","Ironclad Rager","JesterMod","Minty Spire (QoL Compilation)","Quick Restart","READ ME - Guardian Mod","Replay The Spire","Retaliation","Shade Mod","Somnambulant","StSLib","Synergy Search","The Bladedancer","The Bug Knight","The Construct","The Cursed","The Disciple","The Druid","The Elementalist","The Hierophant","The Juggle","The Jungle","The Mystic","The Necromancer","The Runesmith","The Servant 0.9.4","The Spell Scribe","The Valiant","thorton","vexMod"],"gold_per_floor":[119,119,48,48,48,77,87,87,87,113,128,156,170,189,189,288,288,299,319,319,319,319,319,354,371,371,21,46,46,46,46,46,46,46],"floor_reached":33,"playtime":7931,"items_purged":[],"score":293,"play_id":"00209bde-8fad-48f1-b331-3db7c6391910","local_time":"20201218230000","is_ascension_mode":true,"campfire_choices":[{"data":"HollowMod:SoulEater","floor":8.0,"key":"SMITH"},{"floor":15,"key":"RECALL"},{"data":"HollowMod:SlysStrikes","floor":23,"key":"SMITH"},{"floor":32,"key":"REST"}],"circlet_count":0,"master_deck":["HollowMod:NailStrikeStart","HollowMod:NailStrikeStart+1","HollowMod:NailStrikeStart+1","HollowMod:NailStrikeStart","HollowMod:QuickDashStart","HollowMod:QuickDashStart","HollowMod:QuickDashStart","HollowMod:QuickDashStart","HollowMod:FocusHealStart","HollowMod:PogoStrike","HollowMod:SoulSplash","HollowMod:SoulEater+1","HollowMod:Grubsong","HollowMod:PerfectDash","HollowMod:InfectionAssault+1","HollowMod:ChannelNail","HollowMod:BaldurShell","HollowMod:InfectedCysts+1","HollowMod:AwokenDreamNail+1","HollowMod:SlysStrikes+1","HollowMod:FastStrike+1","HollowMod:NewJinnsSoul","HollowMod:CloakDash","HollowMod:WraithStrike+1","HollowMod:CycloneSlash+1","Hallownest:attackFallenFury+1","HollowMod:DashSlash+1"],"relics":["HollowMod:VesselMask","aspiration:Nostalgia","mysticmod:SpellBook","HollowMod:PaleOreRelic","Hallownest:SalubrasBlessingRelic","Toy Ornithopter","HollowMod:MantisClawRelic","Molten Egg 2","Replay:Baseball","hubris:ScarierMask","Whetstone","halation:EternalFortune","aspiration:ChemicalBlood","TungstenRod","Juzu Bracelet","PreservedInsect","Pen Nib"],"acts_visited":["Exordium","Hallownest:Greenpath"],"potions_floor_usage":[16,16,24,25,25,33,33],"damage_taken":[{"damage":1.0,"enemies":"Hallownest:monsterHuskGuard","floor":1.0,"turns":6.0},{"damage":33.0,"enemies":"Hallownest:eliteCrystalGuardian","floor":6.0,"turns":6.0},{"damage":0.0,"enemies":"Hallownest:2_MossCreeps","floor":7.0,"turns":3.0},{"damage":1.0,"enemies":"Hallownest:eliteMossKnight","floor":10.0,"turns":10.0},{"damage":0.0,"enemies":"2_ Uuma","floor":11.0,"turns":3.0},{"damage":8.0,"enemies":"Hallownest:eliteVengeflyKing","floor":12.0,"turns":6.0},{"damage":8.0,"enemies":"Hallownest:Wandering_and_Horned","floor":13.0,"turns":5.0},{"damage":11.0,"enemies":"Hallownest:1_Baldur_1_Crawlid_1_Warrior","floor":14.0,"turns":2.0},{"damage":37,"enemies":"Hallownest:BossBrokenVessel","floor":16,"turns":8},{"damage":4,"enemies":"Hallownest:3_Youths","floor":18,"turns":4},{"damage":0,"enemies":"Hallownest:2_Mistakes","floor":19,"turns":3},{"damage":1,"enemies":"Hallownest:2_Mistakes","floor":20,"turns":5},{"damage":57,"enemies":"Hallownest:eliteSoulWarrior","floor":24,"turns":5},{"damage":35,"enemies":"Hallownest:monsterMisterMushroom","floor":25,"turns":8},{"damage":47,"enemies":"Hallownest:BossMantisLord","floor":33,"turns":4}],"seed_played":"-4756708329843449121","potions_obtained":[{"floor":6.0,"key":"AttackPotion"},{"floor":7.0,"key":"champ:CounterPotion"},{"floor":12.0,"key":"Energy Potion"},{"floor":16,"key":"Strength Potion"},{"floor":24,"key":"BlessingOfTheForge"}],"is_trial":false,"path_per_floor":["M","T","$","?","?","E","M","R","T","E","M","E","M","M","R","B",null,"M","M","?","?","?","R","E","M","T","$","T","?","$","?","R","B"],"character_chosen":"THE_BUGKNIGHT","items_purchased":["HollowMod:SoulEater","Juzu Bracelet","PreservedInsect","HollowMod:CycloneSlash+1"],"campfire_rested":1,"item_purchase_floors":[3,27,27,27],"current_hp_per_floor":[74,74,74,65,65,42,48,48,48,59,59,57,55,44,44,27,75,75,75,74,74,77,77,25,10,10,10,10,10,10,10,35,0,0],"gold":46,"neow_bonus":"NOSTALGIA","is_daily":false,"chose_seed":false,"campfire_upgraded":2,"win_rate":0.0,"timestamp":1608350400,"path_taken":["M","?","$","?","?","E","M","R","T","E","?","E","M","M","R","BOSS","M","M","?","?","?","R","E","M","T","$","?","?","?","?","R","BOSS"],"items_purchased_type":["Card","Relic","Relic","Card"],"build_version":"2020-12-13","purchased_purges":0,"victory":false,"max_hp_per_floor":[75,75,75,75,75,75,75,75,75,75,75,75,75,75,75,75,75,75,75,75,75,78,78,78,78,78,78,78,78,78,78,80,80,80],"card_choices":[{"not_picked":["HollowMod:CloakDash","HollowMod:ChannelNail"],"picked":"HollowMod:SoulSplash","floor":1.0},{"not_picked":["HollowMod:CornifersMapStart","HollowMod:ShadowDash"],"picked":"HollowMod:Grubsong","floor":6.0},{"not_picked":["HollowMod:InfectedCysts","HollowMod:CornifersMapStart"],"picked":"HollowMod:PerfectDash","floor":7.0},{"not_picked":["HollowMod:DoubleDash","HollowMod:CrystalDash"],"picked":"HollowMod:InfectionAssault+1","floor":10.0},{"not_picked":["HollowMod:MothsMistake","HollowMod:CoiledNail+1"],"picked":"HollowMod:ChannelNail","floor":11.0},{"not_picked":["HollowMod:DescendingDark+1","HollowMod:MonarchWings"],"picked":"HollowMod:BaldurShell","floor":12.0},{"not_picked":["HollowMod:CrystalDash","HollowMod:ShadowDash"],"picked":"HollowMod:InfectedCysts+1","floor":13.0},{"not_picked":["HollowMod:GoodIntentions","HollowMod:LifebloodCocoon"],"picked":"HollowMod:AwokenDreamNail+1","floor":14},{"not_picked":["HollowMod:LifebloodCore","HollowMod:VoidDash"],"picked":"HollowMod:SlysStrikes","floor":16},{"not_picked":["HollowMod:NewLittleFool+1","HollowMod:WraithStrike+1"],"picked":"HollowMod:FastStrike+1","floor":18},{"not_picked":["HollowMod:SoulSplash","HollowMod:SoulVessel"],"picked":"HollowMod:NewJinnsSoul","floor":19},{"not_picked":["HollowMod:InfectionAssault+1","HollowMod:NewGlowingWomb"],"picked":"HollowMod:CloakDash","floor":24},{"not_picked":["HollowMod:SoulSplash","HollowMod:NewLittleFool+1"],"picked":"HollowMod:WraithStrike+1","floor":25}],"player_experience":436264,"relics_obtained":[{"floor":2.0,"key":"HollowMod:PaleOreRelic"},{"floor":6.0,"key":"Toy Ornithopter"},{"floor":9.0,"key":"HollowMod:MantisClawRelic"},{"floor":10.0,"key":"Molten Egg 2"},{"floor":12.0,"key":"Replay:Baseball"},{"floor":24,"key":"aspiration:ChemicalBlood"},{"floor":26,"key":"TungstenRod"},{"floor":28,"key":"Pen Nib"}],"event_choices":[],"is_beta":false,"boss_relics":[{"not_picked":["thethorton:GreedFountain","hubris:VirtuousBlindfold"],"picked":"hubris:ScarierMask"}],"items_purged_floors":[],"is_endless":false,"potions_floor_spawned":[6,7,12,16,20,24],"killed_by":"Hallownest:BossMantisLord","ascension_level":1}}