{"host":"whloki2o3dp1b07n","time":1608418174,"event":{"mods":["Abigail Mod","Act Like it!","BaseMod","Better Synergies","Block Reminder","CapriCore","Colored Map","Colored Powertips","DNKmod","Friendly Minions","GifTheSpireLib","GungeonMod","HexUI Lib","Koishi","Marked Mod","Minty Spire (QoL Compilation)","StSLib","Swap Starting Deck Mod","The Bug Knight","The Marked","Transform Curses"],"gold_per_floor":[118,131,131,146,161,161,236,236,263,283,283,283,294,294,294,420,420,433,127,127,140,140,140,183,198,223,322,322,343,361,361,361,361,361],"floor_reached":33,"playtime":1351,"items_purged":[],"score":257,"play_id":"6ef4a2af-36fd-4990-a5d7-355ab0922637","local_time":"20201219174934","is_ascension_mode":false,"campfire_choices":[{"floor":6,"key":"REST"},{"floor":8,"key":"REST"},{"data":"theMarked:BanishingStrike","floor":12,"key":"SMITH"},{"floor":15,"key":"REST"},{"floor":23,"key":"REST"},{"floor":28,"key":"REST"},{"floor":32,"key":"REST"}],"circlet_count":0,"master_deck":["theMarked:Strike","theMarked:Strike","theMarked:Strike+1","theMarked:Defend","theMarked:Defend","theMarked:Defend","theMarked:Defend","theMarked:SoldierOfQuellstein","theMarked:ChainLightning+1","theMarked:EmpowerWeapon","theMarked:StartUp","theMarked:TwofoldDefense","theMarked:BanishingStrike+1","theMarked:Defy","theMarked:BanishingWave","theMarked:ComboAttacks","Injury","theMarked:Levitate","theMarked:PowerFlow","theMarked:ContemptForTheProud","theMarked:WardOff","theMarked:Frustration","theMarked:ElectricStrings","theMarked:RogueSparks+1","theMarked:MaelstromOfLightning"],"relics":["theMarked:ArtifactOfAir","DemoMod:MonsterBlood","Golden Idol","Sozu","Meat on the Bone","Ornamental Fan","DemoMod:SerJunkan","DemoMod:Junk"],"acts_visited":["Exordium","TheCity"],"potions_floor_usage":[16,16,16],"damage_taken":[{"damage":1,"enemies":"Jaw Worm","floor":1,"turns":3},{"damage":5,"enemies":"Cultist","floor":2,"turns":3},{"damage":4,"enemies":"2 Louse","floor":4,"turns":2},{"damage":13,"enemies":"Blue Slaver","floor":5,"turns":4},{"damage":6,"enemies":"Large Slime","floor":10,"turns":5},{"damage":23,"enemies":"Exordium Thugs","floor":13,"turns":4},{"damage":27,"enemies":"Hexaghost","floor":16,"turns":7},{"damage":13,"enemies":"Chosen","floor":18,"turns":5},{"damage":19,"enemies":"2 Thieves","floor":21,"turns":3},{"damage":40,"enemies":"Gremlin Leader","floor":24,"turns":6},{"damage":27,"enemies":"Snake Plant","floor":25,"turns":4},{"damage":20,"enemies":"Shelled Parasite and Fungi","floor":29,"turns":4},{"damage":12,"enemies":"Snecko","floor":30,"turns":4},{"damage":67,"enemies":"Champ","floor":33,"turns":8}],"seed_played":"-312592686029971677","potions_obtained":[{"floor":1,"key":"Energy Potion"},{"floor":4,"key":"Dexterity Potion"},{"floor":10,"key":"Dexterity Potion"}],"is_trial":false,"path_per_floor":["M","M","?","M","M","R","?","R","T","M","?","R","M","?","R","B",null,"M","$","?","M","?","R","E","M","T","?","R","M","M","T","R","B"],"character_chosen":"THE_DEFAULT","items_purchased":["Meat on the Bone","theMarked:ContemptForTheProud"],"campfire_rested":6,"item_purchase_floors":[19,19],"current_hp_per_floor":[69,64,64,60,47,68,57,70,77,71,56,56,33,33,56,29,77,64,64,64,45,45,68,40,25,25,25,48,40,40,40,63,0,0],"gold":361,"neow_bonus":"THREE_CARDS","is_daily":false,"chose_seed":false,"campfire_upgraded":1,"win_rate":0.0,"timestamp":1608418174,"path_taken":["M","M","?","M","?","R","?","R","T","M","?","R","M","?","R","BOSS","M","$","?","M","?","R","E","?","T","?","R","M","M","?","R","BOSS"],"items_purchased_type":["Relic","Card"],"build_version":"2020-12-13","purchased_purges":0,"victory":false,"max_hp_per_floor":[70,70,70,70,70,70,70,70,77,77,77,77,77,77,77,77,77,77,77,77,77,77,77,77,77,77,77,77,77,77,77,77,77,77],"card_choices":[{"not_picked":["theMarked:Panic","theMarked:Parkour"],"picked":"theMarked:ChainLightning","floor":0},{"not_picked":["theMarked:DeterminationOfTheMarked","theMarked:Frustration"],"picked":"theMarked:EmpowerWeapon","floor":1},{"not_picked":["theMarked:Static","theMarked:RepellingDischarge"],"picked":"theMarked:StartUp","floor":2},{"not_picked":["theMarked:WardOff","theMarked:EmpowerWeapon"],"picked":"theMarked:BanishingStrike","floor":4},{"not_picked":["theMarked:Electrocute","theMarked:MaelstromOfLightning"],"picked":"theMarked:Defy","floor":5},{"not_picked":["theMarked:Aftermath","theMarked:RepellingDischarge"],"picked":"theMarked:BanishingWave","floor":10},{"not_picked":["theMarked:RepellingDischarge","theMarked:Overcharge"],"picked":"theMarked:ComboAttacks","floor":13},{"not_picked":["theMarked:SoldierForm","theMarked:TurnInvisible"],"picked":"theMarked:Levitate","floor":16},{"not_picked":["theMarked:RepellingDischarge","theMarked:Aftermath"],"picked":"theMarked:PowerFlow","floor":18},{"not_picked":["theMarked:Parkour","theMarked:ShockingTouch+1"],"picked":"theMarked:WardOff","floor":21},{"not_picked":["theMarked:WastefulAttack","theMarked:Electrify+1"],"picked":"theMarked:Frustration","floor":24},{"not_picked":["theMarked:ShockingTouch","theMarked:TwofoldDefense"],"picked":"theMarked:ElectricStrings","floor":25},{"not_picked":["theMarked:BanishingStrike+1","theMarked:BanishingWave"],"picked":"theMarked:RogueSparks+1","floor":29},{"not_picked":["theMarked:Reabsorb","theMarked:TwofoldDefense"],"picked":"theMarked:MaelstromOfLightning","floor":30}],"player_experience":1099138,"relics_obtained":[{"floor":9,"key":"DemoMod:MonsterBlood"},{"floor":24,"key":"DemoMod:SerJunkan"},{"floor":26,"key":"DemoMod:Junk"},{"floor":31,"key":"DemoMod:Junk"}],"event_choices":[{"damage_healed":0,"gold_gain":0,"cards_transformed":["theMarked:Strike"],"player_choice":"Transformed","damage_taken":0,"max_hp_gain":0,"max_hp_loss":0,"event_name":"Transmorgrifier","floor":3,"gold_loss":0,"cards_obtained":["theMarked:TwofoldDefense"]},{"damage_healed":0,"gold_gain":75,"player_choice":"Gather Gold","damage_taken":11,"max_hp_gain":0,"max_hp_loss":0,"event_name":"World of Goop","floor":7,"gold_loss":0},{"damage_healed":0,"gold_gain":0,"player_choice":"Entered Light","damage_taken":15,"max_hp_gain":0,"max_hp_loss":0,"event_name":"Shining Light","floor":11,"gold_loss":0,"cards_upgraded":["theMarked:Strike","theMarked:ChainLightning"]},{"damage_healed":0,"gold_gain":0,"player_choice":"Take Wound","damage_taken":0,"relics_obtained":["Golden Idol"],"max_hp_gain":0,"max_hp_loss":0,"event_name":"Golden Idol","floor":14,"gold_loss":0,"cards_obtained":["Injury"]},{"damage_healed":0,"gold_gain":0,"player_choice":"Opened","damage_taken":0,"relics_obtained":["Ornamental Fan"],"max_hp_gain":0,"max_hp_loss":0,"event_name":"The Mausoleum","floor":20,"gold_loss":0},{"cards_removed":["theMarked:Strike"],"damage_healed":0,"gold_gain":0,"player_choice":"Purged","damage_taken":0,"max_hp_gain":0,"max_hp_loss":0,"event_name":"Purifier","floor":22,"gold_loss":0},{"damage_healed":0,"gold_gain":99,"player_choice":"Stole From Cult","damage_taken":0,"max_hp_gain":0,"max_hp_loss":0,"event_name":"Nest","floor":27,"gold_loss":0}],"is_beta":false,"boss_relics":[{"not_picked":["Fusion Hammer","Velvet Choker"],"picked":"Sozu"}],"items_purged_floors":[],"is_endless":false,"potions_floor_spawned":[1,4,10,21,24,29],"killed_by":"Champ","ascension_level":0}}