{"host":"so6fnfq7th6ki9q5","time":1608409465,"event":{"mods":["AchievementEnabler","BaseMod","Colored Map","Colored Powertips","Minty Spire (QoL Compilation)","Quick Restart","StSLib"],"gold_per_floor":[112,112,125,136,111,111,123,123,149,176,187,187,112,112,112,214,214,230,230,145,164,175,175,192,205,230,230,264,264,296,296,296],"floor_reached":31,"playtime":2073,"items_purged":["Strike_G"],"score":420,"play_id":"4990667a-f46f-42ad-9aee-778741477f39","local_time":"20201219142425","is_ascension_mode":true,"campfire_choices":[{"data":"Dagger Spray","floor":6.0,"key":"SMITH"},{"data":"Dagger Spray","floor":8.0,"key":"SMITH"},{"data":"Footwork","floor":12.0,"key":"SMITH"},{"floor":15.0,"key":"REST"},{"data":"Footwork","floor":23.0,"key":"SMITH"},{"data":"Storm of Steel","floor":27,"key":"SMITH"},{"data":"Backflip","floor":29,"key":"SMITH"}],"circlet_count":0,"master_deck":["Strike_G","Strike_G","Strike_G","Defend_G+1","Defend_G","Defend_G","Survivor","Neutralize","Prepared+1","Footwork+1","Backflip+1","Dagger Spray+1","Dagger Spray+1","Deflect","Calculated Gamble+1","Storm of Steel+1","Blur+1","Accuracy","Adrenaline","Footwork+1","Escape Plan","Crippling Poison","Accuracy+1","Expertise+1"],"relics":["Ring of the Snake","War Paint","PreservedInsect","Coffee Dripper","Calipers","Bronze Scales","CaptainsWheel","Potion Belt"],"acts_visited":[],"potions_floor_usage":[28],"damage_taken":[{"damage":0.0,"enemies":"Jaw Worm","floor":1.0,"turns":5.0},{"damage":0.0,"enemies":"2 Louse","floor":3.0,"turns":3.0},{"damage":5.0,"enemies":"Small Slimes","floor":4.0,"turns":5.0},{"damage":1.0,"enemies":"Looter","floor":7.0,"turns":4.0},{"damage":10.0,"enemies":"3 Sentries","floor":10.0,"turns":4.0},{"damage":0.0,"enemies":"3 Louse","floor":11.0,"turns":1.0},{"damage":0.0,"enemies":"The Guardian","floor":16.0,"turns":14.0},{"damage":18.0,"enemies":"Chosen","floor":18.0,"turns":8.0},{"damage":0.0,"enemies":"Shell Parasite","floor":21.0,"turns":5.0},{"damage":19.0,"enemies":"Snake Plant","floor":22.0,"turns":8.0},{"damage":0.0,"enemies":"Centurion and Healer","floor":24.0,"turns":7.0},{"damage":27,"enemies":"Chosen and Byrds","floor":25,"turns":7},{"damage":3,"enemies":"Slavers","floor":28,"turns":4},{"damage":0,"enemies":"Book of Stabbing","floor":30,"turns":4},{"damage":3,"enemies":"Shelled Parasite and Fungi","floor":31,"turns":1}],"seed_played":"3491495749155309528","potions_obtained":[{"floor":1.0,"key":"AttackPotion"},{"floor":4.0,"key":"FearPotion"},{"floor":10.0,"key":"Energy Potion"},{"floor":16.0,"key":"BlessingOfTheForge"},{"floor":18.0,"key":"Swift Potion"},{"floor":28,"key":"BlessingOfTheForge"}],"is_trial":false,"path_per_floor":["M","?","M","M","$","R","M","R","T","E","M","R","$","?","R","B",null,"M","?","?","M","M","R","M","M","T","R","E","R","E","M"],"character_chosen":"THE_SILENT","items_purchased":["Dagger Spray"],"campfire_rested":1,"item_purchase_floors":[5],"current_hp_per_floor":[49,42,42,37,37,37,36,36,36,26,26,26,26,26,47,47,70,52,52,52,52,33,33,33,6,6,6,3,3,3,0,0],"gold":296,"neow_bonus":"REMOVE_TWO","is_daily":false,"chose_seed":false,"campfire_upgraded":6,"win_rate":0.0,"timestamp":1608409465,"path_taken":["M","?","M","M","$","R","M","R","T","E","M","R","$","?","R","BOSS","M","?","?","M","M","R","M","M","T","R","E","R","E","M"],"items_purchased_type":["Card"],"build_version":"2020-12-13","purchased_purges":1,"victory":false,"max_hp_per_floor":[70,70,70,70,70,70,70,70,70,70,70,70,70,70,70,70,70,70,70,70,70,70,70,70,70,70,70,70,70,70,70,70],"card_choices":[{"not_picked":["Concentrate","Skewer"],"picked":"Prepared","floor":1.0},{"not_picked":["Poisoned Stab","Slice"],"picked":"Footwork","floor":3.0},{"not_picked":["Underhanded Strike","Acrobatics"],"picked":"Backflip","floor":4.0},{"not_picked":["Outmaneuver","Quick Slash"],"picked":"Dagger Spray","floor":7.0},{"not_picked":["Setup","Burst"],"picked":"Deflect","floor":10.0},{"not_picked":["PiercingWail","Skewer"],"picked":"Calculated Gamble","floor":11.0},{"not_picked":["Corpse Explosion","Envenom"],"picked":"Storm of Steel","floor":16.0},{"not_picked":["Deflect","Finisher+1"],"picked":"Blur+1","floor":18.0},{"not_picked":["Bane","Prepared+1"],"picked":"Adrenaline","floor":21.0},{"not_picked":["Prepared+1","Dagger Throw"],"picked":"Footwork","floor":22.0},{"not_picked":["Finisher","Endless Agony"],"picked":"Escape Plan","floor":24.0},{"not_picked":["Outmaneuver+1","Underhanded Strike"],"picked":"Crippling Poison","floor":25},{"not_picked":["Backflip","Noxious Fumes+1"],"picked":"Accuracy+1","floor":28},{"not_picked":["Dash","Wraith Form v2"],"picked":"Expertise+1","floor":30}],"player_experience":277260,"relics_obtained":[{"floor":9.0,"key":"War Paint"},{"floor":10.0,"key":"PreservedInsect"},{"floor":26,"key":"Bronze Scales"},{"floor":28,"key":"CaptainsWheel"},{"floor":30,"key":"Potion Belt"}],"event_choices":[{"cards_removed":["Defend_G"],"damage_healed":0.0,"max_hp_gain":0.0,"max_hp_loss":0.0,"gold_gain":0.0,"event_name":"Golden Wing","player_choice":"Card Removal","floor":2.0,"gold_loss":0.0,"damage_taken":7.0},{"damage_healed":0.0,"max_hp_gain":0.0,"max_hp_loss":0.0,"gold_gain":0.0,"event_name":"Living Wall","player_choice":"Grow","floor":14.0,"gold_loss":0.0,"damage_taken":0.0,"cards_upgraded":["Calculated Gamble"]},{"damage_healed":0.0,"max_hp_gain":0.0,"max_hp_loss":0.0,"gold_gain":0.0,"event_name":"The Library","player_choice":"Read","floor":19.0,"gold_loss":0.0,"damage_taken":0.0,"cards_obtained":["Accuracy"]},{"damage_healed":0.0,"max_hp_gain":0.0,"max_hp_loss":0.0,"gold_gain":0.0,"event_name":"Addict","player_choice":"Obtained Relic","floor":20.0,"gold_loss":85.0,"damage_taken":0.0,"relics_obtained":["Calipers"]}],"is_beta":false,"boss_relics":[{"not_picked":["Black Star","WristBlade"],"picked":"Coffee Dripper"}],"items_purged_floors":[13],"is_endless":false,"potions_floor_spawned":[1,4,10,16,18,28],"killed_by":"Shelled Parasite and Fungi","ascension_level":4}}