{"host":"l7l2v2zs4hqku4vk","time":1608367108,"event":{"mods":["Act Like it!","BaseMod","Colored Powertips","Highlight Path","Minty Spire (QoL Compilation)","Replay The Spire","RumiaBox-露米娅的神秘盒子","StSLib","TestMod","The Servant 0.9.4","篝火指南"],"gold_per_floor":[117,130,141,9,9,43,43,72,95,95,113,147,147,161,161,161,161],"floor_reached":16,"playtime":738,"items_purged":["Strike_R"],"score":240,"play_id":"9c2aadf2-f464-4239-824a-0a7f0c4fca2b","local_time":"20201219163828","is_ascension_mode":true,"campfire_choices":[{"data":"Entrench","floor":7,"key":"SMITH"},{"data":"Cleave","floor":13,"key":"SMITH"},{"data":"Immolate","floor":15,"key":"SMITH"}],"circlet_count":0,"master_deck":["AscendersBane","Strike_R","Strike_R","Strike_R","Strike_R","Defend_R","Defend_R","Defend_R","Defend_R","Bash","Cleave+1","Battle Trance","True Grit+1","Shrug It Off","Entrench+1","Pommel Strike","Carnage","Immolate+1"],"relics":["Burning Blood","testmod-TestBox","testmod-CardMagician","NeowsBlessing","Vajra","Blood Vial","ReplayTheSpireMod:TigerMarble","Lantern"],"acts_visited":["Exordium"],"potions_floor_usage":[6,12,12],"damage_taken":[{"damage":0,"enemies":"Cultist","floor":1,"turns":1},{"damage":0,"enemies":"Small Slimes","floor":2,"turns":1},{"damage":0,"enemies":"Jaw Worm","floor":3,"turns":1},{"damage":33,"enemies":"Lagavulin","floor":6,"turns":6},{"damage":9,"enemies":"3 Sentries","floor":8,"turns":7},{"damage":0,"enemies":"Blue Slaver","floor":11,"turns":2},{"damage":2,"enemies":"Gremlin Nob","floor":12,"turns":3},{"damage":0,"enemies":"Large Slime","floor":14,"turns":2},{"damage":92,"enemies":"Fading Forest","floor":16,"turns":12}],"seed_played":"1532158019965312411","potions_obtained":[{"floor":1,"key":"FearPotion"},{"floor":2,"key":"Adrenaline Potion"},{"floor":6,"key":"DistilledChaos"}],"is_trial":false,"path_per_floor":["M","M","M","$","?","E","R","E","T","?","M","E","R","M","R","B"],"character_chosen":"IRONCLAD","items_purchased":["Shrug It Off"],"campfire_rested":0,"item_purchase_floors":[4],"current_hp_per_floor":[74,75,75,75,75,48,48,45,45,45,53,59,59,70,70,0,0],"gold":161,"neow_bonus":"THREE_ENEMY_KILL","is_daily":false,"chose_seed":false,"campfire_upgraded":3,"win_rate":0.0,"timestamp":1608367108,"path_taken":["M","M","M","$","?","E","R","E","T","?","M","E","R","M","R","BOSS"],"items_purchased_type":["Card"],"build_version":"2020-12-13","purchased_purges":1,"victory":false,"max_hp_per_floor":[75,75,75,75,75,75,75,75,75,75,75,75,75,78,78,78,78],"card_choices":[{"not_picked":["Dark Embrace","Inflame"],"picked":"Cleave","floor":1},{"not_picked":["True Grit","ReplayTheSpireMod:Strike From Hell"],"picked":"Battle Trance","floor":2},{"not_picked":["Abandon","Replay:Undeath\u0027s Touch"],"picked":"True Grit","floor":3},{"not_picked":["Thunderclap","Dual Wield"],"picked":"Entrench","floor":6},{"not_picked":["ReplayTheSpireMod:Strike From Hell","ReplayTheSpireMod:Muscle Training"],"picked":"Pommel Strike","floor":8},{"not_picked":["Whirlwind","Second Wind","Defy Death"],"picked":"SKIP","floor":11},{"not_picked":["Iron Wave","True Grit"],"picked":"Carnage","floor":12},{"not_picked":["ReplayTheSpireMod:Strike From Hell","Cleave"],"picked":"Immolate","floor":14}],"player_experience":1644979,"relics_obtained":[{"floor":6,"key":"Vajra"},{"floor":8,"key":"Blood Vial"},{"floor":9,"key":"ReplayTheSpireMod:TigerMarble"},{"floor":12,"key":"Lantern"}],"event_choices":[{"damage_healed":0,"gold_gain":0,"player_choice":"Grow","damage_taken":0,"max_hp_gain":0,"max_hp_loss":0,"event_name":"Living Wall","floor":5,"gold_loss":0,"cards_upgraded":["True Grit"]},{"damage_healed":0,"gold_gain":0,"player_choice":"Ignored","damage_taken":0,"max_hp_gain":0,"max_hp_loss":0,"event_name":"给自己的盒子","floor":10,"gold_loss":0}],"is_beta":false,"boss_relics":[],"items_purged_floors":[4],"is_endless":false,"potions_floor_spawned":[1,2,6,8],"killed_by":"Fading Forest","ascension_level":20}}