{"host":"qwttrqaysb380yri","time":1608367658,"event":{"mods":["BaseMod","Custom Start","Minty Spire (QoL Compilation)","Permanent Neow","Puzzle Mod","Relic Stats","StSLib","The Cursed","The Hierophant"],"gold_per_floor":[118,135,201,217,231,231,245,270,270,270,316,361,411,411,411,375,375],"floor_reached":16,"playtime":550,"items_purged":[],"score":225,"play_id":"16f898f6-465c-4329-ad4c-b8e42e25585e","local_time":"20201219094738","is_ascension_mode":true,"campfire_choices":[{"data":"hierophant:Chorus","floor":6,"key":"SMITH"},{"floor":10,"key":"REST"},{"data":"hierophant:Purify","floor":15,"key":"SMITH"}],"circlet_count":0,"master_deck":["AscendersBane","hierophant:Strike_Hierophant","hierophant:Strike_Hierophant","hierophant:Strike_Hierophant","hierophant:Punish","hierophant:Defend_Hierophant","hierophant:Defend_Hierophant","hierophant:Defend_Hierophant","hierophant:Defend_Hierophant","hierophant:ChurchCoffers+1","hierophant:Purify+1","hierophant:Endure","hierophant:RepressedViolence","hierophant:Chorus+1","hierophant:Doubloon","hierophant:HolyVerse","hierophant:RustyCrate","hierophant:Doubloon","hierophant:Doubloon","hierophant:Encroach","hierophant:Empathy","hierophant:Doubloon","hierophant:Generosity"],"relics":["hierophant:PropheticMaskRelic","Dream Catcher","Meat on the Bone","Eternal Feather"],"acts_visited":["Exordium"],"potions_floor_usage":[11,12,16],"damage_taken":[{"damage":2,"enemies":"Jaw Worm","floor":1,"turns":3},{"damage":0,"enemies":"Small Slimes","floor":2,"turns":2},{"damage":1,"enemies":"Cultist","floor":4,"turns":3},{"damage":3,"enemies":"Blue Slaver","floor":5,"turns":5},{"damage":31,"enemies":"Lagavulin","floor":7,"turns":7},{"damage":3,"enemies":"Exordium Wildlife","floor":8,"turns":3},{"damage":0,"enemies":"Gremlin Gang","floor":11,"turns":2},{"damage":25,"enemies":"3 Sentries","floor":12,"turns":7},{"damage":4,"enemies":"3 Louse","floor":13,"turns":5},{"damage":48,"enemies":"Hexaghost","floor":16,"turns":12}],"seed_played":"-766349359911516719","potions_obtained":[{"floor":4,"key":"Dexterity Potion"},{"floor":8,"key":"Explosive Potion"},{"floor":11,"key":"Energy Potion"},{"floor":13,"key":"Ancient Potion"}],"is_trial":false,"path_per_floor":["M","M","?","M","M","R","E","M","T","R","M","E","M","?","R","B"],"character_chosen":"HIEROPHANT","items_purchased":[],"campfire_rested":1,"item_purchase_floors":[],"current_hp_per_floor":[66,66,66,65,62,62,31,28,28,50,50,37,45,45,57,9,9],"gold":375,"neow_bonus":"UPGRADE_CARD","is_daily":false,"chose_seed":false,"campfire_upgraded":2,"win_rate":0.0,"timestamp":1608367658,"path_taken":["M","M","?","M","M","R","E","M","T","R","M","E","M","?","R","BOSS"],"items_purchased_type":[],"build_version":"2020-12-13","purchased_purges":0,"victory":false,"max_hp_per_floor":[75,75,75,75,75,75,75,75,75,75,75,75,75,75,75,75,75],"relic_stats":{"Dream Catcher":1,"counters":[10,49],"Eternal Feather":12,"obtain_stats":[{"Dream Catcher":7,"hierophant:PropheticMaskRelic":0,"Eternal Feather":12,"Meat on the Bone":9},{"Dream Catcher":5,"hierophant:PropheticMaskRelic":0,"Eternal Feather":8,"Meat on the Bone":6},{"Dream Catcher":20,"hierophant:PropheticMaskRelic":0,"Eternal Feather":32,"Meat on the Bone":23}],"Meat on the Bone":24},"card_choices":[{"not_picked":["hierophant:Shelter","hierophant:FaithHealing"],"picked":"hierophant:Purify","floor":1},{"not_picked":["hierophant:Flagellation","hierophant:PristineSoul"],"picked":"hierophant:Endure","floor":2},{"not_picked":["hierophant:Encroach","hierophant:ConvertCurrency"],"picked":"hierophant:RepressedViolence","floor":4},{"not_picked":["hierophant:HammerAndAnvil","hierophant:Bribe"],"picked":"hierophant:Chorus","floor":5},{"not_picked":["hierophant:ConvertCurrency","hierophant:MintersHammer"],"picked":"hierophant:Doubloon","floor":7},{"not_picked":["hierophant:Remorse","hierophant:RepressedViolence"],"picked":"hierophant:HolyVerse","floor":8},{"not_picked":["hierophant:SealAway","hierophant:PassingBell"],"picked":"hierophant:RustyCrate","floor":10},{"not_picked":["hierophant:RecallFunds","hierophant:AuricShield"],"picked":"hierophant:Encroach","floor":11},{"not_picked":["hierophant:RepressedViolence","hierophant:PassingBell"],"picked":"hierophant:Empathy","floor":12},{"not_picked":["hierophant:Generosity","hierophant:Doomsaying","hierophant:RepressedViolence"],"picked":"SKIP","floor":13}],"player_experience":1892714,"relics_obtained":[{"floor":7,"key":"Dream Catcher"},{"floor":9,"key":"Meat on the Bone"},{"floor":12,"key":"Eternal Feather"}],"event_choices":[{"damage_healed":0,"gold_gain":66,"player_choice":"Gained Gold","damage_taken":0,"max_hp_gain":0,"max_hp_loss":0,"event_name":"Golden Wing","floor":3,"gold_loss":0},{"damage_healed":0,"gold_gain":0,"cards_transformed":["hierophant:Strike_Hierophant"],"player_choice":"Transformed","damage_taken":0,"max_hp_gain":0,"max_hp_loss":0,"event_name":"Transmorgrifier","floor":14,"gold_loss":0,"cards_obtained":["hierophant:Generosity"]}],"is_beta":false,"boss_relics":[],"items_purged_floors":[],"is_endless":false,"potions_floor_spawned":[4,8,11,13],"killed_by":"Hexaghost","ascension_level":15}}