{"host":"0i8dz4ityulxi1rd","time":1608363328,"event":{"mods":["BaseMod","Colored Map","Colored Powertips","Custom Start","Highlight Path","Hubris","Keyboard Shortcuts","Minty Spire (QoL Compilation)","StSLib","SuperFastMode","The Runesmith"],"gold_per_floor":[363,243,253,253,264,297,312,327,327,7,17,31,46,56,56,160,160,171,182,202,218,10,10,10,21,66,66,85,85,85,103,103,208,208,221,221,272,122,134,134,165,181,253,253,253,253,272,272,272,272,272],"floor_reached":50,"playtime":2499,"items_purged":["Shame","Runesmith:Strike_RS","Runesmith:Defend_RS","Runesmith:EnergizedChisel"],"score":586,"play_id":"1bd03cc2-73a9-432a-80a3-20684c5a4363","local_time":"20201219163528","is_ascension_mode":true,"campfire_choices":[{"floor":15.0,"key":"REST"},{"floor":23.0,"key":"REST"},{"floor":29.0,"key":"REST"},{"data":"RitualDagger","floor":32.0,"key":"SMITH"},{"data":"Runesmith:CraftFirestone","floor":40,"key":"SMITH"},{"floor":45,"key":"REST"},{"floor":49,"key":"REST"}],"circlet_count":0,"master_deck":["Runesmith:CraftFirestone+1","Runesmith:Fortify","Runesmith:HammerThrow","Runesmith:Superposition","Runesmith:HammerAndChisel+1","Runesmith:Repurpose+1","Runesmith:CraftProtectio+1","Runesmith:RunicBlueprint+1","Runesmith:EarthShield+1","Runesmith:CraftMagma+1","Runesmith:Grindstone+1","Runesmith:CraftIncendium+1","Runesmith:HammerAndChisel+1","Deep Breath+1","Runesmith:LithiumIon","RitualDagger+1","Runesmith:ArcReactor","Runesmith:Duplicate+1","Runesmith:GoWithTheFlow","Runesmith:HeatedChisel","Runesmith:Reinforce+1","Runesmith:Grindstone+1","Secret Weapon+1","Deep Breath+1","Dark Shackles+1","Runesmith:HammerAndChisel+1","Runesmith:CraftMedicinae+1","Runesmith:RuneHurl+1","Runesmith:HammerAndChisel+1"],"relics":["Runesmith:BrokenRuby","Runesmith:MiniCore","Toxic Egg 2","Ornamental Fan","Vajra","hubris:RunicObelisk","Orichalcum","Pandora\u0027s Box","hubris:Spice","Mummified Hand","hubris:SphereOfDissonance"],"acts_visited":["Exordium","TheCity","TheBeyond"],"potions_floor_usage":[44,44,44],"damage_taken":[{"damage":1.0,"enemies":"Jaw Worm","floor":1.0,"turns":4.0},{"damage":0.0,"enemies":"Cultist","floor":3.0,"turns":4.0},{"damage":0.0,"enemies":"2 Louse","floor":5.0,"turns":2.0},{"damage":6.0,"enemies":"Gremlin Nob","floor":6.0,"turns":3.0},{"damage":7.0,"enemies":"Looter","floor":7.0,"turns":4.0},{"damage":16.0,"enemies":"Large Slime","floor":8.0,"turns":2.0},{"damage":0.0,"enemies":"3 Louse","floor":11.0,"turns":2.0},{"damage":9.0,"enemies":"2 Fungi Beasts","floor":12.0,"turns":6.0},{"damage":12.0,"enemies":"Blue Slaver","floor":13.0,"turns":2.0},{"damage":5.0,"enemies":"Looter","floor":14.0,"turns":3.0},{"damage":2.0,"enemies":"Slime Boss","floor":16.0,"turns":8.0},{"damage":0.0,"enemies":"Spheric Guardian","floor":18.0,"turns":5.0},{"damage":43.0,"enemies":"3 Byrds","floor":19.0,"turns":6.0},{"damage":6.0,"enemies":"Shelled Parasite and Fungi","floor":20.0,"turns":5.0},{"damage":10.0,"enemies":"Snecko","floor":21.0,"turns":5.0},{"damage":15.0,"enemies":"Sentry and Sphere","floor":25.0,"turns":5.0},{"damage":6.0,"enemies":"Centurion and Healer","floor":28.0,"turns":5.0},{"damage":0.0,"enemies":"Snecko","floor":31.0,"turns":4.0},{"damage":15.0,"enemies":"Collector","floor":33.0,"turns":9.0},{"damage":0,"enemies":"Orb Walker","floor":35,"turns":4},{"damage":36,"enemies":"2 Orb Walkers","floor":37,"turns":4},{"damage":2,"enemies":"3 Darklings","floor":39,"turns":5},{"damage":1,"enemies":"Giant Head","floor":41,"turns":8},{"damage":0,"enemies":"Sphere and 2 Shapes","floor":42,"turns":3},{"damage":0,"enemies":"Reptomancer","floor":44,"turns":2},{"damage":22,"enemies":"4 Shapes","floor":47,"turns":4},{"damage":70,"enemies":"Donu and Deca","floor":50,"turns":7}],"seed_played":"-2539566553842495553","potions_obtained":[{"floor":1.0,"key":"Fire Potion"},{"floor":3.0,"key":"LiquidMemories"},{"floor":11.0,"key":"Explosive Potion"},{"floor":12.0,"key":"Dexterity Potion"},{"floor":25.0,"key":"GamblersBrew"},{"floor":28.0,"key":"Block Potion"},{"floor":33.0,"key":"SmokeBomb"},{"floor":37,"key":"GamblersBrew"}],"is_trial":false,"path_per_floor":["M","$","M","?","M","E","M","M","T","$","M","M","M","M","R","B",null,"M","M","M","M","$","R","$","M","T","$","M","R","?","M","R","B",null,"M","?","?","$","M","R","E","M","T","E","R","?","M","?","R","B"],"character_chosen":"RUNESMITH_CLASS","items_purchased":["Runesmith:HammerThrow","Runesmith:RunicBlueprint+1","Vajra","Deep Breath+1"],"campfire_rested":5,"item_purchase_floors":[2,10,10,22],"current_hp_per_floor":[69,69,69,69,69,63,56,40,40,40,40,31,19,14,35,33,70,70,27,21,11,11,32,32,17,17,17,11,32,26,26,26,11,70,70,66,38,38,36,36,35,35,35,35,58,58,36,36,59,0,0],"gold":272,"neow_bonus":"TWO_FIFTY_GOLD","is_daily":false,"chose_seed":false,"campfire_upgraded":2,"win_rate":0.0,"timestamp":1608363328,"path_taken":["M","$","M","?","M","E","M","M","T","$","M","M","M","M","R","BOSS","M","M","?","?","$","R","$","?","T","$","M","R","?","M","R","BOSS","M","?","?","$","M","R","E","M","T","E","R","?","M","?","R","BOSS"],"items_purchased_type":["Card","Card","Relic","Card"],"build_version":"2020-12-13","purchased_purges":4,"victory":false,"max_hp_per_floor":[70,70,70,70,70,70,70,70,70,70,70,70,70,70,70,70,70,70,70,70,70,70,70,70,70,70,70,70,70,70,70,70,70,70,70,70,78,78,78,78,78,78,78,78,78,78,78,78,78,78,78],"card_choices":[{"not_picked":["Runesmith:LithiumIon","Runesmith:MakeshiftArmor"],"picked":"Runesmith:CraftObretio","floor":1.0},{"not_picked":["Runesmith:Refine","Runesmith:CraftSpiculum","Runesmith:UnstableHammer"],"picked":"SKIP","floor":3.0},{"not_picked":["Runesmith:ShiftingStrike","Runesmith:MakeshiftArmor"],"picked":"Runesmith:Superposition","floor":5.0},{"not_picked":["Runesmith:Overpower","Runesmith:ChaoticBlast"],"picked":"Runesmith:HammerAndChisel+1","floor":6.0},{"not_picked":["Runesmith:HeatedChisel","Runesmith:BackupBattery+1"],"picked":"Runesmith:Repurpose+1","floor":7.0},{"not_picked":["Runesmith:CraftSpiculum+1","Runesmith:CraftMagma+1"],"picked":"Runesmith:CraftProtectio+1","floor":8.0},{"not_picked":["Runesmith:CraftProtectio+1","Runesmith:BackupBattery+1"],"picked":"Runesmith:EarthShield+1","floor":11.0},{"not_picked":["Runesmith:HeatedChisel","Runesmith:EarthShield+1","Runesmith:CraftMagma+1"],"picked":"SKIP","floor":12.0},{"not_picked":["Runesmith:NegativeSpace+1","Runesmith:ShiftingStrike"],"picked":"Runesmith:CraftMagma+1","floor":13.0},{"not_picked":["Runesmith:HeatedChisel","Runesmith:PoweredAnvil","Runesmith:FieryHammer"],"picked":"SKIP","floor":14.0},{"not_picked":["Runesmith:UnstableHammer","Runesmith:ShiftingStrike"],"picked":"Runesmith:Grindstone+1","floor":18.0},{"not_picked":["Runesmith:Grindstone+1","Runesmith:HammerThrow+1"],"picked":"Runesmith:CraftIncendium+1","floor":19.0},{"not_picked":["Runesmith:BackupBattery+1","Runesmith:UnstableHammer"],"picked":"Runesmith:HammerAndChisel+1","floor":20.0},{"not_picked":["Runesmith:BackupBattery+1","Runesmith:Grindstone+1","Runesmith:CraftProtectio+1"],"picked":"SKIP","floor":21.0},{"not_picked":["Runesmith:EnergizedChisel","Runesmith:Prism+1","Runesmith:HeatedChisel"],"picked":"SKIP","floor":25.0},{"not_picked":["Runesmith:StaticCage+1","Runesmith:Terraform+1"],"picked":"Runesmith:LithiumIon","floor":28.0},{"not_picked":["Runesmith:FissionHammer","Runesmith:Malloc+1","Runesmith:ChiselStab"],"picked":"SKIP","floor":31.0},{"not_picked":["Runesmith:Duplicate+1","Runesmith:CraftMedicinae+1"],"picked":"Runesmith:ArcReactor","floor":33.0},{"not_picked":["Runesmith:HeatedChisel","Runesmith:UnstableHammer","Runesmith:StaticCage+1"],"picked":"SKIP","floor":35},{"not_picked":["Discovery+1","Enlightenment+1"],"picked":"Secret Weapon+1","floor":36},{"not_picked":["Good Instincts+1","Jack Of All Trades+1"],"picked":"Deep Breath+1","floor":36},{"not_picked":["Swift Strike","Dramatic Entrance"],"picked":"Dark Shackles+1","floor":36},{"not_picked":["Runesmith:HammerTime","Runesmith:Firewall+1"],"picked":"Runesmith:HammerAndChisel+1","floor":39},{"not_picked":["Runesmith:HeatExchange","Runesmith:CraftMagma+1","Runesmith:BackupBattery+1"],"picked":"SKIP","floor":41},{"not_picked":["Runesmith:CraftMagma+1","Runesmith:Firestorm"],"picked":"Runesmith:CraftMedicinae+1","floor":42},{"not_picked":["Runesmith:ChaoticBlast","Runesmith:UnstableHammer+1"],"picked":"Runesmith:RuneHurl+1","floor":47}],"player_experience":1258570,"relics_obtained":[{"floor":6.0,"key":"Toxic Egg 2"},{"floor":9.0,"key":"Ornamental Fan"},{"floor":26.0,"key":"Orichalcum"},{"floor":37,"key":"hubris:Spice"},{"floor":41,"key":"Mummified Hand"},{"floor":43,"key":"hubris:SphereOfDissonance"}],"event_choices":[{"cards_removed":["Runesmith:CraftObretio"],"damage_healed":0.0,"max_hp_gain":0.0,"max_hp_loss":0.0,"gold_gain":0.0,"event_name":"WeMeetAgain","player_choice":"Gave Card","floor":4.0,"gold_loss":0.0,"damage_taken":0.0,"relics_obtained":["Runesmith:MiniCore"]},{"damage_healed":0.0,"max_hp_gain":0.0,"max_hp_loss":0.0,"gold_gain":0.0,"event_name":"Nest","player_choice":"Joined the Cult","floor":30.0,"gold_loss":0.0,"damage_taken":6.0,"cards_obtained":["RitualDagger"]},{"damage_healed":0,"gold_gain":0,"player_choice":"Memory 3","damage_taken":10,"max_hp_gain":0,"max_hp_loss":0,"event_name":"SensoryStone","floor":36,"gold_loss":0},{"damage_healed":0,"gold_gain":0,"player_choice":"Fight","damage_taken":0,"max_hp_gain":0,"max_hp_loss":0,"event_name":"Mysterious Sphere","floor":37,"gold_loss":0},{"damage_healed":0,"gold_gain":0,"player_choice":"Ignored","damage_taken":0,"max_hp_gain":0,"max_hp_loss":0,"event_name":"Tomb of Lord Red Mask","floor":46,"gold_loss":0}],"is_beta":false,"boss_relics":[{"not_picked":["hubris:Stopwatch","Black Star"],"picked":"hubris:RunicObelisk"},{"not_picked":["Calling Bell","Astrolabe"],"picked":"Pandora\u0027s Box"}],"items_purged_floors":[2,10,22,38],"is_endless":false,"potions_floor_spawned":[1,3,11,12,13,25,28,33,37,39,42,44],"killed_by":"Donu and Deca","ascension_level":1}}