{"host":"pmu3ictzl11fv3j7","time":1608413611,"event":{"mods":["BaseMod","Hermit","Minty Spire (QoL Compilation)","Quick Restart","Replay The Spire","StSLib"],"gold_per_floor":[111,124,85,85,96,96,109,125,180,212,227,239,239,258,258,356,356,371,371,382,382,398,398,398,398,398,578,593,593,626,638,638,742,742,757,768,318,338,338,338,338,338],"floor_reached":41,"playtime":5437,"items_purged":["Hallucinations"],"score":417,"play_id":"87176c06-26be-4e2e-b7c2-7bfe651bfdc1","local_time":"20201219153331","is_ascension_mode":false,"campfire_choices":[{"data":"Cloak And Dagger","floor":6.0,"key":"SMITH"},{"data":"Infinite Blades","floor":13.0,"key":"SMITH"},{"data":"Accuracy","floor":15.0,"key":"SMITH"},{"floor":23.0,"key":"REST"},{"floor":29.0,"key":"REST"},{"floor":32.0,"key":"REST"},{"floor":40,"key":"REST"}],"circlet_count":0,"master_deck":["Strike_G+1","Strike_G+1","Strike_G+1","Strike_G+1","Strike_G+1","Defend_G+1","Defend_G+1","Defend_G+1","Defend_G+1","Defend_G+1","Survivor","Neutralize","Underhanded Strike","Cloak And Dagger+1","Cloak And Dagger","Accuracy+1","Blade Dance","ReplayTheSpireMod:Scrap Shanks","Hidden Blade","ReplayTheSpireMod:Exploit Weakness","Infinite Blades+1","Quick Slash","Replay:Bag of Tricks","Slice","Sneak Up","Choke+1","Dagger Throw","Bane+1","Envenom+1","Finisher","Replay:Parry+1","Thinking Ahead+1"],"relics":["Sizzling Blood","Blue Doll","Snack Pack","Ring of Chaos","Golden Egg","Nunchaku","Fusion Hammer","ReplayTheSpireMod:CursedCoin","Snake Skull","Vajra"],"acts_visited":["Exordium","TheCity","TheBeyond"],"potions_floor_usage":[33,36,41],"damage_taken":[{"damage":0.0,"enemies":"Cultist","floor":1.0,"turns":5.0},{"damage":0.0,"enemies":"Small Slimes","floor":2.0,"turns":4.0},{"damage":3.0,"enemies":"2 Louse","floor":5.0,"turns":3.0},{"damage":7.0,"enemies":"Red Slaver","floor":7.0,"turns":4.0},{"damage":7.0,"enemies":"Exordium Wildlife","floor":8.0,"turns":4.0},{"damage":8.0,"enemies":"Lagavulin","floor":10.0,"turns":6.0},{"damage":0.0,"enemies":"3 Louse","floor":11.0,"turns":5.0},{"damage":1.0,"enemies":"2 Fungi Beasts","floor":12.0,"turns":4.0},{"damage":0.0,"enemies":"Lots of Slimes","floor":14.0,"turns":2.0},{"damage":25.0,"enemies":"The Guardian","floor":16.0,"turns":9.0},{"damage":8.0,"enemies":"Chosen","floor":18.0,"turns":5.0},{"damage":17.0,"enemies":"Shell Parasite","floor":20.0,"turns":4.0},{"damage":32.0,"enemies":"Cultist and Chosen","floor":22.0,"turns":6.0},{"damage":28.0,"enemies":"Snecko","floor":28.0,"turns":5.0},{"damage":25.0,"enemies":"Book of Stabbing","floor":30.0,"turns":5.0},{"damage":13.0,"enemies":"Chosen and Byrds","floor":31.0,"turns":6.0},{"damage":45,"enemies":"Champ","floor":33,"turns":12},{"damage":22,"enemies":"3 Shapes","floor":35,"turns":4},{"damage":11,"enemies":"Orb Walker","floor":36,"turns":3},{"damage":29,"enemies":"Maw","floor":38,"turns":6},{"damage":85,"enemies":"Giant Head","floor":41,"turns":7}],"seed_played":"7162038349911119218","potions_obtained":[{"floor":1.0,"key":"Toxic Potion"},{"floor":5.0,"key":"Swift Potion"},{"floor":10.0,"key":"Ancient Potion"},{"floor":12.0,"key":"Cursed Concoction"},{"floor":14.0,"key":"LiquidBronze"},{"floor":18.0,"key":"GamblersBrew"},{"floor":20.0,"key":"Poison Potion"},{"floor":30.0,"key":"Toxic Potion"},{"floor":31.0,"key":"Strength Potion"},{"floor":35,"key":"Block Potion"}],"is_trial":false,"path_per_floor":["M","M","$","?","M","R","M","M","T","E","M","M","R","M","R","B",null,"M","?","M","$","M","R","?","?","T","?","M","R","E","M","R","B",null,"M","M","$","M","?","R","E"],"character_chosen":"THE_SILENT","items_purchased":["Cloak And Dagger","ReplayTheSpireMod:CursedCoin","Snake Skull","Replay:Parry","Elixir","BlessingOfTheForge","PowerPotion","Vajra"],"campfire_rested":4,"item_purchase_floors":[3,37,37,37,37,37,37,37],"current_hp_per_floor":[75,75,75,79,79,79,76,73,73,69,77,79,79,79,79,70,79,79,79,72,72,50,73,73,73,73,54,38,61,48,51,74,57,79,67,66,66,53,53,76,0,0],"gold":338,"neow_bonus":"RANDOM_EVENT","is_daily":false,"chose_seed":false,"campfire_upgraded":3,"win_rate":0.0,"timestamp":1608413611,"path_taken":["M","?","?","?","M","R","M","M","T","E","M","M","R","M","R","BOSS","M","?","M","$","?","R","?","?","T","?","?","R","E","M","R","BOSS","M","M","$","M","?","R","E"],"items_purchased_type":["Card","Relic","Relic","Card","Potion","Potion","Potion","Relic"],"build_version":"2020-12-13","purchased_purges":1,"victory":false,"max_hp_per_floor":[75,75,75,79,79,79,79,79,79,79,79,79,79,79,79,79,79,79,79,79,79,79,79,79,79,79,79,79,79,79,79,79,79,79,79,79,79,79,79,79,79,79],"card_choices":[{"not_picked":["Blur","Deflect","ReplayTheSpireMod:The Works"],"picked":"SKIP","floor":1.0},{"not_picked":["Slice","Heel Hook"],"picked":"Underhanded Strike","floor":2.0},{"not_picked":["Footwork","Escape Plan"],"picked":"Accuracy","floor":5.0},{"not_picked":["PiercingWail","Acrobatics"],"picked":"Blade Dance","floor":7.0},{"not_picked":["Dodge and Roll","PiercingWail"],"picked":"ReplayTheSpireMod:Scrap Shanks","floor":8.0},{"not_picked":["PiercingWail","Heel Hook"],"picked":"Hidden Blade","floor":10.0},{"not_picked":["ReplayTheSpireMod:Necrosis","Riddle With Holes"],"picked":"ReplayTheSpireMod:Exploit Weakness","floor":11.0},{"not_picked":["Finisher","Quick Slash"],"picked":"Infinite Blades","floor":12.0},{"not_picked":["Draining Mist","Riddle With Holes"],"picked":"Quick Slash","floor":14.0},{"not_picked":["Venomology","Grand Finale"],"picked":"Replay:Bag of Tricks","floor":16.0},{"not_picked":["Heel Hook","Caltrops"],"picked":"Slice","floor":18.0},{"not_picked":["Endless Agony","Dagger Spray+1"],"picked":"Sneak Up","floor":20.0},{"not_picked":["Cloak And Dagger","Infinite Blades"],"picked":"Choke+1","floor":22.0},{"not_picked":["Reflex","Dodge and Roll","Deadly Poison"],"picked":"SKIP","floor":28.0},{"not_picked":["PiercingWail+1","Cloak And Dagger"],"picked":"Dagger Throw","floor":30.0},{"not_picked":["Backstab","Dash"],"picked":"Bane+1","floor":31.0},{"not_picked":["Wraith Form v2","Malaise"],"picked":"Envenom","floor":33},{"not_picked":["Outmaneuver","Fluid Movement+1","Bane+1"],"picked":"SKIP","floor":35},{"not_picked":["Leg Sweep","Infinite Blades"],"picked":"Finisher","floor":36},{"not_picked":["Dodge and Roll","Outmaneuver+1","Bane"],"picked":"SKIP","floor":38},{"not_picked":["Poisoned Strike","Dark Shackles"],"picked":"Thinking Ahead","floor":39}],"player_experience":597556,"relics_obtained":[{"floor":9.0,"key":"Blue Doll"},{"floor":10.0,"key":"Snack Pack"},{"floor":26.0,"key":"Golden Egg"},{"floor":30.0,"key":"Nunchaku"}],"event_choices":[{"damage_healed":0.0,"max_hp_gain":5.0,"max_hp_loss":0.0,"gold_gain":0.0,"event_name":"Big Fish","player_choice":"Donut","floor":0.0,"gold_loss":0.0,"damage_taken":0.0},{"damage_healed":0.0,"max_hp_gain":0.0,"max_hp_loss":0.0,"gold_gain":0.0,"event_name":"N\u0027loth","player_choice":"Ignored","floor":19.0,"gold_loss":0.0,"damage_taken":0.0},{"damage_healed":0.0,"max_hp_gain":0.0,"max_hp_loss":0.0,"gold_gain":0.0,"event_name":"Beggar","player_choice":"Ignored","floor":24.0,"gold_loss":0.0,"damage_taken":0.0},{"damage_healed":0.0,"max_hp_gain":0.0,"max_hp_loss":0.0,"gold_gain":0.0,"event_name":"Back to Basics","player_choice":"Simplicity","floor":25.0,"gold_loss":0.0,"damage_taken":0.0,"cards_upgraded":["Strike_G","Strike_G","Strike_G","Strike_G","Strike_G","Defend_G","Defend_G","Defend_G","Defend_G","Defend_G"]},{"damage_healed":0.0,"max_hp_gain":0.0,"max_hp_loss":0.0,"gold_gain":180.0,"event_name":"Knowing Skull","player_choice":"GOLD GOLD ","floor":27.0,"potions_obtained":[],"gold_loss":0.0,"damage_taken":19.0,"cards_obtained":[]},{"damage_healed":0,"gold_gain":0,"player_choice":"Memory 1","damage_taken":0,"max_hp_gain":0,"max_hp_loss":0,"event_name":"SensoryStone","floor":39,"gold_loss":0}],"is_beta":false,"boss_relics":[{"not_picked":["Pandora\u0027s Box","Astrolabe"],"picked":"Ring of Chaos"},{"not_picked":["Replay:Grab Bag","Coffee Dripper"],"picked":"Fusion Hammer"}],"items_purged_floors":[37],"is_endless":false,"potions_floor_spawned":[1,5,10,12,14,18,20,30,31,35,38],"killed_by":"Giant Head","ascension_level":0}}