{"host":"tf8owpcxhp2xn1j6","time":1608392258,"event":{"mods":["AchievementEnabler","BaseMod","Colored Map","Colored Powertips","Custom Start","DeckTracker","Minty Spire (QoL Compilation)","Permanent Neow","Quick Restart","StSLib","SuperFastMode"],"gold_per_floor":[113,127,139,214,224,254,219,219,245,278,278,40,58,73,73,169,169,94,104,104,104,104],"floor_reached":21,"playtime":1550,"items_purged":[],"score":217,"play_id":"3641e15d-07ab-41bc-b0a0-6960e4a1a2eb","local_time":"20201220003738","is_ascension_mode":true,"campfire_choices":[{"data":"Zap","floor":8.0,"key":"SMITH"},{"data":"Coolheaded","floor":11.0,"key":"SMITH"},{"data":"Genetic Algorithm","floor":15.0,"key":"SMITH"}],"circlet_count":0,"master_deck":["Strike_B","Strike_B","Strike_B","Strike_B","Defend_B","Defend_B","Defend_B","Zap+1","Dualcast","Coolheaded+1","Conserve Battery","Self Repair","Double Energy","Leap","Hologram","Genetic Algorithm+1","Echo Form+1","Coolheaded","Coolheaded+1"],"relics":["Cracked Core","Anchor","Strawberry","Frozen Egg 2","Inserter"],"acts_visited":["Exordium","TheCity"],"potions_floor_usage":[],"damage_taken":[{"damage":0.0,"enemies":"2 Louse","floor":1.0,"turns":2.0},{"damage":2.0,"enemies":"Jaw Worm","floor":2.0,"turns":4.0},{"damage":0.0,"enemies":"Cultist","floor":3.0,"turns":3.0},{"damage":12.0,"enemies":"Blue Slaver","floor":5.0,"turns":4.0},{"damage":48.0,"enemies":"3 Sentries","floor":6.0,"turns":12.0},{"damage":20.0,"enemies":"Lagavulin","floor":10.0,"turns":10.0},{"damage":8.0,"enemies":"Exordium Thugs","floor":13.0,"turns":4.0},{"damage":1.0,"enemies":"Looter","floor":14.0,"turns":4.0},{"damage":32.0,"enemies":"The Guardian","floor":16.0,"turns":18.0},{"damage":19,"enemies":"2 Thieves","floor":18,"turns":5},{"damage":11,"enemies":"Chosen","floor":19,"turns":8},{"damage":68,"enemies":"3 Cultists","floor":21,"turns":6}],"seed_played":"-1375141563642013040","potions_obtained":[{"floor":3.0,"key":"EssenceOfSteel"},{"floor":5.0,"key":"FocusPotion"},{"floor":13.0,"key":"Block Potion"},{"floor":14.0,"key":"Swift Potion"},{"floor":16.0,"key":"SneckoOil"},{"floor":19,"key":"EssenceOfSteel"}],"is_trial":false,"path_per_floor":["M","M","M","?","M","E","?","R","T","E","R","$","M","M","R","B",null,"M","M","?","M"],"character_chosen":"DEFECT","items_purchased":["Frozen Egg 2"],"campfire_rested":0,"item_purchase_floors":[12],"current_hp_per_floor":[75,73,73,62,57,16,34,34,34,28,28,28,27,33,33,8,82,70,59,59,0,0],"gold":104,"neow_bonus":"REMOVE_CARD","is_daily":false,"chose_seed":false,"campfire_upgraded":3,"win_rate":0.0,"timestamp":1608392258,"path_taken":["M","M","M","?","M","E","?","R","T","E","R","?","M","?","R","BOSS","M","M","?","M"],"items_purchased_type":["Relic"],"build_version":"2020-12-13","purchased_purges":0,"victory":false,"max_hp_per_floor":[75,75,75,75,75,75,75,75,75,82,82,82,82,82,82,82,82,82,82,82,82,82],"card_choices":[{"not_picked":["Hologram","Melter"],"picked":"Coolheaded","floor":1.0},{"not_picked":["Sweeping Beam","Redo"],"picked":"Conserve Battery","floor":2.0},{"not_picked":["Hello World","Conserve Battery"],"picked":"Self Repair","floor":3.0},{"not_picked":["Consume","Ball Lightning"],"picked":"Double Energy","floor":5.0},{"not_picked":["Coolheaded","Meteor Strike"],"picked":"Leap","floor":6.0},{"not_picked":["Beam Cell","Streamline"],"picked":"Hologram","floor":10.0},{"not_picked":["Gash","Streamline"],"picked":"Genetic Algorithm","floor":13.0},{"not_picked":["Streamline","Hologram","Auto Shields"],"picked":"SKIP","floor":14.0},{"not_picked":["Hyperbeam","Creative AI+1"],"picked":"Echo Form+1","floor":16.0},{"not_picked":["Stack","Barrage","Leap"],"picked":"SKIP","floor":18},{"not_picked":["Recycle","Reprogram"],"picked":"Coolheaded","floor":19}],"player_experience":250851,"relics_obtained":[{"floor":6.0,"key":"Anchor"},{"floor":10.0,"key":"Strawberry"}],"event_choices":[{"damage_healed":0.0,"max_hp_gain":0.0,"max_hp_loss":0.0,"gold_gain":75.0,"event_name":"World of Goop","player_choice":"Gather Gold","floor":4.0,"gold_loss":0.0,"damage_taken":11.0},{"damage_healed":18.0,"max_hp_gain":0.0,"max_hp_loss":0.0,"gold_gain":0.0,"event_name":"The Cleric","player_choice":"Healed","floor":7.0,"gold_loss":35.0,"damage_taken":0.0},{"damage_healed":0,"gold_gain":0,"player_choice":"Copied","damage_taken":0,"max_hp_gain":0,"max_hp_loss":0,"event_name":"Duplicator","floor":20,"gold_loss":0,"cards_obtained":["Coolheaded"]}],"is_beta":false,"boss_relics":[{"not_picked":["Velvet Choker","Cursed Key"],"picked":"Inserter"}],"items_purged_floors":[],"is_endless":false,"potions_floor_spawned":[3,5,13,14,16,19],"killed_by":"3 Cultists","ascension_level":3}}