{"host":"x565ttcahk6mfbvs","time":1608372228,"event":{"mods":["AchievementEnabler","BaseMod","BetterRewards","Downfall","Minty Spire (QoL Compilation)","Permanent Neow","Remove Card Discount Mod","StSLib"],"gold_per_floor":[99,5,115,129,146,172,172,172,188,113,128,128,141,141,160,160,160],"floor_reached":16,"playtime":1105,"items_purged":[],"score":104,"play_id":"2397b40a-7a9e-4f31-884a-d56e297e3a91","local_time":"20201219040348","is_ascension_mode":false,"campfire_choices":[{"data":"Slimebound:CorrosiveSpit","floor":1,"key":"SMITH"},{"floor":8,"key":"REST"},{"floor":10,"key":"RECALL"}],"circlet_count":0,"master_deck":["Slimebound:Strike_Slimebound","Slimebound:Strike_Slimebound","Slimebound:Strike_Slimebound","Slimebound:Tackle","Slimebound:Defend_Slimebound","Slimebound:Defend_Slimebound","Slimebound:Defend_Slimebound","Slimebound:Defend_Slimebound","Slimebound:Split","Slimebound:CorrosiveSpit+1","Slimebound:SplitBruiser","Slimebound:AcidTongue","Slimebound:Equalize","Slimebound:Nibble","Slimebound:Dissolve","Slimebound:SplitMire","Slimebound:Nibble","Slimebound:SplitBruiser","Slimebound:FirmFortitude","Slimebound:LevelUp"],"relics":["Slimebound:AbsorbEndCombat","Pocketwatch","Gambling Chip","downfall:HeartBlessingBlue","Anchor"],"acts_visited":["Exordium"],"potions_floor_usage":[6,6,11,13,13,13],"damage_taken":[{"damage":6,"enemies":"downfall:FleeingMerchant","floor":2,"turns":4},{"damage":8,"enemies":"Small Slimes","floor":3,"turns":3},{"damage":10,"enemies":"Cultist","floor":4,"turns":3},{"damage":20,"enemies":"2 Louse","floor":5,"turns":2},{"damage":41,"enemies":"Lagavulin","floor":6,"turns":4},{"damage":25,"enemies":"Exordium Wildlife","floor":9,"turns":3},{"damage":13,"enemies":"Large Slime","floor":11,"turns":4},{"damage":20,"enemies":"Lots of Slimes","floor":13,"turns":2},{"damage":14,"enemies":"3 Louse","floor":15,"turns":4},{"damage":28,"enemies":"downfall:Ironclad","floor":16,"turns":2}],"seed_played":"-4259297437081202147","potions_obtained":[{"floor":3,"key":"SteroidPotion"},{"floor":4,"key":"Guardian:BlockOnCardUsePotion"},{"floor":5,"key":"sneckomod:MuddlingPotion"},{"floor":11,"key":"Guardian:BlockOnCardUsePotion"},{"floor":12,"key":"Slimebound:SpawnSlimePotion"},{"floor":12,"key":"SkillPotion"},{"floor":15,"key":"LiquidMemories"}],"is_trial":false,"path_per_floor":["R","$","M","M","M","E","T","R","M","R","M","?","M","?","M","B"],"character_chosen":"SLIMEBOUND","items_purchased":["Slimebound:AcidTongue"],"campfire_rested":1,"item_purchase_floors":[2],"current_hp_per_floor":[54,54,54,54,42,19,19,35,26,36,45,45,37,25,19,0,0],"gold":160,"neow_bonus":"ONE_RARE_RELIC","is_daily":false,"chose_seed":false,"campfire_upgraded":1,"win_rate":0.0,"timestamp":1608372228,"path_taken":["R","$","M","M","M","E","T","R","M","R","M","?","?","?","M","BOSS"],"items_purchased_type":["Card"],"build_version":"2020-12-13","purchased_purges":0,"victory":false,"max_hp_per_floor":[54,54,54,54,54,54,54,54,54,64,64,64,64,64,64,64,64],"card_choices":[{"not_picked":["Slimebound:Schlurp","Slimebound:Chomp"],"picked":"Slimebound:SplitBruiser","floor":2},{"not_picked":["Slimebound:SlimeBrawl","Slimebound:SlimeBarrage"],"picked":"Slimebound:Equalize","floor":3},{"not_picked":["Slimebound:LevelUp","Slimebound:SamplingLick"],"picked":"Slimebound:Nibble","floor":4},{"not_picked":["Slimebound:LeechEnergy","Slimebound:ProtectTheBoss"],"picked":"Slimebound:Dissolve","floor":5},{"not_picked":["Slimebound:FormOfPuddle","Slimebound:LeechEnergy"],"picked":"Slimebound:SplitMire","floor":6},{"not_picked":["Slimebound:TongueLash","Slimebound:SamplingLick"],"picked":"Slimebound:Nibble","floor":9},{"not_picked":["Slimebound:SamplingLick","Slimebound:LeechEnergy"],"picked":"Slimebound:SplitBruiser","floor":11},{"not_picked":["Slimebound:GoopSpray","Slimebound:Nibble"],"picked":"Slimebound:FirmFortitude","floor":13},{"not_picked":["Slimebound:ForwardTackle","Slimebound:Replication"],"picked":"Slimebound:LevelUp","floor":15}],"player_experience":267340,"relics_obtained":[{"floor":6,"key":"Gambling Chip"}],"event_choices":[{"damage_healed":0,"gold_gain":0,"player_choice":"Got Potions","damage_taken":0,"max_hp_gain":0,"max_hp_loss":0,"event_name":"Lab","floor":12,"gold_loss":0},{"damage_healed":0,"gold_gain":0,"player_choice":"Success","damage_taken":12,"relics_obtained":["Anchor"],"max_hp_gain":0,"max_hp_loss":0,"event_name":"Scrap Ooze","floor":14,"gold_loss":0}],"is_beta":false,"boss_relics":[],"items_purged_floors":[],"is_endless":false,"potions_floor_spawned":[3,4,5,11,15],"killed_by":"downfall:Ironclad","ascension_level":0}}