{"host":"d0verjtbj2sjunpo","time":1608348583,"event":{"mods":["AchievementEnabler","Aspiration","BaseMod","Better Altar","Better Third Choice","BetterRewards","Downfall","Marisa????????","Minty Spire (QoL Compilation)","Replay The Spire","StSLib","The Cursed","The Servant 0.9.4"],"gold_per_floor":[112,130,130,162,19,49,61,61,61,77,112,112,34,34,34,139,139,157,157,157,157,67,67],"floor_reached":22,"playtime":1141,"items_purged":[],"score":307,"play_id":"20278283-5298-440f-bca6-08dc96ab222f","local_time":"20201218212943","is_ascension_mode":true,"campfire_choices":[{"floor":12,"key":"REST"},{"data":"White Noise","floor":15,"key":"SMITH"}],"circlet_count":0,"master_deck":["Strike_B","Strike_B","Strike_B","Strike_B","Defend_B","Defend_B","Defend_B","Defend_B","Dualcast","The Bomb","Streamline","ReplayTheSpireMod:Calculation Training","Go for the Eyes","Turbo","Rip and Tear","Multi-Cast","aspiration:Polymerization","White Noise+1","Multi-Cast","Coolheaded+1"],"relics":["Cracked Core","MawBank","MealTicket","aspiration:ChemicalBlood","Pocketwatch","Replay:Bottled Snecko","aspiration:BursterCore","Bloody Idol"],"acts_visited":["Exordium","TheCity"],"potions_floor_usage":[11,16,16,16,16,18,22,22],"damage_taken":[{"damage":1,"enemies":"Cultist","floor":1,"turns":3},{"damage":0,"enemies":"Small Slimes","floor":2,"turns":3},{"damage":10,"enemies":"2 Louse","floor":4,"turns":3},{"damage":29,"enemies":"3 Sentries","floor":6,"turns":5},{"damage":0,"enemies":"2 Fungi Beasts","floor":7,"turns":3},{"damage":15,"enemies":"Exordium Wildlife","floor":10,"turns":4},{"damage":16,"enemies":"Lagavulin","floor":11,"turns":7},{"damage":45,"enemies":"The Guardian","floor":16,"turns":10},{"damage":13,"enemies":"3 Byrds","floor":18,"turns":3},{"damage":39,"enemies":"2 Thieves","floor":22,"turns":3}],"seed_played":"-8670571456484500809","potions_obtained":[{"floor":2,"key":"Regen Potion"},{"floor":10,"key":"FearPotion"},{"floor":11,"key":"FearPotion"},{"floor":16,"key":"Weak Potion"},{"floor":22,"key":"Guardian:BlockOnCardUsePotion"}],"is_trial":false,"path_per_floor":["M","M","?","M","$","E","M","?","T","M","E","R","$","?","R","B",null,"M","?","?","?","M"],"character_chosen":"DEFECT","items_purchased":["The Bomb","MealTicket","White Noise"],"campfire_rested":1,"item_purchase_floors":[0,5,13],"current_hp_per_floor":[65,65,62,52,52,23,23,23,23,8,7,29,44,69,69,24,75,62,24,32,32,0,0],"gold":67,"neow_bonus":"","is_daily":false,"chose_seed":false,"campfire_upgraded":1,"win_rate":0.0,"timestamp":1608348583,"path_taken":["M","M","?","M","$","E","M","?","T","M","E","R","$","?","R","BOSS","M","?","?","?","?"],"items_purchased_type":["Card","Relic","Card"],"build_version":"2020-12-13","purchased_purges":0,"victory":false,"max_hp_per_floor":[75,75,75,75,75,75,75,75,75,75,75,75,75,75,75,75,75,75,75,75,75,75,75],"card_choices":[{"not_picked":["ReplayTheSpireMod:GoodbyeWorld","Sweeping Beam"],"picked":"Streamline","floor":1},{"not_picked":["Scrape","Skim"],"picked":"ReplayTheSpireMod:Calculation Training","floor":2},{"not_picked":["Stack","Conserve Battery"],"picked":"Go for the Eyes","floor":4},{"not_picked":["Steam","Go for the Eyes"],"picked":"Turbo","floor":6},{"not_picked":["Go for the Eyes","Ball Lightning"],"picked":"Rip and Tear","floor":7},{"not_picked":["Beam Cell","Conserve Battery"],"picked":"Multi-Cast","floor":10},{"not_picked":["Go for the Eyes","Compile Driver"],"picked":"aspiration:Polymerization","floor":11},{"not_picked":["Reboot","Hyperbeam"],"picked":"Multi-Cast","floor":16},{"not_picked":["Turbo","Fusion"],"picked":"Coolheaded+1","floor":18}],"player_experience":182526,"relics_obtained":[{"floor":6,"key":"aspiration:ChemicalBlood"},{"floor":9,"key":"Pocketwatch"},{"floor":11,"key":"Replay:Bottled Snecko"}],"event_choices":[{"damage_healed":0,"gold_gain":0,"player_choice":"Relic ","damage_taken":3,"max_hp_gain":0,"max_hp_loss":0,"event_name":"betterThird:BetterScrap","floor":3,"gold_loss":0,"cards_obtained":["Catalyst"]},{"damage_healed":25,"gold_gain":0,"player_choice":"Banana","damage_taken":0,"max_hp_gain":0,"max_hp_loss":0,"event_name":"Big Fish","floor":14,"gold_loss":0},{"damage_healed":0,"gold_gain":0,"player_choice":" Idol ","damage_taken":38,"relics_obtained":["Bloody Idol"],"max_hp_gain":62,"max_hp_loss":24,"event_name":"betterAltar:BetterAltar","floor":19,"potions_obtained":[],"relics_lost":[],"gold_loss":0},{"damage_healed":0,"gold_gain":0,"player_choice":"Adaptability","damage_taken":0,"max_hp_gain":0,"max_hp_loss":0,"event_name":"betterThird:BetterWriting","floor":21,"gold_loss":0}],"is_beta":false,"boss_relics":[{"not_picked":["Philosopher\u0027s Stone","Replay:Drink Me"],"picked":"aspiration:BursterCore"}],"items_purged_floors":[],"is_endless":false,"potions_floor_spawned":[2,10,11],"killed_by":"2 Thieves","ascension_level":1}}