{"host":"15dd7v8o90xso62x","time":1608401524,"event":{"mods":["BaseMod","Minty Spire (QoL Compilation)","Quick Restart","StSLib"],"gold_per_floor":[117,117,134,147,157,157,189,189,212,65,65,83,97,97,97,201,201,218,268,318,368,418,445,495,495,495,545,545],"floor_reached":27,"playtime":588,"items_purged":[],"score":254,"play_id":"1312b594-5ab4-4f55-97af-08c1de49067d","local_time":"20201220031204","is_ascension_mode":false,"campfire_choices":[{"data":"Apotheosis","floor":6.0,"key":"SMITH"},{"data":"Eruption","floor":8.0,"key":"SMITH"},{"data":"MentalFortress","floor":15,"key":"SMITH"},{"floor":25,"key":"REST"}],"circlet_count":0,"master_deck":["Strike_P","Strike_P","Defend_P","Eruption+1","Vigilance","Apotheosis+1","CrushJoints","MentalFortress+1","Indignation","DeusExMachina","ReachHeaven","ConjureBlade"],"relics":["PureWater","Nunchaku","Boot","Juzu Bracelet","SsserpentHead","SacredBark","Toy Ornithopter","Damaru","Unceasing Top"],"acts_visited":["Exordium","TheCity"],"potions_floor_usage":[23,23,23],"damage_taken":[{"damage":2.0,"enemies":"Small Slimes","floor":1.0,"turns":4.0},{"damage":4.0,"enemies":"Cultist","floor":3.0,"turns":3.0},{"damage":0.0,"enemies":"2 Louse","floor":4.0,"turns":3.0},{"damage":0.0,"enemies":"Large Slime","floor":5.0,"turns":5.0},{"damage":0.0,"enemies":"Lagavulin","floor":7.0,"turns":4.0},{"damage":5.0,"enemies":"Gremlin Gang","floor":12.0,"turns":3.0},{"damage":7.0,"enemies":"Blue Slaver","floor":13.0,"turns":3.0},{"damage":14,"enemies":"The Guardian","floor":16,"turns":10},{"damage":12,"enemies":"Spheric Guardian","floor":18,"turns":3},{"damage":38,"enemies":"Slavers","floor":23,"turns":3}],"seed_played":"-3439884937096981034","potions_obtained":[{"floor":3.0,"key":"FearPotion"},{"floor":4.0,"key":"Swift Potion"},{"floor":7.0,"key":"Strength Potion"},{"floor":12.0,"key":"SmokeBomb"},{"floor":18,"key":"StancePotion"},{"floor":21,"key":"DistilledChaos"},{"floor":21,"key":"StancePotion"}],"is_trial":false,"path_per_floor":["M","?","M","M","M","R","E","R","T","$","?","M","M","?","R","B",null,"M","T","?","?","?","E","?","R","T","$"],"character_chosen":"WATCHER","items_purchased":["Juzu Bracelet"],"campfire_rested":1,"item_purchase_floors":[10],"current_hp_per_floor":[49,49,45,45,45,45,45,45,45,45,45,40,33,33,33,19,72,60,60,60,60,60,34,34,55,55,55,55],"gold":545,"neow_bonus":"RANDOM_COLORLESS_2","is_daily":false,"chose_seed":false,"campfire_upgraded":3,"win_rate":0.0,"timestamp":1608401524,"path_taken":["M","?","?","M","M","R","E","R","T","$","?","M","M","?","R","BOSS","M","?","?","?","?","E","?","R","T","?"],"items_purchased_type":["Relic"],"build_version":"2020-12-13","purchased_purges":0,"victory":false,"max_hp_per_floor":[72,72,72,72,72,72,72,72,72,72,72,72,72,72,72,72,72,72,72,72,72,72,72,72,72,72,72,72],"card_choices":[{"not_picked":["Thinking Ahead","HandOfGreed"],"picked":"Apotheosis","floor":0.0},{"not_picked":["ClearTheMind","Vengeance"],"picked":"CrushJoints","floor":1.0},{"not_picked":["Protect","SashWhip","Evaluate"],"picked":"SKIP","floor":3.0},{"not_picked":["EmptyBody","CutThroughFate","CrushJoints"],"picked":"SKIP","floor":4.0},{"not_picked":["EmptyFist","Collect","Nirvana"],"picked":"SKIP","floor":5.0},{"not_picked":["Prostrate","Wireheading","Halt"],"picked":"SKIP","floor":7.0},{"not_picked":["EmptyFist","WreathOfFlame","Consecrate"],"picked":"SKIP","floor":12.0},{"not_picked":["CutThroughFate","Crescendo","Prostrate"],"picked":"SKIP","floor":13.0},{"not_picked":["Judgement","Ragnarok"],"picked":"DeusExMachina","floor":16},{"not_picked":["ForeignInfluence","CutThroughFate+1","EmptyFist"],"picked":"SKIP","floor":18},{"not_picked":["CrushJoints","Consecrate","BowlingBash+1"],"picked":"SKIP","floor":23}],"player_experience":925094,"relics_obtained":[{"floor":7.0,"key":"Nunchaku"},{"floor":9.0,"key":"Boot"},{"floor":19,"key":"Toy Ornithopter"},{"floor":23,"key":"Damaru"},{"floor":26,"key":"Unceasing Top"}],"event_choices":[{"damage_healed":0.0,"max_hp_gain":0.0,"max_hp_loss":0.0,"gold_gain":0.0,"cards_transformed":["Defend_P"],"event_name":"Transmorgrifier","player_choice":"Transformed","floor":2.0,"gold_loss":0.0,"damage_taken":0.0,"cards_obtained":["MentalFortress"]},{"damage_healed":0.0,"max_hp_gain":0.0,"max_hp_loss":0.0,"gold_gain":0.0,"cards_transformed":["Defend_P"],"event_name":"Living Wall","player_choice":"Change","floor":11.0,"gold_loss":0.0,"damage_taken":0.0,"cards_obtained":["Indignation"]},{"damage_healed":0,"gold_gain":0,"player_choice":"Trade","damage_taken":0,"relics_obtained":["SsserpentHead"],"max_hp_gain":0,"max_hp_loss":0,"event_name":"FaceTrader","floor":14,"gold_loss":0},{"damage_healed":0,"gold_gain":0,"player_choice":"Ignored","damage_taken":0,"max_hp_gain":0,"max_hp_loss":0,"event_name":"Ghosts","floor":20,"gold_loss":0},{"damage_healed":0,"gold_gain":0,"player_choice":"Got Potions","damage_taken":0,"max_hp_gain":0,"max_hp_loss":0,"event_name":"Lab","floor":21,"gold_loss":0},{"damage_healed":0,"gold_gain":0,"cards_transformed":["Defend_P","Strike_P"],"player_choice":"Became Test Subject","damage_taken":0,"max_hp_gain":0,"max_hp_loss":0,"event_name":"Drug Dealer","floor":22,"gold_loss":0,"cards_obtained":["ReachHeaven","ConjureBlade"]},{"cards_removed":["Strike_P"],"damage_healed":0,"gold_gain":0,"player_choice":"Elegance","damage_taken":0,"max_hp_gain":0,"max_hp_loss":0,"event_name":"Back to Basics","floor":24,"gold_loss":0}],"is_beta":false,"boss_relics":[{"not_picked":["Runic Dome","Fusion Hammer"],"picked":"SacredBark"}],"items_purged_floors":[],"is_endless":false,"potions_floor_spawned":[3,4,7,12,18],"ascension_level":0}}