{"host":"nia1zwr35jsu5y7h","time":1608387717,"event":{"mods":["2.2 Compatiblity","Abigail Mod","Bard","BaseMod","Colored Map","Conspire","Downfall","Friendly Minions","Hermit","Highlight Path","Hubris","Infinite Spire","Kiyohime????","Koishi","Marisa????????","Minty Spire (QoL Compilation)","Quick Restart","Replay The Spire","Shade Mod","Shop Mod","StSLib","The Administrix","The Animator","The Construct","The Cursed","The Disciple","The Mystic","The Necromancer","The Servant 0.9.4"],"gold_per_floor":[110,110,120,132,207,207,207,207,259,285,63,63,91,108,108,209,209,229,229,239,239,89,123,123,123,123,139,164,175,195,211,211,312,312,327,327,327,384,439,511,511,538,538,579,579,592,592,592,624,641,641,641],"floor_reached":53,"playtime":2137,"items_purged":["hermit:Strike_Hermit","hermit:Defend_Hermit"],"score":1129,"play_id":"ae207fca-8c18-4a17-9d10-44c6da25510d","local_time":"20201219062157","is_ascension_mode":true,"campfire_choices":[{"data":"hermit:CursedWeapon","floor":6,"key":"SMITH"},{"data":"infinitespire:TheBestDefense","floor":8,"key":"SMITH"},{"data":"hermit:NoHoldsBarred","floor":12,"key":"SMITH"},{"data":"hermit:PistolWhip","floor":15,"key":"SMITH"},{"floor":24,"key":"REST"},{"data":"hermit:Adapt","floor":32,"key":"SMITH"},{"data":"hermit:HeroicBravado","floor":41,"key":"SMITH"},{"data":"hermit:Determination","floor":51,"key":"SMITH"}],"circlet_count":0,"master_deck":["hermit:Defend_Hermit+1","hermit:Defend_Hermit+1","hermit:Defend_Hermit+1","hermit:Snapshot","hermit:CursedWeapon+1","hermit:NoHoldsBarred+1","infinitespire:TheBestDefense+1","hermit:Horror","hermit:Adapt+1","hermit:PistolWhip+1","hermit:Reprieve","Hallucinations","Writhe","Shame","hermit:GhostlyPresence+1","hermit:Gestalt","hermit:GoldenBullet","hermit:Determination+1","hermit:HeroicBravado+1","hermit:Enervate+1","hermit:EyeOfTheStorm","hermit:GoldenBullet+1","hermit:Dissolve","hermit:Dissolve","TheCursedMod:Dregs","animator:Curse_GriefSeed","hermit:Horror","hermit:Reprieve","hermit:Midnight"],"relics":["hermit:Momento","NeowsBlessing","Replay:Wax Seal","infinitespire:CursedDice","ClockworkSouvenir","PreservedInsect","Replay:Ancient Bell","Happy Flower","infinitespire:Bottled Soul","Ice Cream","Orrery","Snack Pack","conspire:Flyswatter","hermit:Horseshoe","Kintsugi","ReplayTheSpireMod:Ring of Challenge","ReplayTheSpireMod:Ring of Exchange","Regal Pillow","Orichalcum","Shuriken","Pen Nib","TungstenRod","hubris:Towel","conspire:BottledYoYo"],"acts_visited":["Exordium","TheCity","TheBeyond"],"potions_floor_usage":[10,16,16,20,23,28,30,33,46],"damage_taken":[{"damage":0,"enemies":"Cultist","floor":1,"turns":1},{"damage":0,"enemies":"infinitespire:Voidling","floor":3,"turns":1},{"damage":2,"enemies":"2 Louse","floor":4,"turns":1},{"damage":18,"enemies":"Gremlin Nob","floor":10,"turns":3},{"damage":2,"enemies":"Lagavulin","floor":13,"turns":3},{"damage":3,"enemies":"Blue Slaver","floor":14,"turns":2},{"damage":3,"enemies":"Slime Boss","floor":16,"turns":7},{"damage":9,"enemies":"Chosen","floor":18,"turns":4},{"damage":37,"enemies":"Shell Parasite","floor":20,"turns":5},{"damage":2,"enemies":"conspire:Head Lice","floor":23,"turns":5},{"damage":4,"enemies":"Snake Plant","floor":27,"turns":2},{"damage":25,"enemies":"Book of Stabbing","floor":28,"turns":4},{"damage":2,"enemies":"Centurion and Healer","floor":29,"turns":4},{"damage":12,"enemies":"Shelled Parasite and Fungi","floor":30,"turns":4},{"damage":3,"enemies":"conspire:HollyBat","floor":31,"turns":7},{"damage":59,"enemies":"conspire:MysteriousRune","floor":33,"turns":8},{"damage":10,"enemies":"3 Darklings","floor":35,"turns":6},{"damage":15,"enemies":"Orb Walker","floor":38,"turns":3},{"damage":32,"enemies":"Sphere and 2 Shapes","floor":39,"turns":7},{"damage":6,"enemies":"Nemesis","floor":40,"turns":3},{"damage":28,"enemies":"Nightmare","floor":42,"turns":5},{"damage":17,"enemies":"R_Hoarder","floor":44,"turns":11},{"damage":1,"enemies":"3 Darklings","floor":46,"turns":4},{"damage":1,"enemies":"Nemesis","floor":49,"turns":11},{"damage":6,"enemies":"Spire Growth","floor":50,"turns":6},{"damage":15,"enemies":"Replay:Hell Engine","floor":52,"turns":11}],"seed_played":"1117980786679807090","potions_obtained":[{"floor":1,"key":"EssenceOfSteel"},{"floor":2,"key":"Doom Potion"},{"floor":2,"key":"ColorlessPotion"},{"floor":2,"key":"Elixir"},{"floor":14,"key":"AttackPotion"},{"floor":16,"key":"Guardian:BlockOnCardUsePotion"},{"floor":20,"key":"construct:ShiftPotion"},{"floor":27,"key":"Weak Potion"},{"floor":28,"key":"Adrenaline Potion"},{"floor":33,"key":"DuplicationPotion"},{"floor":39,"key":"Swift Potion"},{"floor":44,"key":"Doom Potion"},{"floor":49,"key":"Block Potion"}],"is_trial":false,"path_per_floor":["M","?","M","M","?","R","?","R","T","E","$","R","E","M","R","B",null,"M","AVR","M","?","$","E","R","?","T","M","E","M","M","M","R","B",null,"M","?","?","M","M","E","R","NM","T","E","?","M","PTL","PTL","E","M","R","B",null],"character_chosen":"HERMIT","items_purchased":["ClockworkSouvenir","Orrery"],"campfire_rested":1,"item_purchase_floors":[11,22],"current_hp_per_floor":[68,68,68,66,55,55,38,38,38,20,20,20,18,15,15,12,59,58,58,29,29,29,27,49,49,49,47,34,46,36,45,45,27,63,67,67,67,52,42,56,56,40,40,51,51,62,62,62,73,74,74,73],"gold":641,"neow_bonus":"THREE_ENEMY_KILL","is_daily":false,"chose_seed":false,"campfire_upgraded":7,"win_rate":0.0,"timestamp":1608387717,"path_taken":["M","?","?","M","?","R","?","R","T","E","$","R","E","M","R","BOSS","M","AVR","M","?","$","E","R","?","T","?","E","M","M","M","R","BOSS","M","?","?","M","?","E","R","NM","T","E","?","M","PTL","PTL","E","M","R","BOSS"],"items_purchased_type":["Relic","Relic"],"build_version":"2020-12-13","purchased_purges":2,"victory":true,"max_hp_per_floor":[75,75,75,75,75,75,75,75,75,75,75,75,75,75,75,75,75,75,75,75,75,75,75,75,75,75,75,75,75,75,75,75,75,75,75,75,75,75,75,75,75,75,75,75,75,75,75,75,75,75,75,75],"card_choices":[{"not_picked":["hermit:Desperado","hermit:CalledShot"],"picked":"hermit:CursedWeapon","floor":1},{"not_picked":["hermit:Coalescence","hermit:BodyArmor"],"picked":"hermit:DeadMansHand","floor":3},{"not_picked":["hermit:HighCaliber","hermit:BodyArmor"],"picked":"hermit:NoHoldsBarred","floor":4},{"not_picked":["infinitespire:Gouge","infinitespire:FutureSight"],"picked":"infinitespire:TheBestDefense","floor":7},{"not_picked":["hermit:TakeAim","hermit:Dive"],"picked":"hermit:Horror","floor":10},{"not_picked":["hermit:HighCaliber","hermit:Maintenance"],"picked":"hermit:Adapt","floor":13},{"not_picked":["hermit:Coalescence","hermit:Enervate"],"picked":"hermit:PistolWhip","floor":14},{"not_picked":["hermit:Dissolve","hermit:Adapt"],"picked":"hermit:Reprieve","floor":16},{"not_picked":["ReplayTheSpireMod:IOU","Spreading Infection"],"picked":"Hallucinations","floor":17},{"not_picked":["hubris:Gluttony","Delirium"],"picked":"Writhe","floor":17},{"not_picked":["Normality","animator:Curse_Greed"],"picked":"Shame","floor":17},{"not_picked":["hermit:Glare+1","hermit:Malice"],"picked":"hermit:GhostlyPresence+1","floor":18},{"not_picked":["hermit:ItchyTrigger","hermit:NoHoldsBarred"],"picked":"hermit:Gestalt","floor":20},{"not_picked":["hermit:SprayPray+1","hermit:Snipe"],"picked":"hermit:GoldenBullet","floor":22},{"not_picked":["hermit:Snipe","hermit:CalledShot"],"picked":"hermit:Determination","floor":22},{"not_picked":["hermit:Misfire+1","hermit:Glare+1"],"picked":"hermit:HeroicBravado","floor":22},{"not_picked":["hermit:Scavenge","hermit:Snipe"],"picked":"hermit:Enervate+1","floor":23},{"not_picked":["hermit:Vantage","hermit:ItchyTrigger"],"picked":"hermit:GoldenBullet+1","floor":27},{"not_picked":["hermit:Misfire","hermit:Showdown","hermit:Feint"],"picked":"SKIP","floor":28},{"not_picked":["hermit:BodyArmor","hermit:Showdown","hermit:Quickdraw"],"picked":"SKIP","floor":29},{"not_picked":["hermit:Misfire","hermit:SprayPray"],"picked":"hermit:Dissolve","floor":30},{"not_picked":["hermit:Roulette","hermit:Feint+1","hermit:Misfire"],"picked":"SKIP","floor":31},{"not_picked":["hermit:Reprieve","hermit:Adapt"],"picked":"hermit:Dissolve","floor":33},{"not_picked":["hermit:Snipe","hermit:Manifest+1"],"picked":"hermit:Horror","floor":35},{"not_picked":["hermit:Manifest","hermit:ItchyTrigger"],"picked":"hermit:Reprieve","floor":38},{"not_picked":["hermit:Roulette","hermit:DeadMansHand+1","hermit:Desperado+1"],"picked":"SKIP","floor":39},{"not_picked":["hermit:Roulette+1","hermit:Glare+1","hermit:BodyArmor"],"picked":"SKIP","floor":40},{"not_picked":["hermit:Feint","hermit:FullyLoaded+1","hermit:Desperado+1"],"picked":"SKIP","floor":42},{"not_picked":["hermit:Shortfuse","hermit:BodyArmor","hermit:HoleUp"],"picked":"SKIP","floor":44},{"not_picked":["hermit:Horror","hermit:Vantage","hermit:Scavenge+1"],"picked":"SKIP","floor":46},{"not_picked":["hermit:Roulette+1","hermit:WideOpen+1"],"picked":"hermit:Midnight","floor":49},{"not_picked":["hermit:Coalescence+1","hermit:TrackingShot","hermit:Dive+1"],"picked":"SKIP","floor":50}],"player_experience":2233397,"relics_obtained":[{"floor":9,"key":"Replay:Wax Seal"},{"floor":10,"key":"infinitespire:CursedDice"},{"floor":13,"key":"PreservedInsect"},{"floor":23,"key":"Snack Pack"},{"floor":26,"key":"conspire:Flyswatter"},{"floor":28,"key":"hermit:Horseshoe"},{"floor":36,"key":"ReplayTheSpireMod:Ring of Challenge"},{"floor":36,"key":"ReplayTheSpireMod:Ring of Exchange"},{"floor":40,"key":"Regal Pillow"},{"floor":42,"key":"Orichalcum"},{"floor":43,"key":"Shuriken"},{"floor":44,"key":"Pen Nib"},{"floor":44,"key":"TungstenRod"},{"floor":49,"key":"conspire:BottledYoYo"}],"event_choices":[{"damage_healed":0,"gold_gain":0,"player_choice":"Got Potions","damage_taken":0,"max_hp_gain":0,"max_hp_loss":0,"event_name":"Lab","floor":2,"gold_loss":0},{"damage_healed":0,"gold_gain":75,"player_choice":"Gather Gold","damage_taken":11,"max_hp_gain":0,"max_hp_loss":0,"event_name":"World of Goop","floor":5,"gold_loss":0},{"damage_healed":0,"gold_gain":0,"player_choice":"Simplicity","damage_taken":0,"max_hp_gain":0,"max_hp_loss":0,"event_name":"Back to Basics","floor":21,"gold_loss":0,"cards_upgraded":["hermit:Strike_Hermit","hermit:Strike_Hermit","hermit:Strike_Hermit","hermit:Defend_Hermit","hermit:Defend_Hermit","hermit:Defend_Hermit"]},{"damage_healed":0,"gold_gain":0,"player_choice":"Bought 0 Potions","damage_taken":0,"max_hp_gain":0,"max_hp_loss":0,"event_name":"The Woman in Blue","floor":37,"gold_loss":0}],"is_beta":false,"boss_relics":[{"not_picked":["Black Star","Ring of Chaos"],"picked":"Replay:Ancient Bell"},{"not_picked":["Bronze Scales","Akabeko"],"picked":"Happy Flower"},{"not_picked":["infinitespire:Midas Blood","Letter Opener"],"picked":"infinitespire:Bottled Soul"},{"not_picked":["CaptainsWheel","hubris:MedicalManual"],"picked":"Ice Cream"},{"not_picked":["SlaversCollar","conspire:SpecialSausage"],"picked":"Kintsugi"}],"items_purged_floors":[11,19],"is_endless":false,"potions_floor_spawned":[1,4,14,16,20,27,28,33,39,44,49],"ascension_level":7}}