{"host":"egyxg9lnjq7g2hmw","time":1608362426,"event":{"mods":["AchievementEnabler","BaseMod","Block Reminder","Colored Map","Colored Powertips","Highlight Path","Minty Spire (QoL Compilation)","Rare Cards Sparkle","StSLib"],"gold_per_floor":[116,116,116,128,140,167,167,187,187,197,197,222,236,236,236,313,313,329,225,244,244,244,270,287,287,313,228,240,240,240],"floor_reached":29,"playtime":2568,"items_purged":["Parasite"],"score":610,"play_id":"462d8629-6860-4c2d-8aef-adc91082c54e","local_time":"20201218232026","is_ascension_mode":true,"campfire_choices":[{"data":"Envenom","floor":7.0,"key":"SMITH"},{"floor":11.0,"key":"REST"},{"data":"Blade Dance","floor":15.0,"key":"SMITH"},{"floor":25.0,"key":"REST"}],"circlet_count":0,"master_deck":["AscendersBane","Strike_G","Strike_G","Strike_G","Strike_G","Strike_G","Defend_G","Defend_G","Defend_G","Defend_G","Defend_G","Survivor","Neutralize+1","Envenom+1","Deadly Poison","Blade Dance+1","Noxious Fumes","Die Die Die","Dash","Dagger Spray","Malaise","Escape Plan+1","Bane","RitualDagger","Bullet Time"],"relics":["Ring of the Snake","Lantern","Kunai","Dead Branch","SlaversCollar","MutagenicStrength","Tiny Chest","Smiling Mask"],"acts_visited":["Exordium","TheCity"],"potions_floor_usage":[],"damage_taken":[{"damage":1.0,"enemies":"Small Slimes","floor":1.0,"turns":4.0},{"damage":1.0,"enemies":"2 Louse","floor":4.0,"turns":3.0},{"damage":2.0,"enemies":"Jaw Worm","floor":5.0,"turns":5.0},{"damage":29.0,"enemies":"3 Sentries","floor":6.0,"turns":8.0},{"damage":0.0,"enemies":"3 Louse","floor":8.0,"turns":2.0},{"damage":0.0,"enemies":"Exordium Wildlife","floor":10.0,"turns":2.0},{"damage":20.0,"enemies":"Lagavulin","floor":12.0,"turns":6.0},{"damage":0.0,"enemies":"Gremlin Gang","floor":13.0,"turns":3.0},{"damage":0.0,"enemies":"Slime Boss","floor":16.0,"turns":6.0},{"damage":16.0,"enemies":"Chosen","floor":18.0,"turns":5.0},{"damage":11.0,"enemies":"2 Thieves","floor":20.0,"turns":4.0},{"damage":7.0,"enemies":"Slavers","floor":23.0,"turns":3.0},{"damage":11.0,"enemies":"Cultist and Chosen","floor":24.0,"turns":4.0},{"damage":9.0,"enemies":"Centurion and Healer","floor":28.0,"turns":3.0},{"damage":12,"enemies":"3 Cultists","floor":29,"turns":3}],"seed_played":"-8862763942730362891","potions_obtained":[{"floor":5.0,"key":"Poison Potion"},{"floor":10.0,"key":"BlessingOfTheForge"},{"floor":12.0,"key":"SkillPotion"},{"floor":16.0,"key":"BlessingOfTheForge"},{"floor":24.0,"key":"Explosive Potion"}],"is_trial":false,"path_per_floor":["M","?","?","M","M","E","R","M","T","M","R","E","M","?","R","B",null,"M","$","M","?","?","E","M","R","T","?","M","M"],"character_chosen":"THE_SILENT","items_purchased":["Bane"],"campfire_rested":2,"item_purchase_floors":[19],"current_hp_per_floor":[58,58,58,57,55,26,26,26,26,26,44,24,24,39,39,39,55,39,39,28,22,22,15,4,21,21,21,12,0,0],"gold":240,"neow_bonus":"THREE_RARE_CARDS","is_daily":false,"chose_seed":false,"campfire_upgraded":2,"win_rate":0.0,"timestamp":1608362426,"path_taken":["M","?","?","M","M","E","R","M","T","M","R","E","M","?","R","BOSS","M","$","M","?","?","E","M","R","T","?","?","M"],"items_purchased_type":["Card"],"build_version":"2020-12-13","purchased_purges":1,"victory":false,"max_hp_per_floor":[60,60,60,60,60,60,60,60,60,60,60,60,60,60,60,60,60,60,57,57,57,57,57,57,57,57,57,57,57,57],"card_choices":[{"not_picked":["Phantasmal Killer","Venomology"],"picked":"Envenom","floor":0.0},{"not_picked":["Dodge and Roll","Backstab"],"picked":"Deadly Poison","floor":1.0},{"not_picked":["Backflip","Footwork"],"picked":"Blade Dance","floor":4.0},{"not_picked":["Escape Plan","Flying Knee"],"picked":"Noxious Fumes","floor":5.0},{"not_picked":["Grand Finale","Dodge and Roll"],"picked":"Die Die Die","floor":6.0},{"not_picked":["Prepared","Deflect"],"picked":"Dash","floor":8.0},{"not_picked":["Dodge and Roll","Quick Slash","Dagger Spray"],"picked":"SKIP","floor":10.0},{"not_picked":["Dodge and Roll","Quick Slash"],"picked":"Dagger Spray","floor":10.0},{"not_picked":["Prepared","Flying Knee","Doppelganger"],"picked":"SKIP","floor":12.0},{"not_picked":["PiercingWail","Backflip","Sucker Punch"],"picked":"SKIP","floor":13.0},{"not_picked":["Die Die Die","Grand Finale"],"picked":"Malaise","floor":16.0},{"not_picked":["Accuracy","Predator"],"picked":"Escape Plan+1","floor":18.0},{"not_picked":["Terror","Cloak And Dagger","Expertise"],"picked":"SKIP","floor":20.0},{"not_picked":["Outmaneuver+1","Backflip"],"picked":"Bullet Time","floor":23.0},{"not_picked":["Quick Slash","Masterful Stab","Outmaneuver"],"picked":"SKIP","floor":24.0},{"not_picked":["Deflect","Backflip","Deadly Poison"],"picked":"SKIP","floor":28.0}],"player_experience":529665,"relics_obtained":[{"floor":6.0,"key":"Lantern"},{"floor":9.0,"key":"Kunai"},{"floor":12.0,"key":"Dead Branch"},{"floor":23.0,"key":"Tiny Chest"}],"event_choices":[{"damage_healed":0.0,"max_hp_gain":0.0,"max_hp_loss":0.0,"gold_gain":0.0,"event_name":"Living Wall","player_choice":"Grow","floor":2.0,"gold_loss":0.0,"damage_taken":0.0,"cards_upgraded":["Neutralize"]},{"damage_healed":0.0,"max_hp_gain":0.0,"max_hp_loss":0.0,"gold_gain":0.0,"event_name":"Liars Game","player_choice":"Ignored","floor":3.0,"gold_loss":0.0,"damage_taken":0.0},{"damage_healed":15.0,"max_hp_gain":0.0,"max_hp_loss":0.0,"gold_gain":0.0,"event_name":"Mushrooms","player_choice":"Healed and dodged fight","floor":14.0,"gold_loss":0.0,"damage_taken":0.0,"cards_obtained":["Parasite"]},{"damage_healed":0.0,"max_hp_gain":0.0,"max_hp_loss":0.0,"gold_gain":0.0,"event_name":"Nest","player_choice":"Joined the Cult","floor":21.0,"gold_loss":0.0,"damage_taken":6.0,"cards_obtained":["RitualDagger"]},{"damage_healed":0.0,"max_hp_gain":0.0,"max_hp_loss":0.0,"gold_gain":0.0,"event_name":"Drug Dealer","player_choice":"Inject Mutagens","floor":22.0,"gold_loss":0.0,"damage_taken":0.0,"relics_obtained":["MutagenicStrength"]},{"damage_healed":0.0,"max_hp_gain":0.0,"max_hp_loss":0.0,"gold_gain":0.0,"event_name":"Addict","player_choice":"Obtained Relic","floor":27.0,"gold_loss":85.0,"damage_taken":0.0,"relics_obtained":["Smiling Mask"]}],"is_beta":false,"boss_relics":[{"not_picked":["Coffee Dripper","Runic Pyramid"],"picked":"SlaversCollar"}],"items_purged_floors":[19],"is_endless":false,"potions_floor_spawned":[5,10,12,16,24],"killed_by":"3 Cultists","ascension_level":20}}