{"host":"fhq3k2nq5elnbks3","time":1608421071,"event":{"mods":["2.2 Compatiblity","AchievementEnabler","Act Like it!","AlwaysNeverKeys","Astrologer","BaseMod","Better Altar","Better Skull","Better Vampires","Better-Laid Plans","Block Reminder","CapriCore","Card Filter","CatGirl Mod","Chen","Colored Powertips","Displayed Cursed Tome","Eldritch Tears","Fiend Mod","Fireblade Mod","Friendly Minions","FutureSeer","Gensokyo","GifTheSpireLib","Gremlin Skip","Hermit","JesterMod","Koishi","Minty Spire (QoL Compilation)","Permanent Neow","QueenMod","Quick Restart","Relic Filter","Robot Space Explorer","Ruin Mod","Shop Mod","StSLib","SuperFastMode","The Administrix","The Cursed","The Fake Hero","The Forsaken","The Necromancer","TheFirefly","Transform Curses","Uncapped","Unknown Chances","Wandering Minibosses"],"gold_per_floor":[218,234,248,248,268,268,279,279,279,279,307,318,55,71,71,166,166,179,179,139,157,157,157,157,0,23,23,23,23,40,40,40,40,40],"floor_reached":33,"playtime":2357,"items_purged":[],"score":245,"play_id":"0d99cb30-d793-4055-900c-f7d98568acb2","local_time":"20201219173751","is_ascension_mode":false,"campfire_choices":[{"data":"RobotSpaceExplorer:Exploration","floor":6,"key":"SMITH"},{"data":"RobotSpaceExplorer:SurgingShield","floor":10,"key":"SMITH"},{"data":"RobotSpaceExplorer:Scan","floor":15,"key":"SMITH"},{"data":"RobotSpaceExplorer:Defend","floor":23,"key":"SMITH"},{"data":"RobotSpaceExplorer:Defend","floor":27,"key":"SMITH"},{"data":"RobotSpaceExplorer:Strike","floor":29,"key":"SMITH"},{"data":"RobotSpaceExplorer:Strike","floor":32,"key":"SMITH"}],"circlet_count":0,"master_deck":["RobotSpaceExplorer:Strike+1","RobotSpaceExplorer:Strike+1","RobotSpaceExplorer:Strike+1","RobotSpaceExplorer:Strike+1","RobotSpaceExplorer:Defend+1","RobotSpaceExplorer:Defend+1","RobotSpaceExplorer:Defend+1","RobotSpaceExplorer:Defend+1","RobotSpaceExplorer:Scan+1","RobotSpaceExplorer:SurgingShield+1","RobotSpaceExplorer:ScrapMissile+1","RobotSpaceExplorer:TrailblazerForm+1"],"relics":["RobotSpaceExplorer:RoboCore","Letter Opener","Happy Flower","Turnip","Tiny Chest","theForsaken:HumbleEgg","MerchantsRug","TheAbacus","Coffee Dripper","Mummified Hand","Bottled Flame","War Paint","Bag of Marbles","theForsaken:Gavel","Omamori","RobotSpaceExplorer:FoglandsKnife"],"acts_visited":["Gensokyo:Gensokyo","Gensokyo:Gensokyoer"],"potions_floor_usage":[11,11,11,11,11,16,30,33],"damage_taken":[{"damage":1,"enemies":"Gensokyo:Gryphon","floor":1,"turns":7},{"damage":0,"enemies":"Gensokyo:Python","floor":2,"turns":3},{"damage":0,"enemies":"Gensokyo:3_Fairies","floor":3,"turns":3},{"damage":5,"enemies":"Gensokyo:3_Kodama","floor":5,"turns":8},{"damage":27,"enemies":"Gensokyo:VengefulSpirit","floor":7,"turns":8},{"damage":10,"enemies":"Gensokyo:Aya","floor":11,"turns":9},{"damage":0,"enemies":"Gensokyo:LivingMonolith","floor":12,"turns":3},{"damage":0,"enemies":"Gensokyo:3_Kodama","floor":14,"turns":7},{"damage":16,"enemies":"Gensokyo:Yukari","floor":16,"turns":22},{"damage":0,"enemies":"Gensokyo:2_Gloops","floor":18,"turns":7},{"damage":6,"enemies":"Gensokyo:AngelMirror","floor":21,"turns":7},{"damage":8,"enemies":"Gensokyo:Wraith","floor":30,"turns":5},{"damage":12,"enemies":"Gensokyo:Eternal_Rivals","floor":33,"turns":6}],"seed_played":"-4402313807417811970","potions_obtained":[{"floor":1,"key":"Swift Potion"},{"floor":2,"key":"EntropicBrew"},{"floor":7,"key":"Fire Potion"},{"floor":11,"key":"PowerPotion"},{"floor":14,"key":"SkillPotion"},{"floor":21,"key":"ColorlessPotion"},{"floor":30,"key":"Weak Potion"}],"is_trial":false,"path_per_floor":["M","M","M","?","M","R","M","?","T","R","E","M","$","M","R","B",null,"M","?","?","M","T","R","T","?","T","R","?","R","M","T","R","B"],"character_chosen":"RobotSpaceExplorer","items_purchased":["MerchantsRug","TheAbacus"],"campfire_rested":0,"item_purchase_floors":[13,13],"current_hp_per_floor":[74,74,74,59,54,54,27,27,27,27,17,17,17,17,17,1,75,75,75,75,69,69,69,69,69,69,69,11,11,3,3,3,0,0],"gold":40,"neow_bonus":"HUNDRED_GOLD","is_daily":false,"chose_seed":false,"campfire_upgraded":7,"win_rate":0.0,"timestamp":1608421071,"path_taken":["M","M","M","?","M","R","M","?","T","R","E","M","$","M","R","BOSS","M","?","?","M","?","R","?","?","T","R","?","R","?","?","R","BOSS"],"items_purchased_type":["Relic","Relic"],"build_version":"2020-12-13","purchased_purges":0,"victory":false,"max_hp_per_floor":[75,75,75,75,75,75,75,75,75,75,75,75,75,75,75,75,75,75,75,75,75,75,75,75,75,75,75,75,75,75,75,75,75,75],"card_choices":[{"not_picked":["RobotSpaceExplorer:DoubleBlock","RobotSpaceExplorer:Electropulse","RobotSpaceExplorer:MetalStrike"],"picked":"SKIP","floor":1},{"not_picked":["RobotSpaceExplorer:SurgingStrike","RobotSpaceExplorer:MetalStrike"],"picked":"RobotSpaceExplorer:SurgingShield","floor":2},{"not_picked":["RobotSpaceExplorer:Electropulse","RobotSpaceExplorer:DualCore"],"picked":"RobotSpaceExplorer:Exploration","floor":3},{"not_picked":["RobotSpaceExplorer:FreezeRay","RobotSpaceExplorer:StunGrenade","RobotSpaceExplorer:RigExplosive"],"picked":"SKIP","floor":5},{"not_picked":["RobotSpaceExplorer:TurboDodge","RobotSpaceExplorer:JunkDive","RobotSpaceExplorer:StunGrenade"],"picked":"SKIP","floor":7},{"not_picked":["RobotSpaceExplorer:SwiftStep+1","RobotSpaceExplorer:Explosion","RobotSpaceExplorer:BigMissile"],"picked":"SKIP","floor":11},{"not_picked":["RobotSpaceExplorer:DualCore","RobotSpaceExplorer:Electropulse"],"picked":"RobotSpaceExplorer:ScrapMissile+1","floor":12},{"not_picked":["RobotSpaceExplorer:ImprovisedAttack+1","RobotSpaceExplorer:SwiftStep+1","RobotSpaceExplorer:LaserBurst"],"picked":"SKIP","floor":14},{"not_picked":["RobotSpaceExplorer:Explosion","RobotSpaceExplorer:Arsenal"],"picked":"RobotSpaceExplorer:TrailblazerForm","floor":16},{"not_picked":["RobotSpaceExplorer:MiniDrones+1","RobotSpaceExplorer:ShovelStrike+1","RobotSpaceExplorer:ImprovisedAttack+1"],"picked":"SKIP","floor":18},{"not_picked":["RobotSpaceExplorer:ExhaustFan+1","RobotSpaceExplorer:Ammunition+1","RobotSpaceExplorer:PowerCollector"],"picked":"SKIP","floor":21},{"not_picked":["RobotSpaceExplorer:PowerGlove","RobotSpaceExplorer:SwiftStep+1","RobotSpaceExplorer:MetalStrike+1"],"picked":"SKIP","floor":30}],"player_experience":239607,"relics_obtained":[{"floor":9,"key":"Turnip"},{"floor":11,"key":"Tiny Chest"},{"floor":11,"key":"theForsaken:HumbleEgg"},{"floor":22,"key":"Mummified Hand"},{"floor":24,"key":"Bottled Flame"},{"floor":26,"key":"War Paint"},{"floor":31,"key":"RobotSpaceExplorer:FoglandsKnife"}],"event_choices":[{"damage_healed":0,"gold_gain":0,"player_choice":"RE RE RE ","damage_taken":64,"relics_obtained":["Bag of Marbles","theForsaken:Gavel","Omamori"],"max_hp_gain":0,"max_hp_loss":0,"event_name":"betterSkull:BetterSkull","floor":28,"gold_loss":0,"cards_upgraded":[]}],"is_beta":false,"boss_relics":[{"not_picked":["RobotSpaceExplorer:SearchSpecs","Empty Cage"],"picked":"Coffee Dripper"}],"items_purged_floors":[],"is_endless":false,"potions_floor_spawned":[1,2,7,11,14,21,30],"killed_by":"Gensokyo:Eternal_Rivals","ascension_level":0}}