{"host":"77pvex58kafzx78l","time":1608359570,"event":{"mods":["BaseMod","Better Vampires","DeckTracker","Googly Eyes","Minty Spire (QoL Compilation)","Quick Restart","StSLib","SuperFastMode"],"gold_per_floor":[109,59,75,0,0,33,33,33,33,33,50,50,68,88,88,167,167,187,87,87,87,102,102,114,164,164,164,180,4,4,38,38,38,38],"floor_reached":33,"playtime":561,"items_purged":["Defend_P","Defend_P"],"score":486,"play_id":"7501ec17-736e-4002-8d80-246bb6ebb194","local_time":"20201219143250","is_ascension_mode":true,"campfire_choices":[{"data":"Eruption","floor":8.0,"key":"SMITH"},{"data":"PathToVictory","floor":12.0,"key":"SMITH"},{"data":"Prostrate","floor":15.0,"key":"SMITH"},{"data":"SandsOfTime","floor":23.0,"key":"SMITH"},{"data":"DeusExMachina","floor":27.0,"key":"SMITH"},{"floor":32,"key":"REST"}],"circlet_count":0,"master_deck":["AscendersBane","Strike_P","Strike_P+1","Defend_P","Eruption+1","Vigilance+1","PathToVictory+1","InnerPeace+1","Prostrate+1","BowlingBash","DeusExMachina+1","SandsOfTime+1","EmptyBody","PathToVictory","MentalFortress","Panacea","Writhe","Indignation+1"],"relics":["PureWater","NeowsBlessing","PreservedInsect","CaptainsWheel","Mercury Hourglass","Odd Mushroom","VioletLotus","Bottled Flame","Shuriken","MealTicket"],"acts_visited":["Exordium","TheCity"],"potions_floor_usage":[31,31],"damage_taken":[{"damage":0.0,"enemies":"Small Slimes","floor":1.0,"turns":1.0},{"damage":0.0,"enemies":"Jaw Worm","floor":3.0,"turns":1.0},{"damage":0.0,"enemies":"Gremlin Nob","floor":6.0,"turns":1.0},{"damage":0.0,"enemies":"2 Louse","floor":11.0,"turns":2.0},{"damage":0.0,"enemies":"Large Slime","floor":13.0,"turns":3.0},{"damage":5.0,"enemies":"The Mushroom Lair","floor":14.0,"turns":2.0},{"damage":6.0,"enemies":"Hexaghost","floor":16.0,"turns":7.0},{"damage":20.0,"enemies":"2 Thieves","floor":18.0,"turns":3.0},{"damage":9.0,"enemies":"3 Byrds","floor":22.0,"turns":4.0},{"damage":9.0,"enemies":"Shelled Parasite and Fungi","floor":24.0,"turns":4.0},{"damage":9.0,"enemies":"Cultist and Chosen","floor":28.0,"turns":6.0},{"damage":2,"enemies":"Gremlin Leader","floor":31,"turns":6},{"damage":8,"enemies":"Collector","floor":33,"turns":6}],"seed_played":"3230674731546650940","potions_obtained":[{"floor":1.0,"key":"Ambrosia"},{"floor":6.0,"key":"BottledMiracle"},{"floor":14.0,"key":"SteroidPotion"},{"floor":16.0,"key":"Swift Potion"},{"floor":18.0,"key":"DistilledChaos"}],"is_trial":false,"path_per_floor":["M","?","M","$","?","E","?","R","T","?","M","R","M","?","R","B",null,"M","$","?","?","M","R","M","?","T","R","M","$","?","E","R","B"],"character_chosen":"WATCHER","items_purchased":["MentalFortress","Panacea"],"campfire_rested":1,"item_purchase_floors":[29,29],"current_hp_per_floor":[61,61,61,61,47,47,40,40,40,22,22,22,22,17,17,11,54,34,34,34,34,25,25,16,16,16,16,7,7,7,5,25,17,17],"gold":38,"neow_bonus":"THREE_ENEMY_KILL","is_daily":false,"chose_seed":false,"campfire_upgraded":5,"win_rate":0.0,"timestamp":1608359570,"path_taken":["M","?","M","$","?","E","?","R","T","?","M","R","?","?","R","BOSS","M","$","?","?","?","R","M","?","T","R","M","?","?","E","R","BOSS"],"items_purchased_type":["Card","Card"],"build_version":"2020-12-13","purchased_purges":2,"victory":false,"max_hp_per_floor":[68,68,68,68,68,68,68,68,68,68,68,68,68,68,68,68,68,68,68,68,68,68,68,68,68,68,68,68,68,68,68,68,68,68],"card_choices":[{"not_picked":["WaveOfTheHand","PathToVictory","Halt"],"picked":"SKIP","floor":1.0},{"not_picked":["WaveOfTheHand","Halt"],"picked":"PathToVictory","floor":1.0},{"not_picked":["TalkToTheHand","PathToVictory"],"picked":"InnerPeace","floor":3.0},{"not_picked":["Wireheading","Swivel"],"picked":"Prostrate","floor":6.0},{"not_picked":["ClearTheMind","ThirdEye"],"picked":"BowlingBash","floor":11.0},{"not_picked":["JustLucky","Halt","CutThroughFate"],"picked":"SKIP","floor":13.0},{"not_picked":["ConjureBlade","Omniscience"],"picked":"DeusExMachina","floor":16.0},{"not_picked":["Evaluate","Crescendo"],"picked":"SandsOfTime","floor":18.0},{"not_picked":["CrushJoints","Weave"],"picked":"EmptyBody","floor":22.0},{"not_picked":["FollowUp","SashWhip","JustLucky"],"picked":"SKIP","floor":24.0},{"not_picked":["SandsOfTime","Evaluate"],"picked":"PathToVictory","floor":28.0},{"not_picked":["LessonLearned","JustLucky+1"],"picked":"Indignation+1","floor":31}],"player_experience":276466,"relics_obtained":[{"floor":6.0,"key":"PreservedInsect"},{"floor":9.0,"key":"CaptainsWheel"},{"floor":14.0,"key":"Odd Mushroom"},{"floor":26.0,"key":"Bottled Flame"},{"floor":31,"key":"MealTicket"}],"event_choices":[{"cards_removed":["Defend_P"],"damage_healed":0.0,"max_hp_gain":0.0,"max_hp_loss":0.0,"gold_gain":0.0,"event_name":"The Cleric","player_choice":"Card Removal","floor":2.0,"gold_loss":50.0,"damage_taken":0.0},{"damage_healed":0.0,"max_hp_gain":0.0,"max_hp_loss":0.0,"gold_gain":0.0,"event_name":"Shining Light","player_choice":"Entered Light","floor":5.0,"gold_loss":0.0,"damage_taken":14.0,"cards_upgraded":["Strike_P","InnerPeace"]},{"cards_removed":["Strike_P"],"damage_healed":0.0,"max_hp_gain":0.0,"max_hp_loss":0.0,"gold_gain":0.0,"event_name":"Golden Wing","player_choice":"Card Removal","floor":7.0,"gold_loss":0.0,"damage_taken":7.0},{"damage_healed":0.0,"max_hp_gain":0.0,"max_hp_loss":0.0,"gold_gain":0.0,"event_name":"Scrap Ooze","player_choice":"Success","floor":10.0,"gold_loss":0.0,"damage_taken":18.0,"relics_obtained":["Mercury Hourglass"]},{"damage_healed":0.0,"max_hp_gain":0.0,"max_hp_loss":0.0,"gold_gain":0.0,"event_name":"Mushrooms","player_choice":"Fought Mushrooms","floor":14.0,"gold_loss":0.0,"damage_taken":0.0},{"cards_removed":["Strike_P"],"damage_healed":0.0,"max_hp_gain":0.0,"max_hp_loss":0.0,"gold_gain":0.0,"event_name":"Back to Basics","player_choice":"Elegance","floor":20.0,"gold_loss":0.0,"damage_taken":0.0},{"damage_healed":0.0,"max_hp_gain":0.0,"max_hp_loss":0.0,"gold_gain":0.0,"event_name":"Upgrade Shrine","player_choice":"Upgraded","floor":21.0,"gold_loss":0.0,"damage_taken":0.0,"cards_upgraded":["Vigilance"]},{"damage_healed":0.0,"max_hp_gain":0.0,"max_hp_loss":0.0,"gold_gain":100.0,"event_name":"The Joust","player_choice":"Bet on Murderer","floor":25.0,"gold_loss":50.0,"damage_taken":0.0},{"damage_healed":0.0,"max_hp_gain":0.0,"max_hp_loss":0.0,"gold_gain":0.0,"event_name":"The Mausoleum","player_choice":"Opened","floor":30.0,"gold_loss":0.0,"damage_taken":0.0,"relics_obtained":["Shuriken"],"cards_obtained":["Writhe"]}],"is_beta":false,"boss_relics":[{"not_picked":["SlaversCollar","Runic Dome"],"picked":"VioletLotus"}],"items_purged_floors":[4,19],"is_endless":false,"potions_floor_spawned":[1,6,14,16,18,24],"killed_by":"Collector","ascension_level":14}}