{"host":"poixavpewvabi3b6","time":1608392886,"event":{"mods":["BaseMod","DeckTracker","Minty Spire (QoL Compilation)","Replay The Spire","StSLib"],"gold_per_floor":[109,109,34,48,48,48,66,85,140,155,155,168,168,186,186,281,331,345,345,361,142,142,142,160,160,160,170,170,170,180,193,193,193,193],"floor_reached":33,"playtime":1408,"items_purged":["Strike_B","Strike_B"],"score":266,"play_id":"33c6327f-510e-42fc-aab5-9ff22a8af415","local_time":"20201220004806","is_ascension_mode":false,"campfire_choices":[{"data":"Dualcast","floor":6,"key":"SMITH"},{"data":"Zap","floor":11,"key":"SMITH"},{"data":"Sweeping Beam","floor":13,"key":"SMITH"},{"data":"Ball Lightning","floor":15,"key":"SMITH"},{"floor":23,"key":"REST"},{"floor":25,"key":"REST"},{"floor":29,"key":"REST"},{"floor":32,"key":"REST"}],"circlet_count":0,"master_deck":["Defend_B+1","Defend_B+1","Defend_B","Defend_B","Zap+1","Dualcast+1","Rebound","Ball Lightning+1","Hologram+1","Sweeping Beam+1","Conserve Battery","Thunder Strike","Streamline","Sunder+1","Gash","Tempest+1","Streamline","Streamline","Bite","Bite","Bite","Bite","Bite","Reprogram+1"],"relics":["Cracked Core","Ancient Tea Set","Pet Ghost","Tiny House","Membership Card","War Paint","MutagenicStrength"],"acts_visited":["Exordium","TheCity"],"potions_floor_usage":[33,33],"damage_taken":[{"damage":0,"enemies":"Small Slimes","floor":1,"turns":2},{"damage":1,"enemies":"Cultist","floor":4,"turns":3},{"damage":0,"enemies":"2 Louse","floor":7,"turns":2},{"damage":0,"enemies":"Looter","floor":8,"turns":3},{"damage":0,"enemies":"Large Slime","floor":10,"turns":4},{"damage":0,"enemies":"2 Fungi Beasts","floor":12,"turns":3},{"damage":0,"enemies":"Gremlin Gang","floor":14,"turns":2},{"damage":16,"enemies":"The Guardian","floor":16,"turns":10},{"damage":5,"enemies":"3 Byrds","floor":18,"turns":4},{"damage":36,"enemies":"2 Thieves","floor":20,"turns":4},{"damage":21,"enemies":"Snake Plant","floor":24,"turns":4},{"damage":30,"enemies":"3 Cultists","floor":27,"turns":4},{"damage":14,"enemies":"Centurion and Healer","floor":30,"turns":5},{"damage":37,"enemies":"Snake Plant","floor":31,"turns":3},{"damage":93,"enemies":"Automaton","floor":33,"turns":6}],"seed_played":"1451409438932250203","potions_obtained":[{"floor":1,"key":"Swift Potion"},{"floor":7,"key":"LiquidMemories"},{"floor":12,"key":"BlessingOfTheForge"}],"is_trial":false,"path_per_floor":["M","?","$","M","?","R","M","M","T","M","R","M","R","M","R","B",null,"M","?","M","$","?","R","M","R","T","M","?","R","M","M","R","B"],"character_chosen":"DEFECT","items_purchased":["Membership Card","Streamline"],"campfire_rested":4,"item_purchase_floors":[21,21],"current_hp_per_floor":[75,80,80,79,79,79,79,79,79,80,80,80,80,80,80,64,85,80,80,46,46,46,71,58,83,83,55,55,80,76,45,70,0,0],"gold":193,"neow_bonus":"RANDOM_COMMON_RELIC","is_daily":false,"chose_seed":false,"campfire_upgraded":4,"win_rate":0.0,"timestamp":1608392886,"path_taken":["M","?","$","M","?","R","M","M","T","?","R","M","R","M","R","BOSS","M","?","M","$","?","R","M","R","T","M","?","R","M","M","R","BOSS"],"items_purchased_type":["Relic","Card"],"build_version":"2020-12-13","purchased_purges":2,"victory":false,"max_hp_per_floor":[75,80,80,80,80,80,80,80,80,80,80,80,80,80,80,80,85,85,85,85,85,85,85,85,85,85,85,85,85,85,85,85,85,85],"card_choices":[{"not_picked":["Undo","Barrage"],"picked":"Ball Lightning","floor":1},{"not_picked":["Cold Snap","Time Bomb"],"picked":"Rebound","floor":4},{"not_picked":["Redo","Leap","Fusion"],"picked":"SKIP","floor":7},{"not_picked":["Cold Snap","ReplaySort"],"picked":"Ball Lightning","floor":8},{"not_picked":["ReplayTheSpireMod:Reroute Power","ReplayTheSpireMod:Repulse"],"picked":"Hologram","floor":10},{"not_picked":["Steam","Steam Power"],"picked":"Sweeping Beam","floor":12},{"not_picked":["Double Energy","Skim"],"picked":"Conserve Battery","floor":14},{"not_picked":["Fission","ReplayRNGCard"],"picked":"Thunder Strike","floor":16},{"not_picked":["FTL","Genetic Algorithm"],"picked":"Streamline","floor":17},{"not_picked":["Hologram","Leap+1"],"picked":"Sunder+1","floor":18},{"not_picked":["Steam","Conserve Battery"],"picked":"Tempest+1","floor":20},{"not_picked":["Steam Power","ReplaySolidLightProjector","Heatsinks"],"picked":"SKIP","floor":24},{"not_picked":["Stack+1","Redo","Doom and Gloom+1"],"picked":"SKIP","floor":27},{"not_picked":["ReplaySolidLightProjector","Blizzard","Ball Lightning"],"picked":"SKIP","floor":30},{"not_picked":["Coolheaded+1","ReplayTheSpireMod:Repulse"],"picked":"Reprogram+1","floor":31}],"player_experience":136331,"relics_obtained":[{"floor":9,"key":"Blood Vial"},{"floor":26,"key":"War Paint"}],"event_choices":[{"damage_healed":0,"gold_gain":0,"player_choice":"Donut","damage_taken":0,"max_hp_gain":5,"max_hp_loss":0,"event_name":"Big Fish","floor":2,"gold_loss":0},{"cards_removed":["Ball Lightning"],"damage_healed":0,"gold_gain":0,"player_choice":"Gave Card","damage_taken":0,"relics_obtained":["Pet Ghost"],"max_hp_gain":0,"max_hp_loss":0,"event_name":"WeMeetAgain","floor":5,"gold_loss":0},{"damage_healed":0,"gold_gain":0,"player_choice":"Read","damage_taken":0,"max_hp_gain":0,"max_hp_loss":0,"event_name":"The Library","floor":19,"gold_loss":0,"cards_obtained":["Gash"]},{"damage_healed":0,"gold_gain":0,"player_choice":"Became a vampire (Vial)","damage_taken":0,"max_hp_gain":0,"max_hp_loss":0,"event_name":"Vampires","floor":22,"relics_lost":["Blood Vial"],"gold_loss":0,"cards_obtained":["Bite","Bite","Bite","Bite","Bite"]},{"damage_healed":0,"gold_gain":0,"player_choice":"Inject Mutagens","damage_taken":0,"relics_obtained":["MutagenicStrength"],"max_hp_gain":0,"max_hp_loss":0,"event_name":"Drug Dealer","floor":28,"gold_loss":0}],"is_beta":false,"boss_relics":[{"not_picked":["Nuclear Battery","Painkiller Herb"],"picked":"Tiny House"}],"items_purged_floors":[3,21],"is_endless":false,"potions_floor_spawned":[1,7,12,14,16,18],"killed_by":"Automaton","ascension_level":0}}