{"host":"3c27c697js19kaoo","time":1608368587,"event":{"mods":["BaseMod","Dota2Spire","Hermit","Minty Spire (QoL Compilation)","Quick Restart","Remilia£®¿Ÿ√◊¿Ú—«£©","Replay The Spire","Robot Space Explorer","Spicy Shops","StSLib","The Alterego","The Cursed","The Servant 0.9.4","vexMod","°æ“≈ŒÔø®≈∆°øREMEMod"],"gold_per_floor":[115,190,190,210,230,258,269,161,185,185,201,201,151,151,151,256,256,270,270,33,46,145,170,170,21,21,54,67,79,98,118,118,215,215,229,245,245,255,265,265,342,374,374,374,390,390,406,418,418,418,418],"floor_reached":50,"playtime":2276,"items_purged":[],"score":566,"play_id":"26f3a1de-0330-43c1-ab24-342bbe3f58cc","local_time":"20201219170307","is_ascension_mode":false,"campfire_choices":[{"data":"REME_GreenPollution","floor":10.0,"key":"SMITH"},{"data":"RobotSpaceExplorer:ChargingLaser","floor":12.0,"key":"SMITH"},{"data":"ReplayTheSpireMod:Scrap Shanks","floor":15.0,"key":"SMITH"},{"data":"Tools of the Trade","floor":32.0,"key":"SMITH"},{"data":"REME_SpectralBlade","floor":40,"key":"SMITH"},{"floor":46,"key":"REST"},{"data":"Calculated Gamble","floor":49,"key":"SMITH"}],"circlet_count":0,"master_deck":["Strike_G","Strike_G","Strike_G","Strike_G","Strike_G","Defend_G","Defend_G","Defend_G","Defend_G","Defend_G","Survivor","Neutralize","RobotSpaceExplorer:ChargingLaser+1","alterego_mod:BrynhildrsRune+1","Die Die Die","Cloak And Dagger","Underhanded Strike","Masterful Stab","Underhanded Strike","PiercingWail","Blade Dance","Slice","Prepared","ReplayTheSpireMod:Scrap Shanks+1","REME_GreenPollution+1","Backstab","Envenom","Calculated Gamble+1","Tools of the Trade+1","Backstab","Distraction","Poison Darts","Dagger Spray+1","Hidden Blade","REME_SpectralBlade+1","Outmaneuver+1","Decay","Escape Plan","Bane+1","Prepared","Distraction+1","Spreading Infection","Purity","Noxious Fumes","Footwork","Replay:Poison Smokescreen+1","Dodge and Roll+1"],"relics":["Ring of the Snake","REME_ComplimentaryCards","Toy Ornithopter","Bag of Preparation","Replay:Baseball","HoveringKite","vexMod:MemoryStick","Enchiridion","TwistedFunnel","vexMod:ScavengeHelm","Dota2Spire:MantaStyle","Dota2Spire:Bloodstone","Art of War","Tingsha","REME_IWantAll"],"acts_visited":["Exordium","TheCity","TheBeyond"],"potions_floor_usage":[36,42],"damage_taken":[{"damage":0.0,"enemies":"Cultist","floor":1.0,"turns":4.0},{"damage":5.0,"enemies":"Small Slimes","floor":4.0,"turns":2.0},{"damage":0.0,"enemies":"2 Louse","floor":5.0,"turns":1.0},{"damage":12.0,"enemies":"3 Sentries","floor":6.0,"turns":5.0},{"damage":16.0,"enemies":"Exordium Thugs","floor":7.0,"turns":7.0},{"damage":3.0,"enemies":"3 Louse","floor":11.0,"turns":2.0},{"damage":39.0,"enemies":"Fading Forest","floor":16.0,"turns":11.0},{"damage":14.0,"enemies":"Shell Parasite","floor":18.0,"turns":5.0},{"damage":9.0,"enemies":"2 Thieves","floor":21.0,"turns":4.0},{"damage":11.0,"enemies":"Gremlin Leader","floor":23.0,"turns":6.0},{"damage":21.0,"enemies":"Book of Stabbing","floor":27.0,"turns":5.0},{"damage":1.0,"enemies":"Centurion and Healer","floor":28.0,"turns":3.0},{"damage":0.0,"enemies":"Snecko","floor":29.0,"turns":2.0},{"damage":7.0,"enemies":"Cultist and Chosen","floor":30.0,"turns":2.0},{"damage":5.0,"enemies":"Chosen and Byrds","floor":31.0,"turns":5.0},{"damage":8.0,"enemies":"Collector","floor":33.0,"turns":5.0},{"damage":9.0,"enemies":"3 Shapes","floor":35.0,"turns":2.0},{"damage":0,"enemies":"Orb Walker","floor":36,"turns":1},{"damage":5,"enemies":"Sphere and 2 Shapes","floor":38,"turns":3},{"damage":25,"enemies":"Jaw Worm Horde","floor":39,"turns":3},{"damage":13,"enemies":"Reptomancer","floor":42,"turns":4},{"damage":13,"enemies":"Maw","floor":45,"turns":5},{"damage":23,"enemies":"Spire Growth","floor":47,"turns":3},{"damage":8,"enemies":"3 Darklings","floor":48,"turns":4},{"damage":93,"enemies":"Awakened One","floor":50,"turns":6}],"seed_played":"5311335368820906542","potions_obtained":[{"floor":1.0,"key":"Fruit Juice"},{"floor":6.0,"key":"Fire Potion"},{"floor":16.0,"key":"Milkshake"},{"floor":19.0,"key":"LiquidMemories"},{"floor":19.0,"key":"LifebloodPotion"},{"floor":19.0,"key":"Energy Potion"},{"floor":21.0,"key":"SteroidPotion"},{"floor":27.0,"key":"LiquidMemories"},{"floor":30.0,"key":"Adrenaline Potion"},{"floor":31.0,"key":"Strength Potion"},{"floor":35.0,"key":"Death Potion"},{"floor":36,"key":"FairyPotion"}],"is_trial":false,"path_per_floor":["M","?","?","M","M","E","M","?","T","R","M","R","?","?","R","B",null,"M","?","$","M","?","E","?","$","T","E","M","M","M","M","R","B",null,"M","M","?","M","M","R","?","E","T","?","M","R","M","M","R","B"],"character_chosen":"THE_SILENT","items_purchased":["Tools of the Trade","Backstab","TwistedFunnel"],"campfire_rested":1,"item_purchase_floors":[20,20,25],"current_hp_per_floor":[75,64,64,59,59,61,64,64,64,64,75,75,75,75,75,61,75,73,73,73,73,73,75,59,59,59,43,42,42,54,63,63,67,75,66,71,71,75,50,50,20,30,30,30,27,50,27,40,40,0,0],"gold":418,"neow_bonus":"THREE_RARE_CARDS","is_daily":false,"chose_seed":false,"campfire_upgraded":6,"win_rate":0.0,"timestamp":1608368587,"path_taken":["M","?","?","M","M","E","M","?","T","R","?","R","?","?","R","BOSS","M","?","?","?","?","E","?","$","T","E","M","M","?","M","R","BOSS","M","?","?","?","M","R","?","E","T","?","M","R","?","M","R","BOSS"],"items_purchased_type":["Card","Card","Relic"],"build_version":"2020-12-13","purchased_purges":0,"victory":false,"max_hp_per_floor":[75,75,75,75,75,75,75,75,75,75,75,75,75,75,75,75,75,75,75,75,75,75,75,75,75,75,75,75,75,75,75,75,75,75,75,75,75,75,75,75,75,75,75,75,78,78,78,78,78,78,78],"card_choices":[{"not_picked":["REME_GrazeFinale","Night Terror"],"picked":"Die Die Die","floor":0.0},{"not_picked":["Sucker Punch","Bane"],"picked":"Cloak And Dagger","floor":1.0},{"not_picked":["Underhanded Strike","Outmaneuver"],"picked":"Slice","floor":4.0},{"not_picked":["Deadly Poison","Sucker Punch"],"picked":"Prepared","floor":5.0},{"not_picked":["Cloak And Dagger","Underhanded Strike"],"picked":"ReplayTheSpireMod:Scrap Shanks","floor":6.0},{"not_picked":["Sucker Punch","Terror"],"picked":"REME_GreenPollution","floor":7.0},{"not_picked":["Quick Slash","Night Terror"],"picked":"Backstab","floor":11.0},{"not_picked":["Wraith Form v2","Adrenaline"],"picked":"Envenom","floor":16.0},{"not_picked":["Distraction","Skewer"],"picked":"Calculated Gamble","floor":18.0},{"not_picked":["Slice","Flying Knee"],"picked":"Distraction","floor":21.0},{"not_picked":["Eviscerate","Dodge and Roll"],"picked":"Poison Darts","floor":23.0},{"not_picked":["Dash","Masterful Stab","Sucker Punch"],"picked":"SKIP","floor":27.0},{"not_picked":["Bane","Sucker Punch+1"],"picked":"Dagger Spray+1","floor":28.0},{"not_picked":["Calculated Gamble","ReplayTheSpireMod:The Works","Skewer"],"picked":"SKIP","floor":29.0},{"not_picked":["Endless Agony","Acrobatics"],"picked":"Hidden Blade","floor":30.0},{"not_picked":["ReplayTheSpireMod:The Works","Deadly Poison+1","PiercingWail"],"picked":"SKIP","floor":31.0},{"not_picked":["ReplayTheSpireMod:Necrosis","REME_CopyPotion"],"picked":"REME_SpectralBlade","floor":33.0},{"not_picked":["Hidden Blade+1","Distraction"],"picked":"Outmaneuver+1","floor":35.0},{"not_picked":["Slice","Dagger Spray","Bouncing Flask"],"picked":"SKIP","floor":36},{"not_picked":["Hidden Blade","Crippling Poison+1"],"picked":"Escape Plan","floor":38},{"not_picked":["Hidden Blade","Flying Knee"],"picked":"Bane+1","floor":39},{"not_picked":["Cloak And Dagger+1","Underhanded Strike+1"],"picked":"Prepared","floor":41},{"not_picked":["Flying Knee+1","Choke+1"],"picked":"Distraction+1","floor":41},{"not_picked":["Malaise","PiercingWail","Finisher+1"],"picked":"SKIP","floor":42},{"not_picked":["Footwork","Replay:Poison Smokescreen+1","Dodge and Roll+1"],"picked":"Singing Bowl","floor":45},{"not_picked":["Choke+1","Deadly Poison+1","Dagger Throw"],"picked":"SKIP","floor":47},{"not_picked":["Prepared+1","Outmaneuver+1","Poisoned Stab"],"picked":"SKIP","floor":48}],"player_experience":139609,"relics_obtained":[{"floor":6.0,"key":"Toy Ornithopter"},{"floor":9.0,"key":"Replay:Baseball"},{"floor":23.0,"key":"vexMod:MemoryStick"},{"floor":24.0,"key":"Enchiridion"},{"floor":26.0,"key":"vexMod:ScavengeHelm"},{"floor":27.0,"key":"Dota2Spire:MantaStyle"},{"floor":41,"key":"Art of War"},{"floor":42,"key":"Tingsha"},{"floor":43,"key":"REME_IWantAll"}],"event_choices":[{"damage_healed":0.0,"max_hp_gain":0.0,"max_hp_loss":0.0,"gold_gain":75.0,"event_name":"World of Goop","player_choice":"Gather Gold","floor":2.0,"gold_loss":0.0,"damage_taken":11.0},{"damage_healed":0.0,"max_hp_gain":0.0,"max_hp_loss":0.0,"gold_gain":0.0,"event_name":"WeMeetAgain","player_choice":"Paid Gold","floor":8.0,"gold_loss":108.0,"damage_taken":0.0,"relics_obtained":["Bag of Preparation"]},{"cards_removed":["RobotSpaceExplorer:Defend"],"damage_healed":0.0,"max_hp_gain":0.0,"max_hp_loss":0.0,"gold_gain":0.0,"event_name":"The Cleric","player_choice":"Card Removal","floor":13.0,"gold_loss":50.0,"damage_taken":0.0},{"damage_healed":0.0,"max_hp_gain":0.0,"max_hp_loss":0.0,"gold_gain":0.0,"event_name":"Living Wall","player_choice":"Grow","floor":14.0,"gold_loss":0.0,"damage_taken":0.0,"cards_upgraded":["alterego_mod:BrynhildrsRune"]},{"damage_healed":0.0,"max_hp_gain":0.0,"max_hp_loss":0.0,"gold_gain":0.0,"event_name":"Lab","player_choice":"Got Potions","floor":19.0,"gold_loss":0.0,"damage_taken":0.0},{"damage_healed":0.0,"max_hp_gain":0.0,"max_hp_loss":0.0,"gold_gain":99.0,"event_name":"Nest","player_choice":"Stole From Cult","floor":22.0,"gold_loss":0.0,"damage_taken":0.0},{"damage_healed":0.0,"max_hp_gain":0.0,"max_hp_loss":0.0,"gold_gain":0.0,"event_name":"Cursed Tome","player_choice":"Obtained Book","floor":24.0,"gold_loss":0.0,"damage_taken":16.0},{"damage_healed":0,"gold_gain":0,"player_choice":"Cursed","damage_taken":0,"max_hp_gain":0,"max_hp_loss":0,"event_name":"Wheel of Change","floor":37,"gold_loss":0,"cards_obtained":["Decay"]},{"damage_healed":0,"gold_gain":0,"player_choice":"3 cards matched","damage_taken":0,"max_hp_gain":0,"max_hp_loss":0,"event_name":"Match and Keep!","floor":44,"gold_loss":0,"cards_obtained":["Spreading Infection","Purity","Noxious Fumes"]}],"is_beta":false,"boss_relics":[{"not_picked":["Cursed Key","Replay:Drink Me"],"picked":"HoveringKite"},{"not_picked":["vexMod:BigBerry","Astrolabe"],"picked":"Dota2Spire:Bloodstone"}],"items_purged_floors":[],"is_endless":false,"potions_floor_spawned":[1,6,16,21,27,30,31,35,36],"killed_by":"Awakened One","ascension_level":0}}