{"host":"1bmpebsu0h6jmm2g","time":1608375765,"event":{"mods":["BaseMod","Colored Map","DeckTracker","Highlight Path","Keyboard Shortcuts","Minty Spire (QoL Compilation)","Permanent Neow","Quick Restart","Random Character Button","Relic Stats","Slay the Relics Exporter","StSLib","SuperFastMode"],"gold_per_floor":[118,132,57,132,132,163,174,174,174,34,50,50,50],"floor_reached":12,"playtime":167,"items_purged":["Decay","Strike_R"],"score":156,"play_id":"63d4676b-53b9-43f5-a534-7772d05a196d","local_time":"20201219200245","is_ascension_mode":true,"campfire_choices":[{"data":"Barricade","floor":8,"key":"SMITH"}],"circlet_count":0,"master_deck":["AscendersBane","Strike_R","Strike_R","Strike_R","Defend_R","Defend_R","Defend_R","Defend_R","Bash","Barricade+1","Fire Breathing","Battle Trance","Spot Weakness","Evolve"],"relics":["Burning Blood","Letter Opener","Matryoshka"],"acts_visited":["Exordium"],"potions_floor_usage":[12],"damage_taken":[{"damage":20.0,"enemies":"Small Slimes","floor":1.0,"turns":4.0},{"damage":14,"enemies":"Cultist","floor":2,"turns":5},{"damage":20,"enemies":"3 Sentries","floor":6,"turns":5},{"damage":7,"enemies":"2 Louse","floor":7,"turns":4},{"damage":11,"enemies":"Looter","floor":11,"turns":4},{"damage":8,"enemies":"Gremlin Nob","floor":12,"turns":3}],"seed_played":"2238933900227461111","potions_obtained":[{"floor":7,"key":"SpeedPotion"},{"floor":11,"key":"BlessingOfTheForge"}],"is_trial":false,"path_per_floor":["M","M","$","?","?","E","M","R","T","$","M","E"],"character_chosen":"IRONCLAD","items_purchased":["Evolve"],"campfire_rested":0,"item_purchase_floors":[10],"current_hp_per_floor":[54,46,46,35,35,21,20,20,20,20,15,7,7],"gold":50,"neow_bonus":"THREE_RARE_CARDS","is_daily":false,"chose_seed":false,"campfire_upgraded":1,"win_rate":0.0,"timestamp":1608375765,"path_taken":["M","M","$","?","?","E","M","R","T","$","?","E"],"items_purchased_type":["Card"],"build_version":"2020-12-13","purchased_purges":2,"victory":false,"max_hp_per_floor":[75,75,75,75,75,75,75,75,75,75,75,75,75],"relic_stats":{"counters":[6,25],"Letter Opener":[10],"obtain_stats":[{"Matryoshka":9,"Letter Opener":6,"Burning Blood":0},{"Matryoshka":4,"Letter Opener":3,"Burning Blood":0},{"Matryoshka":18,"Letter Opener":14,"Burning Blood":0}],"Burning Blood":30},"card_choices":[{"not_picked":["Corruption","Offering"],"picked":"Barricade","floor":0.0},{"not_picked":["True Grit","Havoc"],"picked":"Fire Breathing","floor":1.0},{"not_picked":["Havoc","Cleave"],"picked":"Battle Trance","floor":2},{"not_picked":["Armaments","Heavy Blade","Rupture"],"picked":"SKIP","floor":6},{"not_picked":["Fire Breathing","Flex","Bloodletting"],"picked":"SKIP","floor":7},{"not_picked":["Havoc","Warcry","Iron Wave"],"picked":"SKIP","floor":11}],"player_experience":475404,"relics_obtained":[{"floor":6,"key":"Letter Opener"},{"floor":9,"key":"Matryoshka"}],"event_choices":[{"damage_healed":0,"gold_gain":75,"player_choice":"Gather Gold","damage_taken":11,"max_hp_gain":0,"max_hp_loss":0,"event_name":"World of Goop","floor":4,"gold_loss":0},{"damage_healed":0,"gold_gain":0,"cards_transformed":["Strike_R"],"player_choice":"Transformed","damage_taken":0,"max_hp_gain":0,"max_hp_loss":0,"event_name":"Transmorgrifier","floor":5,"gold_loss":0,"cards_obtained":["Spot Weakness"]}],"is_beta":false,"boss_relics":[],"items_purged_floors":[3,10],"is_endless":false,"potions_floor_spawned":[7,11],"killed_by":"Gremlin Nob","ascension_level":20}}