{"host":"z9rwthyxsf7d04ix","time":1608377183,"event":{"mods":["AchievementEnabler","BaseMod","Colored Map","Colored Powertips","Minty Spire (QoL Compilation)","Quick Restart"],"gold_per_floor":[114,289,139,154,169,169,212,212,212,227,257,32,62,77,77,177,177,192,42,42,42,42,42,72,72,72,102,117,117,147,162,162,262,262,277,292,292,292,307,307,337,352,352,382,382,29,59,74,74,74],"floor_reached":51,"playtime":3753,"items_purged":["Doubt"],"score":803,"play_id":"9b3e553c-1df9-4a27-8585-32a070458ac8","local_time":"20201219132623","daily_mods":["Draft","Uncertain Future","Elite Swarm"],"is_ascension_mode":false,"campfire_choices":[{"data":"Armaments","floor":6,"key":"SMITH"},{"data":"Armaments","floor":8,"key":"SMITH"},{"floor":15,"key":"REST"},{"floor":23,"key":"REST"},{"floor":29,"key":"REST"},{"floor":32,"key":"REST"},{"data":"Metallicize","floor":40,"key":"SMITH"},{"floor":49,"key":"REST"}],"circlet_count":0,"master_deck":["Sword Boomerang","Shrug It Off","Rampage","Cleave","Thunderclap","Iron Wave","Thunderclap","Evolve","Clash","Pummel","Warcry","Clash","Battle Trance","Armaments+1","Armaments+1","Anger","Sentinel+1","Sentinel","Berserk+1","Feed","Metallicize+1","Demon Form","Iron Wave+1","Immolate","RitualDagger","Limit Break+1","Seeing Red+1","Berserk","Flex","Reaper","Armaments+1","Barricade+1","Heavy Blade","Juggernaut+1"],"relics":["Black Blood","Juzu Bracelet","Calipers","Incense Burner","Vajra","HandDrill","Bottled Flame","SlaversCollar","Happy Flower","Potion Belt","Shuriken","War Paint","Oddly Smooth Stone","White Beast Statue","InkBottle","Frozen Egg 2","Lizard Tail","Turnip"],"acts_visited":["Exordium","TheCity","TheBeyond"],"potions_floor_usage":[10,22,24,28,48,50,50,50],"damage_taken":[{"damage":2,"enemies":"Small Slimes","floor":1,"turns":4},{"damage":3,"enemies":"2 Louse","floor":4,"turns":2},{"damage":0,"enemies":"Jaw Worm","floor":5,"turns":2},{"damage":12,"enemies":"Lagavulin Event","floor":7,"turns":5},{"damage":0,"enemies":"Gremlin Gang","floor":10,"turns":3},{"damage":13,"enemies":"Gremlin Nob","floor":11,"turns":4},{"damage":26,"enemies":"3 Sentries","floor":13,"turns":5},{"damage":7,"enemies":"Blue Slaver","floor":14,"turns":2},{"damage":1,"enemies":"Slime Boss","floor":16,"turns":7},{"damage":1,"enemies":"Spheric Guardian","floor":18,"turns":4},{"damage":0,"enemies":"2 Thieves","floor":22,"turns":1},{"damage":19,"enemies":"Slavers","floor":24,"turns":5},{"damage":24,"enemies":"Gremlin Leader","floor":27,"turns":4},{"damage":9,"enemies":"Snake Plant","floor":28,"turns":3},{"damage":28,"enemies":"Slavers","floor":30,"turns":4},{"damage":11,"enemies":"Centurion and Healer","floor":31,"turns":3},{"damage":32,"enemies":"Champ","floor":33,"turns":8},{"damage":17,"enemies":"3 Shapes","floor":35,"turns":3},{"damage":11,"enemies":"Orb Walker","floor":36,"turns":3},{"damage":8,"enemies":"4 Shapes","floor":39,"turns":3},{"damage":58,"enemies":"Giant Head","floor":41,"turns":7},{"damage":53,"enemies":"Maw","floor":42,"turns":8},{"damage":93,"enemies":"Reptomancer","floor":44,"turns":6},{"damage":25,"enemies":"Giant Head","floor":47,"turns":7},{"damage":100,"enemies":"Spire Growth","floor":48,"turns":7},{"damage":114,"enemies":"Awakened One","floor":50,"turns":8}],"seed_played":"-2908382401684788831","potions_obtained":[{"floor":4,"key":"Explosive Potion"},{"floor":10,"key":"SmokeBomb"},{"floor":13,"key":"Swift Potion"},{"floor":14,"key":"Explosive Potion"},{"floor":24,"key":"FairyPotion"},{"floor":33,"key":"BloodPotion"},{"floor":36,"key":"EssenceOfSteel"},{"floor":42,"key":"Explosive Potion"},{"floor":44,"key":"SteroidPotion"},{"floor":47,"key":"BloodPotion"},{"floor":48,"key":"Strength Potion"}],"is_trial":false,"path_per_floor":["M","?","$","M","M","R","?","R","T","M","E","$","E","M","R","B",null,"M","$","?","?","M","R","E","?","T","E","M","R","E","M","R","B",null,"M","M","?","?","M","R","E","M","T","E","?","$","E","M","R","B",null],"character_chosen":"IRONCLAD","items_purchased":["Juzu Bracelet","HandDrill","Happy Flower","Lizard Tail","Heavy Blade"],"campfire_rested":5,"item_purchase_floors":[3,12,19,46,46],"current_hp_per_floor":[80,80,80,80,80,80,74,74,74,80,73,73,53,52,76,84,84,87,87,87,70,76,92,82,76,76,58,55,83,64,62,92,66,101,104,104,104,104,104,104,107,80,80,48,97,97,95,29,58,66],"gold":74,"neow_bonus":"","is_daily":true,"chose_seed":false,"campfire_upgraded":3,"win_rate":0.0,"timestamp":1608377183,"path_taken":["M","?","$","M","M","R","?","R","T","M","E","?","E","M","R","BOSS","M","$","?","?","M","R","E","?","T","E","M","R","E","M","R","BOSS","M","M","?","?","M","R","E","M","T","E","?","$","E","M","R","BOSS"],"items_purchased_type":["Relic","Relic","Relic","Relic","Card"],"build_version":"2020-12-13","purchased_purges":1,"victory":true,"max_hp_per_floor":[80,80,80,80,80,80,80,80,80,80,80,80,80,80,80,84,84,87,87,87,92,92,92,95,95,95,95,95,95,98,101,101,101,101,104,104,104,104,104,104,107,107,107,111,97,97,97,97,97,97],"card_choices":[{"not_picked":["Havoc","Body Slam"],"picked":"Sword Boomerang","floor":0},{"not_picked":["Sword Boomerang","Havoc"],"picked":"Shrug It Off","floor":0},{"not_picked":["Flex","Combust"],"picked":"Rampage","floor":0},{"not_picked":["Power Through","Sword Boomerang"],"picked":"Cleave","floor":0},{"not_picked":["Flex","Wild Strike"],"picked":"Thunderclap","floor":0},{"not_picked":["Clash","Cleave"],"picked":"Iron Wave","floor":0},{"not_picked":["Clothesline","Power Through"],"picked":"Thunderclap","floor":0},{"not_picked":["Cleave","Pommel Strike"],"picked":"Evolve","floor":0},{"not_picked":["Twin Strike","Headbutt"],"picked":"Clash","floor":0},{"not_picked":["Headbutt","Pommel Strike"],"picked":"Pummel","floor":0},{"not_picked":["Shockwave","Sword Boomerang"],"picked":"Warcry","floor":0},{"not_picked":["Whirlwind","Blood for Blood"],"picked":"Clash","floor":0},{"not_picked":["Power Through","Clothesline"],"picked":"Battle Trance","floor":0},{"not_picked":["Shrug It Off","Ghostly Armor"],"picked":"Armaments","floor":0},{"not_picked":["Warcry","Pommel Strike"],"picked":"Armaments","floor":0},{"not_picked":["Iron Wave","Blood for Blood"],"picked":"Anger","floor":1},{"not_picked":["Blood for Blood","Sword Boomerang","Cleave"],"picked":"SKIP","floor":4},{"not_picked":["Shrug It Off","Clothesline"],"picked":"Sentinel","floor":5},{"not_picked":["Power Through","Pommel Strike"],"picked":"Anger","floor":7},{"not_picked":["Perfected Strike","Armaments"],"picked":"Sentinel","floor":10},{"not_picked":["Double Tap","Barricade"],"picked":"Berserk","floor":11},{"not_picked":["Berserk","Immolate"],"picked":"Feed","floor":13},{"not_picked":["Uppercut","Sword Boomerang"],"picked":"Metallicize","floor":14},{"not_picked":["Barricade","Juggernaut"],"picked":"Demon Form","floor":16},{"not_picked":["Perfected Strike+1","Sever Soul+1"],"picked":"Iron Wave+1","floor":18},{"not_picked":["Brutality","Exhume"],"picked":"Immolate","floor":24},{"not_picked":["Brutality","Fiend Fire"],"picked":"Limit Break","floor":27},{"not_picked":["Pommel Strike","Clothesline"],"picked":"Seeing Red+1","floor":28},{"not_picked":["Limit Break","Exhume"],"picked":"Berserk","floor":30},{"not_picked":["Anger","Entrench"],"picked":"Flex","floor":31},{"not_picked":["Impervious","Berserk"],"picked":"Reaper","floor":33},{"not_picked":["Disarm+1","Cleave+1"],"picked":"Armaments+1","floor":35},{"not_picked":["Clothesline+1","Evolve+1","Sever Soul+1"],"picked":"SKIP","floor":36},{"not_picked":["Rupture","Clothesline","Blood for Blood"],"picked":"SKIP","floor":39},{"not_picked":["Brutality","Fiend Fire","Bludgeon"],"picked":"SKIP","floor":41},{"not_picked":["Perfected Strike","Cleave","Battle Trance+1"],"picked":"SKIP","floor":42},{"not_picked":["Brutality+1","Limit Break"],"picked":"Barricade+1","floor":44},{"not_picked":["Impervious","Reaper"],"picked":"Juggernaut+1","floor":47},{"not_picked":["Intimidate","Disarm+1","Twin Strike+1"],"picked":"SKIP","floor":48}],"player_experience":730414,"relics_obtained":[{"floor":7,"key":"Calipers"},{"floor":9,"key":"Incense Burner"},{"floor":11,"key":"Vajra"},{"floor":13,"key":"Bottled Flame"},{"floor":24,"key":"Potion Belt"},{"floor":26,"key":"Shuriken"},{"floor":27,"key":"War Paint"},{"floor":30,"key":"Oddly Smooth Stone"},{"floor":41,"key":"White Beast Statue"},{"floor":43,"key":"InkBottle"},{"floor":44,"key":"Frozen Egg 2"},{"floor":47,"key":"Turnip"}],"event_choices":[{"damage_healed":0,"gold_gain":175,"player_choice":"AGREE","damage_taken":0,"max_hp_gain":0,"max_hp_loss":0,"event_name":"Liars Game","floor":2,"gold_loss":0,"cards_obtained":["Doubt"]},{"damage_healed":0,"gold_gain":0,"player_choice":"Searched \u00272\u0027 times","damage_taken":0,"max_hp_gain":0,"max_hp_loss":0,"event_name":"Dead Adventurer","floor":7,"gold_loss":0},{"damage_healed":0,"gold_gain":0,"player_choice":"Upgraded","damage_taken":0,"max_hp_gain":0,"max_hp_loss":0,"event_name":"Upgrade Shrine","floor":20,"gold_loss":0,"cards_upgraded":["Berserk"]},{"damage_healed":0,"gold_gain":0,"player_choice":"Shed Blood","damage_taken":22,"max_hp_gain":5,"max_hp_loss":0,"event_name":"Forgotten Altar","floor":21,"gold_loss":0},{"damage_healed":0,"gold_gain":0,"player_choice":"Joined the Cult","damage_taken":6,"max_hp_gain":0,"max_hp_loss":0,"event_name":"Nest","floor":25,"gold_loss":0,"cards_obtained":["RitualDagger"]},{"cards_removed":["Anger"],"damage_healed":0,"gold_gain":0,"player_choice":"Removed Attack","damage_taken":0,"max_hp_gain":0,"max_hp_loss":0,"event_name":"Falling","floor":37,"gold_loss":0},{"damage_healed":0,"gold_gain":0,"player_choice":"Ignored","damage_taken":0,"max_hp_gain":0,"max_hp_loss":0,"event_name":"Tomb of Lord Red Mask","floor":38,"gold_loss":0},{"damage_healed":97,"gold_gain":0,"player_choice":"Heal","damage_taken":0,"max_hp_gain":0,"max_hp_loss":14,"event_name":"The Moai Head","floor":45,"gold_loss":0}],"is_beta":false,"boss_relics":[{"not_picked":["Snecko Eye","Velvet Choker"],"picked":"SlaversCollar"},{"not_picked":["Calling Bell","Black Star"],"picked":"Black Blood"}],"items_purged_floors":[12],"is_endless":false,"potions_floor_spawned":[4,10,13,14,22,24,33,36,42,44,47,48],"ascension_level":0}}