{"host":"yfjjw6nzi6ujtde1","time":1608349979,"event":{"mods":["2.2 Compatiblity","Act Like it!","BaseMod","Better Match","Colored Powertips","Downfall","Friendly Minions","Gensokyo","Hallownest","HololiveMod","Koishi","Marisa（F雨　魔理沙）","Minty Spire (QoL Compilation)","Quick Restart","Rare Cards Sparkle","Replay The Spire","StSLib","Td1madao Mod","The Gatherer","The Runesmith","The Senshi","The Servant 0.9.4","WarShipGirlsR/战舰少女R mod"],"gold_per_floor":[113,38,48,48,72,72,100,25,25,25,25,25,39,56,73,89,89,186,186,199,199,209,226,106,106,6,6,61,61,61,61,61,148,148,243,543,462,0,0,0,18,35,66,66,78,119,131,163,187,199,211,257,269,281],"floor_reached":55,"playtime":3502,"items_purged":["Pain","Halt"],"score":903,"play_id":"450a6e15-8d40-416b-ba66-0207a8618dd7","local_time":"20201219115259","is_ascension_mode":false,"campfire_choices":[{"data":"Eruption","floor":6.0,"key":"SMITH"},{"data":"Blasphemy","floor":17.0,"key":"SMITH"},{"floor":25.0,"key":"DIG"},{"floor":27.0,"key":"DIG"},{"floor":30.0,"key":"DIG"},{"floor":34.0,"key":"DIG"},{"floor":44,"key":"DIG"},{"floor":53,"key":"DIG"}],"circlet_count":0,"master_deck":["Strike_P","Strike_P","Strike_P","Strike_P","Defend_P","Defend_P","Defend_P","Defend_P","Eruption+1","Vigilance","FearNoEvil+1","Omniscience+1","Replay:LoomingThreat+1","Devotion+1","Prostrate","SpiritShield","EmptyFist","Protect","Blasphemy+1","Pray","DeusExMachina","CurseOfTheBell","Replay:Vibes+1","Crescendo","Gensokyo:MenInBlack","Consecrate","Replay:LoomingThreat","CurseOfTheBell","Looming Evil","BowlingBash","DeusExMachina","Looming Evil"],"relics":["PureWater","NeowsBlessing","Gensokyo:LunaticRedEyes","Lantern","FossilizedHelix","Juzu Bracelet","Calling Bell","Strawberry","Replay:Accelerometer","Shovel","Gensokyo:SpiderMask","Whetstone","Akabeko","Pet Ghost","Bag of Preparation","ReplayTheSpireMod:Lightbulb","Dream Catcher","Replay:Ancient Bell","Simple Rune","Runesmith:Nanobots","Old Coin","Red Mask","Garlic","MawBank","Mirror","ReplayFunnel","Ring of Panic","Ring of Peace","Runesmith:AutoHammer","Replay:Bottled Steam"],"acts_visited":["Gensokyo:Gensokyo","Gensokyo:Gensokyoer","TheBeyond"],"potions_floor_usage":[35,35,35,54],"damage_taken":[{"damage":0.0,"enemies":"Gensokyo:3_Fairies","floor":1.0,"turns":1.0},{"damage":0.0,"enemies":"Gensokyo:Python","floor":3.0,"turns":1.0},{"damage":0.0,"enemies":"Gensokyo:Cirno","floor":7.0,"turns":2.0},{"damage":0.0,"enemies":"Gensokyo:2_Kodama","floor":13.0,"turns":4.0},{"damage":0.0,"enemies":"Gensokyo:LivingMonolith","floor":14.0,"turns":2.0},{"damage":0.0,"enemies":"Gensokyo:3_Kodama","floor":15.0,"turns":4.0},{"damage":0.0,"enemies":"Gensokyo:2_Rabbits","floor":16.0,"turns":5.0},{"damage":68.0,"enemies":"Gensokyo:Reimu","floor":18.0,"turns":14.0},{"damage":0.0,"enemies":"Gensokyo:CosmicMonolith","floor":20.0,"turns":6.0},{"damage":0.0,"enemies":"Gensokyo:AngelMirror","floor":22.0,"turns":4.0},{"damage":0.0,"enemies":"Gensokyo:Chomper_and_Gloop","floor":23.0,"turns":6.0},{"damage":7,"enemies":"Gensokyo:Eiki","floor":35,"turns":9},{"damage":0,"enemies":"Orb Walker","floor":37,"turns":2},{"damage":0,"enemies":"3 Shapes","floor":41,"turns":5},{"damage":6,"enemies":"3 Darklings","floor":42,"turns":6},{"damage":0,"enemies":"R_Hoarder","floor":43,"turns":5},{"damage":0,"enemies":"Nemesis","floor":46,"turns":3},{"damage":0,"enemies":"Writhing Mass","floor":48,"turns":5},{"damage":6,"enemies":"Spire Growth","floor":49,"turns":5},{"damage":0,"enemies":"R_Hoarder","floor":52,"turns":5},{"damage":5,"enemies":"Awakened One","floor":54,"turns":10}],"seed_played":"-3056716366944178095","potions_obtained":[{"floor":3.0,"key":"ColorlessPotion"},{"floor":13.0,"key":"Block Potion"},{"floor":15.0,"key":"LiquidBronze"},{"floor":18.0,"key":"Block Potion"},{"floor":22.0,"key":"BlessingOfTheForge"},{"floor":41,"key":"Weak Potion"},{"floor":42,"key":"PowerPotion"},{"floor":43,"key":"Slimebound:ThreeZeroPotion"}],"is_trial":false,"path_per_floor":["M","?","M","?","T","R","E","$","T","PTL","PTL","?","M","M","M","M","R","B",null,"M","?","M","M","?","R","$","R","T","?","R","?","$","?","R","B",null,"M","?","?","?","M","M","E","R","T","E","?","M","M","PTL","PTL","E","R","B",null],"character_chosen":"WATCHER","items_purchased":[],"campfire_rested":0,"item_purchase_floors":[],"current_hp_per_floor":[72,72,72,72,72,72,72,72,72,72,72,72,72,72,72,72,72,4,79,79,79,79,79,79,79,79,79,79,79,79,72,72,44,44,37,72,72,72,68,68,68,62,62,62,62,62,62,62,56,56,56,56,56,51],"gold":293,"neow_bonus":"THREE_ENEMY_KILL","is_daily":false,"chose_seed":false,"campfire_upgraded":2,"win_rate":0.0,"timestamp":1608349979,"path_taken":["M","?","M","?","?","R","E","$","T","PTL","PTL","?","M","M","M","M","R","BOSS","M","?","M","M","?","R","?","R","T","?","R","?","$","?","R","BOSS","M","?","?","?","M","M","E","R","T","E","?","M","M","PTL","PTL","E","R","BOSS"],"items_purchased_type":[],"build_version":"2020-12-13","purchased_purges":2,"victory":true,"max_hp_per_floor":[72,72,72,72,72,72,72,72,72,72,72,72,72,72,72,72,72,72,79,79,79,79,79,79,79,79,79,79,79,79,72,72,72,72,72,72,72,72,68,68,68,68,68,68,68,68,68,68,68,68,68,68,68,68],"card_choices":[{"not_picked":["FlyingSleeves","CrushJoints"],"picked":"FearNoEvil","floor":1.0},{"not_picked":["Judgement+1","SpiritShield+1"],"picked":"Omniscience+1","floor":2.0},{"not_picked":["Blasphemy+1","Vault+1"],"picked":"Replay:LoomingThreat+1","floor":2.0},{"not_picked":["Replay:AllIn+1","ConjureBlade+1"],"picked":"Devotion+1","floor":2.0},{"not_picked":["LikeWater","Adaptation"],"picked":"Prostrate","floor":3.0},{"not_picked":["Replay:BluntJabs","CutThroughFate"],"picked":"SpiritShield","floor":7.0},{"not_picked":["Replay:BluntJabs","PathToVictory"],"picked":"EmptyFist","floor":12.0},{"not_picked":["Wireheading","Replay:BluntJabs"],"picked":"Halt","floor":12.0},{"not_picked":["Replay:ManipulateFuture","EmptyMind"],"picked":"Protect","floor":13.0},{"not_picked":["Replay:Cycle","FlurryOfBlows"],"picked":"Blasphemy","floor":14.0},{"not_picked":["CrushJoints","SashWhip"],"picked":"Pray","floor":15.0},{"not_picked":["Fasting2","CarveReality","FollowUp"],"picked":"SKIP","floor":16.0},{"not_picked":["LessonLearned","Ragnarok"],"picked":"DeusExMachina","floor":18.0},{"not_picked":["Replay:Vibes","Tantrum+1","Wireheading"],"picked":"SKIP","floor":20.0},{"not_picked":["PathToVictory+1","Prostrate"],"picked":"Replay:Vibes+1","floor":22.0},{"not_picked":["EmptyBody","Protect"],"picked":"Crescendo","floor":23.0},{"not_picked":["Gensokyo:TurboGranny","Gensokyo:HAARP"],"picked":"Gensokyo:MenInBlack","floor":31.0},{"not_picked":["Replay:ManipulateFuture","Study"],"picked":"Consecrate","floor":33.0},{"not_picked":["Alpha","SpiritShield"],"picked":"Replay:LoomingThreat","floor":35},{"not_picked":["Replay:Sluggish","Slimebound:Icky"],"picked":"ReplayTheSpireMod:IOU","floor":36},{"not_picked":["Overencumbered","Hololive_RevenueRecovery"],"picked":"CurseOfTheBell","floor":36},{"not_picked":["Delirium","hexamod:Haunted"],"picked":"Looming Evil","floor":36},{"not_picked":["Evaluate+1","Crescendo","Meditate+1"],"picked":"SKIP","floor":37},{"not_picked":[],"picked":"BowlingBash","floor":40},{"not_picked":[],"picked":"DeusExMachina","floor":40},{"not_picked":["WreathOfFlame","ConjureBlade","EmptyFist"],"picked":"SKIP","floor":41},{"not_picked":["EmptyFist+1","Replay:AtTheReady","EmptyBody+1"],"picked":"SKIP","floor":42},{"not_picked":["Study","Replay:ManipulateFuture+1","Replay:Vibes"],"picked":"SKIP","floor":43},{"not_picked":["JustLucky+1","WreathOfFlame","TalkToTheHand"],"picked":"SKIP","floor":46},{"not_picked":["WheelKick","SashWhip","SandsOfTime"],"picked":"SKIP","floor":48},{"not_picked":["Conclude","Sanctity","CutThroughFate"],"picked":"SKIP","floor":49},{"not_picked":["ClearTheMind","JustLucky","Study"],"picked":"SKIP","floor":52}],"player_experience":161143,"relics_obtained":[{"floor":5.0,"key":"Lantern"},{"floor":7.0,"key":"FossilizedHelix"},{"floor":9.0,"key":"Juzu Bracelet"},{"floor":19.0,"key":"Strawberry"},{"floor":19.0,"key":"Replay:Accelerometer"},{"floor":19.0,"key":"Shovel"},{"floor":25.0,"key":"Whetstone"},{"floor":27.0,"key":"Akabeko"},{"floor":28.0,"key":"Pet Ghost"},{"floor":30.0,"key":"Bag of Preparation"},{"floor":33.0,"key":"ReplayTheSpireMod:Lightbulb"},{"floor":34.0,"key":"Dream Catcher"},{"floor":43,"key":"Garlic"},{"floor":44,"key":"MawBank"},{"floor":45,"key":"Mirror"},{"floor":46,"key":"ReplayFunnel"},{"floor":47,"key":"Ring of Panic"},{"floor":47,"key":"Ring of Peace"},{"floor":52,"key":"Runesmith:AutoHammer"},{"floor":53,"key":"Replay:Bottled Steam"}],"event_choices":[{"damage_healed":0.0,"max_hp_gain":0.0,"max_hp_loss":0.0,"gold_gain":0.0,"event_name":"betterMatch:BetterMatch","player_choice":"3","floor":2.0,"gold_loss":0.0,"damage_taken":0.0,"cards_obtained":["betterMatch:RareCard"]},{"damage_healed":0,"gold_gain":0,"player_choice":"Paid","damage_taken":0,"relics_obtained":["Red Mask"],"max_hp_gain":0,"max_hp_loss":0,"event_name":"Tomb of Lord Red Mask","floor":38,"gold_loss":462},{"damage_healed":0,"gold_gain":0,"player_choice":"Max HP","damage_taken":0,"max_hp_gain":0,"max_hp_loss":4,"event_name":"Winding Halls","floor":39,"gold_loss":0}],"is_beta":false,"boss_relics":[{"not_picked":["ReplayTheSpireMod:DimensionalGlitch","Busted Crown"],"picked":"Calling Bell"},{"not_picked":["Astrolabe","Hololive_ChaosS"],"picked":"Replay:Ancient Bell"},{"not_picked":["Ancient Tea Set","Replay:Mystery Machine"],"picked":"Simple Rune"},{"not_picked":["theSenshi:FeatherClipsRelic","Yang"],"picked":"Runesmith:Nanobots"},{"not_picked":["Gambling Chip","Replay:Towering Pillar of Hats"],"picked":"Old Coin"}],"items_purged_floors":[8,26],"is_endless":false,"potions_floor_spawned":[3,13,15,18,20,22,41,42,43,49],"ascension_level":0}}