{"host":"vb5dgh04hi6ixelx","time":1608395601,"event":{"mods":["Act Like it!","BaseMod","Colored Map","Downfall","GifTheSpireLib","Gremlin Mod","Hallownest","HexUI Lib","Infinite Spire","Minty Spire (QoL Compilation)","Replay The Spire","StSLib","The Animator","The Factory","The Gatherer","The Jungle","The Spell Scribe"],"gold_per_floor":[99,116,151,151,151,180,203,203,235,235,235,69,87,87,98,196,196,196,212,544,558,592,592,592,592,623,633,649,649,661,661,672,767,767,767,785,816,816,830,865,891,926,245,273,323,323,334,72,82,181,181,181,209,209,209,244,244,244,244,254,289,289,46,46,46,57,155,155,155,214,414,447,447,100,127,153,153,153,153],"floor_reached":78,"playtime":4272,"items_purged":["Regret"],"score":1767,"play_id":"052aebc5-01b1-4b73-a4dd-477beda6cdfe","local_time":"20201219163321","is_ascension_mode":true,"campfire_choices":[{"data":"Slimebound:CorrosiveSpit","floor":1,"key":"SMITH"},{"data":"Slimebound:MassFeed","floor":4,"key":"SMITH"},{"data":"Slimebound:SamplingLick","floor":8,"key":"SMITH"},{"data":"1","floor":10,"key":"LIFT"},{"data":"2","floor":18,"key":"LIFT"},{"data":"Slimebound:SlimeBrawl","floor":25,"key":"PURGE"},{"data":"3","floor":35,"key":"LIFT"},{"data":"Replay:Fractal Strike","floor":38,"key":"SMITH"},{"data":"Slimebound:LivingWall+1","floor":52,"key":"PURGE"},{"data":"Slimebound:Recycling","floor":55,"key":"PURGE"},{"data":"Slimebound:Prepare","floor":59,"key":"PURGE"},{"data":"Slimebound:SlimeTap","floor":69,"key":"PURGE"},{"data":"Slimebound:GoopTackle","floor":73,"key":"SMITH"},{"data":"Slimebound:Chomp+1","floor":77,"key":"PURGE"}],"circlet_count":0,"master_deck":["Slimebound:Strike_Slimebound","Slimebound:Strike_Slimebound+1","Slimebound:Strike_Slimebound","Slimebound:Tackle+1","Slimebound:Defend_Slimebound+1","Slimebound:Defend_Slimebound","Slimebound:Defend_Slimebound+1","Slimebound:Defend_Slimebound+1","Slimebound:Split","Slimebound:CorrosiveSpit+1","Slimebound:SplitBruiser","Slimebound:MassFeed+1","Slimebound:SamplingLick+1","Slimebound:SplitLeeching","Slimebound:SlimeSpikes","Slimebound:FirmFortitude+1","Slimebound:DisruptingSlam+1","Slimebound:SlimeBrawl+1","Slimebound:Teamwork+1","Slimebound:SamplingLick+1","Slimebound:HungryTackle","AbeCurse","Replay:Fractal Strike+1","Slimebound:Nibble","Slimebound:GoopTackle+1","Slimebound:Teamwork+1","Slimebound:ForwardTackle+1","Slimebound:LeechEnergy","Slimebound:SamplingLick+1","Slimebound:SamplingLick+1","ReplayTheSpireMod:Private Reserves+1","Slimebound:SlimeTap+1","Slimebound:Nibble+1","Slimebound:SamplingLick+1","Slimebound:LeadByExample+1","Slimebound:HauntingLick+1","Slimebound:RollThrough+1","Slimebound:Teamwork+1","Slimebound:SlimeBarrage+1","Slimebound:RejuvenatingLick+1","Slimebound:ComboTackle+1","Slimebound:RejuvenatingLick+1","infinitespire:Menacing+1","infinitespire:Punishment+1","Doubt","Slimebound:ComboTackle+1","Slimebound:DouseInSlime+1","Slimebound:ComboTackle+1","Slimebound:SlimeTap+1","Slimebound:SamplingLick+1"],"relics":["Slimebound:AbsorbEndCombat","Slimebound:ScrapOozeRelic","ReplayTheSpireMod:TigerMarble","Replay:Mystery Machine","Girya","Bag of Preparation","Quantum Egg","Replay:Fungal Core","Old Coin","Toxic Egg 2","MutagenicStrength","Anchor","ReplayTheSpireMod:Ninjato","Abe\u0027s Treasure","ReplayFunnel","SlaversCollar","infinitespire:Bottled Soul","Whetstone","MealTicket","Bottled Lightning","Molten Egg 2","Ginger","Lee\u0027s Waffle","Blue Doll","Bird Faced Urn","Eternal Feather","Replay:Bronze Core","Vajra","Art of War","WingedGreaves","infinitespire:CheckeredPen","Ring of Hypnosis","Black Star","Membership Card","Juzu Bracelet","Slimebound:MaxSlimesRelic"],"acts_visited":["Exordium","TheCity","TheBeyond","Exordium","TheCity"],"potions_floor_usage":[9,32,32,78,78,78],"damage_taken":[{"damage":8,"enemies":"2 Louse","floor":2,"turns":2},{"damage":38,"enemies":"3 Sentries","floor":3,"turns":7},{"damage":19,"enemies":"Gremlin Nob","floor":6,"turns":3},{"damage":25,"enemies":"3 Sentries","floor":9,"turns":5},{"damage":16,"enemies":"downfall:FleeingMerchant","floor":12,"turns":4},{"damage":14,"enemies":"Small Slimes","floor":13,"turns":2},{"damage":9,"enemies":"Jaw Worm","floor":15,"turns":3},{"damage":25,"enemies":"downfall:Silent","floor":16,"turns":6},{"damage":18,"enemies":"Shell Parasite","floor":19,"turns":3},{"damage":41,"enemies":"Nightmare","floor":20,"turns":9},{"damage":1,"enemies":"3 Byrds","floor":21,"turns":3},{"damage":23,"enemies":"Book of Stabbing","floor":22,"turns":5},{"damage":8,"enemies":"Slavers","floor":26,"turns":3},{"damage":8,"enemies":"Cultist and Chosen","floor":27,"turns":3},{"damage":9,"enemies":"Shelled Parasite and Fungi","floor":28,"turns":2},{"damage":4,"enemies":"Snake Plant","floor":30,"turns":1},{"damage":0,"enemies":"Centurion and Healer","floor":32,"turns":2},{"damage":7,"enemies":"downfall:Ironclad","floor":33,"turns":4},{"damage":4,"enemies":"Orb Walker","floor":36,"turns":1},{"damage":19,"enemies":"Reptomancer","floor":37,"turns":5},{"damage":12,"enemies":"3 Darklings","floor":39,"turns":2},{"damage":51,"enemies":"Nightmare","floor":40,"turns":4},{"damage":5,"enemies":"R_Hoarder","floor":42,"turns":4},{"damage":13,"enemies":"downfall:FleeingMerchant","floor":43,"turns":3},{"damage":4,"enemies":"Reptomancer","floor":44,"turns":2},{"damage":4,"enemies":"Mind Bloom Boss Battle","floor":45,"turns":3},{"damage":0,"enemies":"Spire Growth","floor":47,"turns":3},{"damage":0,"enemies":"Sphere and 2 Shapes","floor":49,"turns":1},{"damage":13,"enemies":"downfall:Defect","floor":50,"turns":4},{"damage":8,"enemies":"Gremlin Nob","floor":53,"turns":2},{"damage":89,"enemies":"Nightmare","floor":56,"turns":6},{"damage":4,"enemies":"Small Slimes","floor":60,"turns":1},{"damage":0,"enemies":"Gremlin Nob","floor":61,"turns":1},{"damage":0,"enemies":"Jaw Worm","floor":66,"turns":1},{"damage":0,"enemies":"Hexaghost","floor":67,"turns":2},{"damage":0,"enemies":"Hexaghost","floor":71,"turns":2},{"damage":4,"enemies":"Slavers","floor":72,"turns":1},{"damage":13,"enemies":"Gremlin Leader","floor":75,"turns":2},{"damage":12,"enemies":"Book of Stabbing","floor":76,"turns":3},{"damage":148,"enemies":"Nightmare_Alpha","floor":78,"turns":5}],"seed_played":"1912904776993692239","potions_obtained":[{"floor":6,"key":"SteroidPotion"},{"floor":15,"key":"SpeedPotion"},{"floor":19,"key":"Adrenaline Potion"},{"floor":27,"key":"FearPotion"},{"floor":33,"key":"SkillPotion"},{"floor":37,"key":"LifebloodPotion"},{"floor":39,"key":"LiquidMemories"},{"floor":56,"key":"hexamod:EctoCoolerPotion"}],"is_trial":false,"path_per_floor":["R","M","E","R","?","E","T","R","E","R","?","$","M","T","M","B",null,"R","M","NM","M","E","?","T","R","E","M","M","AVR","M","?","M","B",null,"R_BF","M","E","R","M","NM","T","E","$","E","?","?","M","$","M","B",null,"R","E","?","R","NM","?","T","R","M","E","AVR","$","?","$","M","B",null,"R","?","?","E","R","$","E","E","R","NM"],"character_chosen":"SLIMEBOUND","items_purchased":["Bag of Preparation","ReplayTheSpireMod:Private Reserves+1","Molten Egg 2","Ginger","Lee\u0027s Waffle","Slimebound:SlimeTap+1","Slimebound:Nibble+1","Eternal Feather","infinitespire:CheckeredPen","Membership Card","Juzu Bracelet","Slimebound:MaxSlimesRelic"],"campfire_rested":0,"item_purchase_floors":[12,43,43,43,43,43,43,48,63,74,74,74],"current_hp_per_floor":[66,65,39,39,39,40,40,40,31,31,31,45,55,55,58,61,70,70,68,47,70,67,67,67,67,78,82,82,82,82,82,86,84,86,86,90,94,94,88,50,50,77,101,101,101,101,101,101,101,92,101,101,101,101,101,52,52,52,76,98,105,105,105,105,105,105,105,105,105,63,93,109,109,109,109,109,109,0,0],"gold":153,"neow_bonus":"TEN_PERCENT_HP_BONUS","is_daily":false,"chose_seed":false,"campfire_upgraded":5,"win_rate":0.0,"timestamp":1608395601,"path_taken":["R","M","E","R","?","E","T","R","E","R","?","$","M","?","M","BOSS","R","M","NM","M","E","?","T","R","E","M","M","AVR","M","?","M","BOSS","R_BF","M","E","R","M","NM","T","E","?","E","?","?","?","$","M","BOSS","R","E","?","R","NM","?","T","R","M","E","AVR","$","?","?","M","BOSS","R","?","?","E","R","?","E","E","R","NM"],"items_purchased_type":["Relic","Card","Relic","Relic","Relic","Card","Card","Relic","Relic","Relic","Relic","Relic"],"build_version":"2020-12-13","purchased_purges":1,"victory":false,"max_hp_per_floor":[66,66,66,66,66,66,66,66,66,66,66,66,70,70,70,70,70,70,70,70,74,74,74,74,74,78,82,82,82,82,82,86,86,86,86,90,94,94,94,94,94,94,101,101,101,101,101,101,101,101,101,101,101,101,101,101,101,101,101,101,105,105,105,105,105,105,105,105,105,105,105,109,109,109,109,109,109,109,109],"card_choices":[{"not_picked":["Slimebound:SplitLeeching","Slimebound:SlimeSpikes"],"picked":"Slimebound:SplitBruiser","floor":2},{"not_picked":["Slimebound:PressTheAttack","Slimebound:FormOfPuddle"],"picked":"Slimebound:MassFeed","floor":3},{"not_picked":["Slimebound:MassRepurpose","Slimebound:FlameTackle"],"picked":"Slimebound:SamplingLick","floor":6},{"not_picked":["Slimebound:Chomp","Slimebound:Prepare"],"picked":"Slimebound:SplitLeeching","floor":9},{"not_picked":["Slimebound:Grow","Slimebound:ViciousTackle"],"picked":"Slimebound:Prepare","floor":12},{"not_picked":["Slimebound:Replication","Slimebound:RollThrough"],"picked":"Slimebound:SlimeBrawl","floor":13},{"not_picked":["Slimebound:FlameTackle","Slimebound:GoopSpray"],"picked":"Slimebound:SlimeSpikes","floor":15},{"not_picked":["Slimebound:RollThrough","Slimebound:SlimeBrawl"],"picked":"Slimebound:FirmFortitude+1","floor":19},{"not_picked":["Slimebound:ProtectTheBoss","Slimebound:LeechEnergy"],"picked":"Slimebound:DisruptingSlam+1","floor":20},{"not_picked":["Slimebound:SlimeBarrage","Slimebound:Recollect"],"picked":"Slimebound:SlimeTap","floor":21},{"not_picked":["Slimebound:SplitAcid+1","Slimebound:Repurpose+1"],"picked":"Slimebound:SlimeBrawl+1","floor":22},{"not_picked":["Slimebound:Chomp+1","Slimebound:ViciousTackle"],"picked":"Slimebound:Teamwork+1","floor":26},{"not_picked":["Slimebound:FlameTackle","Slimebound:ProtectTheBoss"],"picked":"Slimebound:SamplingLick+1","floor":27},{"not_picked":["Slimebound:Replication+1","Slimebound:GrowthPunch"],"picked":"Slimebound:HungryTackle","floor":28},{"not_picked":["Slimebound:GoopSpray+1","Slimebound:FinishingTackle"],"picked":"Slimebound:Nibble","floor":30},{"not_picked":["Slimebound:SamplingLick+1","Slimebound:SpikyOuterGoop+1"],"picked":"Slimebound:GoopTackle","floor":32},{"not_picked":["Slimebound:MassRepurpose+1","Slimebound:MinionMaster"],"picked":"Slimebound:Teamwork+1","floor":33},{"not_picked":["Slimebound:FirmFortitude","Slimebound:FormOfPuddle+1"],"picked":"Slimebound:LivingWall+1","floor":36},{"not_picked":["Slimebound:Replication+1","Slimebound:Repurpose+1"],"picked":"Slimebound:ForwardTackle+1","floor":37},{"not_picked":["Slimebound:SplitMire+1","Slimebound:ComboTackle+1"],"picked":"Slimebound:LeechEnergy","floor":39},{"not_picked":["Slimebound:SplitBruiser+1","Slimebound:Grow+1"],"picked":"Slimebound:SamplingLick+1","floor":40},{"not_picked":["Slimebound:SelfFormingGoo","Slimebound:ComboTackle"],"picked":"Slimebound:SamplingLick+1","floor":42},{"not_picked":["Slimebound:Replication+1","Slimebound:SamplingLick+1"],"picked":"Slimebound:Recycling","floor":43},{"not_picked":["Slimebound:SplitBruiser+1","Slimebound:FinishingTackle+1"],"picked":"Slimebound:SamplingLick+1","floor":44},{"not_picked":["Slimebound:ViciousTackle+1","Slimebound:SplitLeeching+1"],"picked":"Slimebound:LeadByExample+1","floor":45},{"not_picked":["Slimebound:GrowthPunch+1","Slimebound:SamplingLick+1"],"picked":"Slimebound:HauntingLick+1","floor":47},{"not_picked":["Slimebound:LeechingTouch+1","Slimebound:Schlurp+1"],"picked":"Slimebound:RollThrough+1","floor":49},{"not_picked":["Slimebound:PrepareCrush+1","Slimebound:MinionMaster"],"picked":"Slimebound:Teamwork+1","floor":50},{"not_picked":["Slimebound:SlimeSpikes+1","Slimebound:PressTheAttack+1"],"picked":"Slimebound:SlimeBarrage+1","floor":53},{"not_picked":["Slimebound:Replication+1","Slimebound:Repurpose+1"],"picked":"Slimebound:RejuvenatingLick+1","floor":56},{"not_picked":["Slimebound:Schlurp+1","Slimebound:FlameTackle+1"],"picked":"Slimebound:ComboTackle+1","floor":60},{"not_picked":["Slimebound:LeadByExample","Slimebound:Chomp+1"],"picked":"Slimebound:RejuvenatingLick+1","floor":61},{"not_picked":["Slimebound:LeadByExample","Slimebound:GoopSpray+1"],"picked":"Slimebound:ComboTackle+1","floor":66},{"not_picked":["Slimebound:WasteNot+1","Slimebound:LeechLife+1"],"picked":"Slimebound:DouseInSlime+1","floor":67},{"not_picked":["Slimebound:FinishingTackle+1","Slimebound:Recollect+1"],"picked":"Slimebound:ComboTackle+1","floor":70},{"not_picked":["Slimebound:SlimeSpikes+1","Slimebound:SplitBruiser+1"],"picked":"Slimebound:SlimeTap+1","floor":72},{"not_picked":["Slimebound:ProtectTheBoss+1","Slimebound:SplitAcid+1"],"picked":"Slimebound:SamplingLick+1","floor":75},{"not_picked":["Slimebound:Grow","Slimebound:LivingWall+1"],"picked":"Slimebound:Chomp+1","floor":76}],"player_experience":1118706,"relics_obtained":[{"floor":3,"key":"Slimebound:AggressiveSlimeRelic"},{"floor":6,"key":"ReplayTheSpireMod:TigerMarble"},{"floor":7,"key":"Replay:Mystery Machine"},{"floor":9,"key":"Girya"},{"floor":14,"key":"Quantum Egg"},{"floor":20,"key":"Old Coin"},{"floor":22,"key":"Toxic Egg 2"},{"floor":24,"key":"Anchor"},{"floor":26,"key":"ReplayTheSpireMod:Ninjato"},{"floor":37,"key":"infinitespire:Bottled Soul"},{"floor":40,"key":"Whetstone"},{"floor":41,"key":"MealTicket"},{"floor":42,"key":"Bottled Lightning"},{"floor":44,"key":"Blue Doll"},{"floor":45,"key":"Bird Faced Urn"},{"floor":58,"key":"Art of War"},{"floor":64,"key":"Ring of Hypnosis"}],"event_choices":[{"damage_healed":0,"gold_gain":0,"player_choice":"Inject Mutagens","damage_taken":0,"relics_obtained":["MutagenicStrength"],"max_hp_gain":0,"max_hp_loss":0,"event_name":"Drug Dealer","floor":23,"gold_loss":0},{"damage_healed":0,"gold_gain":0,"player_choice":"Got Potions","damage_taken":0,"max_hp_gain":0,"max_hp_loss":0,"event_name":"Lab","floor":31,"gold_loss":0},{"damage_healed":0,"gold_gain":0,"player_choice":"Box","damage_taken":0,"relics_obtained":["Vajra"],"max_hp_gain":0,"max_hp_loss":0,"event_name":"Big Fish","floor":54,"gold_loss":0,"cards_obtained":["Regret"]},{"cards_removed":["Regret"],"damage_healed":0,"gold_gain":0,"player_choice":"Card Removal","damage_taken":0,"max_hp_gain":0,"max_hp_loss":0,"event_name":"The Cleric","floor":57,"gold_loss":0}],"is_beta":false,"boss_relics":[{"not_picked":["Pandora\u0027s Box","Runic Pyramid"],"picked":"Replay:Fungal Core"},{"not_picked":["Calling Bell","Kintsugi"],"picked":"SlaversCollar"},{"not_picked":["Astrolabe","Fusion Hammer"],"picked":"Replay:Bronze Core"},{"not_picked":["Busted Crown","ReplayTheSpireMod:DimensionalGlitch"],"picked":"Black Star"}],"items_purged_floors":[43],"is_endless":true,"potions_floor_spawned":[6,15,19,27,30,33,37,39,40,44,56,60,75],"killed_by":"Nightmare_Alpha","ascension_level":1}}