{"host":"61r95uy0hn86b9iu","time":1608344324,"event":{"mods":["AchievementEnabler","BaseMod","Better Vampires","BetterRewards","Colored Powertips","Hubris","Minty Spire (QoL Compilation)","Shop Mod","StSLib"],"gold_per_floor":[111,111,124,124,144,144,144],"floor_reached":6,"playtime":290,"items_purged":[],"score":68,"play_id":"f9ad6342-f483-4621-9a23-b958988bea1e","local_time":"20201218201844","is_ascension_mode":true,"campfire_choices":[],"circlet_count":0,"master_deck":["AscendersBane","Strike_G","Strike_G","Strike_G","Strike_G","Strike_G","Defend_G","Defend_G","Defend_G","Defend_G","Defend_G","Survivor","Neutralize","Caltrops","Apotheosis+1","Backflip+1","Caltrops","Acrobatics+1","Regret","hubris:SlightOfHand+1"],"relics":["Ring of the Snake","Toxic Egg 2","Boot","Ancient Tea Set"],"acts_visited":["Exordium"],"potions_floor_usage":[6,6],"damage_taken":[{"damage":1.0,"enemies":"Small Slimes","floor":1.0,"turns":3.0},{"damage":2.0,"enemies":"2 Louse","floor":3.0,"turns":3.0},{"damage":4.0,"enemies":"Cultist","floor":5.0,"turns":4.0},{"damage":50,"enemies":"Gremlin Nob","floor":6,"turns":4}],"seed_played":"-7121048734796431751","potions_obtained":[{"floor":3.0,"key":"SpeedPotion"},{"floor":5.0,"key":"LiquidMemories"}],"is_trial":false,"path_per_floor":["M","?","M","?","M","E"],"character_chosen":"THE_SILENT","items_purchased":["Toxic Egg 2","Caltrops","Apotheosis+1","Backflip+1","Caltrops","Dexterity Potion","Block Potion"],"campfire_rested":0,"item_purchase_floors":[0,0,0,0,0,0,0],"current_hp_per_floor":[44,44,42,42,38,0,0],"gold":144,"neow_bonus":"","is_daily":false,"chose_seed":false,"campfire_upgraded":0,"win_rate":0.0,"timestamp":1608344324,"path_taken":["M","?","M","?","?","E"],"items_purchased_type":["Relic","Card","Card","Card","Card","Potion","Potion"],"build_version":"2020-12-13","purchased_purges":0,"victory":false,"max_hp_per_floor":[66,66,66,66,66,66,66],"card_choices":[{"not_picked":["Backflip+1","Dagger Spray"],"picked":"Acrobatics+1","floor":1.0},{"not_picked":["Poisoned Stab","Backstab","Flying Knee"],"picked":"SKIP","floor":3.0},{"not_picked":["Accuracy","Quick Slash"],"picked":"hubris:SlightOfHand+1","floor":5.0}],"player_experience":3161842,"relics_obtained":[],"event_choices":[{"damage_healed":0.0,"max_hp_gain":0.0,"max_hp_loss":0.0,"gold_gain":0.0,"event_name":"Big Fish","player_choice":"Box","floor":2.0,"gold_loss":0.0,"damage_taken":0.0,"relics_obtained":["Boot"],"cards_obtained":["Regret"]},{"damage_healed":0.0,"max_hp_gain":0.0,"max_hp_loss":0.0,"gold_gain":0.0,"event_name":"WeMeetAgain","player_choice":"Gave Potion","floor":4.0,"gold_loss":0.0,"damage_taken":0.0,"relics_obtained":["Ancient Tea Set"]}],"is_beta":false,"boss_relics":[],"items_purged_floors":[],"is_endless":false,"potions_floor_spawned":[3,5],"killed_by":"Gremlin Nob","ascension_level":18}}