{"host":"hmewrr9ui4ifip3x","time":1608376167,"event":{"mods":["AchievementEnabler","Act Like it!","Ascension Reborn","Aspiration","BaseMod","Better Note","BetterRewards","Block Reminder","Colored Map","Colored Powertips","Defuse TimeMaze Blight","Gensokyo","Gremlin Skip","Highlight Path","Marisa（F雨　魔理沙）","Minty Spire (QoL Compilation)","Pale of the Ancients","Quick Restart","Rare Cards Sparkle","Relic Stats","Remilia（蕾米莉亚）","Replay The Spire","Shop Mod","StSLib","Waifu the Spire","Youmu（魂魄妖梦）","【东方二次创作】八云紫mod","篝火指南"],"gold_per_floor":[135,150,167,27,37,37,74,74,74,74,74,74,93,93,93,205,205,205,205],"floor_reached":18,"playtime":644,"items_purged":[],"score":210,"play_id":"147df13a-05bd-4db5-82da-1b345077bbc3","local_time":"20201219060927","is_ascension_mode":false,"campfire_choices":[{"data":"Boundary_ObjectiveBoundary_purple","floor":6.0,"key":"SMITH"},{"floor":10.0,"key":"REST"},{"data":"RuleDissolution_purple","floor":12.0,"key":"SMITH"},{"data":"Observe_purple_2","floor":15.0,"key":"SMITH"}],"circlet_count":0,"master_deck":["AT_purpleEX","AT_purpleEX","AT_purpleEX","AT_purpleEX","Defend_purpleEX","Defend_purpleEX","Defend_purpleEX","Defend_purpleEX","Observe_purple_1","Observe_purple_2+1","Boundary_ObjectiveBoundary_purple+1","RuleDissolution_purple+1","MeetDecomposer_purple","Know_ledgeAbilityRealm_purple"],"relics":["Boundary_crack","Memoryfragments_purpleEX","NeowsBlessing","Bird Faced Urn","CeramicFish","Divine Protection","Gensokyo:OccultBall","Gensokyo:NagashiBinaDoll","Busted Crown"],"acts_visited":["Gensokyo:Gensokyo","Gensokyo:Gensokyoer"],"potions_floor_usage":[],"damage_taken":[{"damage":0.0,"enemies":"Gensokyo:3_Fairies","floor":1.0,"turns":1.0},{"damage":0.0,"enemies":"Gensokyo:Python","floor":2.0,"turns":1.0},{"damage":0.0,"enemies":"Gensokyo:Gryphon","floor":3.0,"turns":1.0},{"damage":21.0,"enemies":"Gensokyo:LivingMonolith","floor":5.0,"turns":4.0},{"damage":41.0,"enemies":"Gensokyo:Aya","floor":7.0,"turns":5.0},{"damage":0.0,"enemies":"Gensokyo:Python_and_Kodama","floor":13.0,"turns":5.0},{"damage":0.0,"enemies":"Gensokyo:Yukari","floor":16.0,"turns":21.0},{"damage":0,"enemies":"Gensokyo:3_Dogs","floor":18,"turns":3}],"seed_played":"-2957168795017555357","potions_obtained":[{"floor":1.0,"key":"EssenceOfSteel"},{"floor":2.0,"key":"Regen Potion"},{"floor":3.0,"key":"Toxic Potion"},{"floor":5.0,"key":"Death Potion"}],"is_trial":false,"path_per_floor":["M","M","M","?","M","R","E","?","T","R","?","R","M","?","R","B",null,"M"],"character_chosen":"Youkari","items_purchased":[],"campfire_rested":1,"item_purchase_floors":[],"current_hp_per_floor":[70,70,70,70,49,49,8,15,15,36,36,36,41,41,41,41,70,70,70],"gold":205,"neow_bonus":"THREE_ENEMY_KILL","is_daily":false,"chose_seed":false,"campfire_upgraded":3,"win_rate":0.0,"timestamp":1608376167,"path_taken":["M","?","M","?","M","R","E","?","T","R","?","R","M","?","R","BOSS","M"],"items_purchased_type":[],"build_version":"2020-12-13","purchased_purges":0,"victory":false,"max_hp_per_floor":[70,70,70,70,70,70,70,70,70,70,70,70,70,70,70,70,70,70,70],"relic_stats":{"Busted Crown":0,"counters":[8,41],"Bird Faced Urn":[0],"CeramicFish":27,"obtain_stats":[{"Divine Protection":9,"Busted Crown":17,"NeowsBlessing":0,"Bird Faced Urn":4,"CeramicFish":7,"Gensokyo:OccultBall":11,"Gensokyo:NagashiBinaDoll":14,"Boundary_crack":0,"Memoryfragments_purpleEX":0},{"Divine Protection":5,"Busted Crown":7,"NeowsBlessing":0,"Bird Faced Urn":3,"CeramicFish":5,"Gensokyo:OccultBall":5,"Gensokyo:NagashiBinaDoll":6,"Boundary_crack":0,"Memoryfragments_purpleEX":0},{"Divine Protection":12,"Busted Crown":38,"NeowsBlessing":0,"Bird Faced Urn":3,"CeramicFish":12,"Gensokyo:OccultBall":12,"Gensokyo:NagashiBinaDoll":17,"Boundary_crack":0,"Memoryfragments_purpleEX":0}]},"card_choices":[{"not_picked":["Bait_Toxicbait_purple","Mirror_WaveAndshot_purple","Boundary_DreamRealityDamnation_purple"],"picked":"SKIP","floor":1.0},{"not_picked":["ExistenceContinue_purple","Mirror_FormAndEmptin_purple"],"picked":"Boundary_ObjectiveBoundary_purple","floor":2.0},{"not_picked":["StateDuplicate_purple","WatchEyeChange_purple","ExistenceContinue_purple"],"picked":"SKIP","floor":3.0},{"not_picked":["Realm_recovery_purpleEX","WatchEChange_purple"],"picked":"Mirror_FourBoundary_purple","floor":5.0},{"not_picked":["OmniscientAndOmnipotent_Monster_purple","Extrememeaning_purpleEX"],"picked":"RuleDissolution_purple","floor":7.0},{"not_picked":["Mirror_WaveAndshot_purple","Realm_recovery_purpleEX"],"picked":"MeetDecomposer_purple","floor":13.0},{"not_picked":["WangLiang_LineAndCurveDreams_purple","Human_Monster_Realm_purple"],"picked":"Know_ledgeAbilityRealm_purple","floor":16.0}],"player_experience":709084,"relics_obtained":[{"floor":7.0,"key":"CeramicFish"},{"floor":9.0,"key":"Divine Protection"},{"floor":16.0,"key":"Gensokyo:OccultBall"}],"event_choices":[],"is_beta":false,"boss_relics":[{"not_picked":["Ectoplasm","Runic Dome"],"picked":"Busted Crown"}],"items_purged_floors":[],"is_endless":false,"potions_floor_spawned":[1,2,3,5],"killed_by":"Gensokyo:3_Dogs","ascension_level":0}}