{"host":"9ndbo4kgsfoemf7y","time":1608366143,"event":{"mods":["AchievementEnabler","BaseMod","Colored Map","DeckTracker","Keyboard Shortcuts","Minty Spire (QoL Compilation)","Permanent Neow","Quick Restart","Relic Stats","StSLib","SuperFastMode"],"gold_per_floor":[116,76,86,86,103,103,103,103],"floor_reached":7,"playtime":224,"items_purged":[],"score":78,"play_id":"1ccec25b-89f9-4199-9ebb-7c619c18fdd4","local_time":"20201219172223","is_ascension_mode":true,"campfire_choices":[{"data":"Cloak And Dagger","floor":6,"key":"SMITH"}],"circlet_count":0,"master_deck":["AscendersBane","Survivor","Neutralize","Skewer","Infinite Blades","Distraction","Sucker Punch","Envenom","Glass Knife","Doppelganger","Terror","Prepared","Well Laid Plans","Cloak And Dagger+1","Accuracy","Catalyst","Cloak And Dagger"],"relics":["Pandora\u0027s Box"],"acts_visited":["Exordium"],"potions_floor_usage":[],"damage_taken":[{"damage":21,"enemies":"2 Louse","floor":1,"turns":3},{"damage":0,"enemies":"Cultist","floor":3,"turns":3},{"damage":15,"enemies":"Jaw Worm","floor":5,"turns":4},{"damage":35,"enemies":"Gremlin Nob","floor":7,"turns":3}],"seed_played":"3027311434064211030","potions_obtained":[{"floor":3,"key":"BlessingOfTheForge"},{"floor":5,"key":"FearPotion"}],"is_trial":false,"path_per_floor":["M","$","M","?","M","R","E"],"character_chosen":"THE_SILENT","items_purchased":["Accuracy"],"campfire_rested":0,"item_purchase_floors":[2],"current_hp_per_floor":[38,38,38,29,14,14,0,0],"gold":103,"neow_bonus":"BOSS_RELIC","is_daily":false,"chose_seed":false,"campfire_upgraded":1,"win_rate":0.0,"timestamp":1608366143,"path_taken":["M","$","M","?","M","R","E"],"items_purchased_type":["Card"],"build_version":"2020-12-13","purchased_purges":0,"victory":false,"max_hp_per_floor":[66,66,66,66,66,66,66,66],"relic_stats":{"counters":[4,13],"Pandora\u0027s Box":["Skewer","Infinite Blades","Distraction","Sucker Punch","Envenom","Glass Knife","Doppelganger","Terror","Prepared","Well Laid Plans"],"obtain_stats":[{"Pandora\u0027s Box":0,"Ring of the Snake":0},{"Pandora\u0027s Box":0,"Ring of the Snake":0},{"Pandora\u0027s Box":0,"Ring of the Snake":0}]},"card_choices":[{"not_picked":["Slice","Reflex"],"picked":"Cloak And Dagger","floor":1},{"not_picked":["Bane","Quick Slash"],"picked":"Catalyst","floor":3},{"not_picked":["Backstab","Poisoned Stab"],"picked":"Cloak And Dagger","floor":5}],"player_experience":706665,"relics_obtained":[],"event_choices":[{"damage_healed":0,"gold_gain":0,"player_choice":"Damaged","damage_taken":9,"max_hp_gain":0,"max_hp_loss":0,"event_name":"Wheel of Change","floor":4,"gold_loss":0}],"is_beta":false,"boss_relics":[],"items_purged_floors":[],"is_endless":false,"potions_floor_spawned":[3,5],"killed_by":"Gremlin Nob","ascension_level":18}}