{"host":"26mrfot5w7uj2ebc","time":1608370699,"event":{"mods":["AchievementEnabler","BaseMod","Colored Map","Minty Spire (QoL Compilation)"],"gold_per_floor":[114,114,126,136,33,33,50,62,62,73,108,108,108,120,120,223,223,234,250,262,262,280,280,280],"floor_reached":23,"playtime":1344,"items_purged":[],"score":197,"play_id":"011919af-f423-49c6-9dad-7e4533068a75","local_time":"20201219183819","is_ascension_mode":false,"campfire_choices":[{"data":"Study","floor":6,"key":"SMITH"},{"floor":13,"key":"REST"},{"data":"MentalFortress","floor":15,"key":"SMITH"}],"circlet_count":0,"master_deck":["Strike_P","Strike_P","Strike_P","Strike_P","Defend_P+1","Defend_P+1","Eruption","Vigilance","FlyingSleeves","Prostrate","Study+1","MentalFortress+1","Indignation","Conclude","EmptyFist","FlurryOfBlows","ClearTheMind","EmptyBody","Omniscience","MentalFortress","Evaluate+1","Perseverance"],"relics":["PureWater","NeowsBlessing","Regal Pillow","War Paint","Busted Crown"],"acts_visited":["Exordium","TheCity"],"potions_floor_usage":[16,16,19,22],"damage_taken":[{"damage":0,"enemies":"Jaw Worm","floor":1,"turns":1},{"damage":0,"enemies":"Cultist","floor":3,"turns":1},{"damage":0,"enemies":"Small Slimes","floor":4,"turns":2},{"damage":1,"enemies":"Red Slaver","floor":7,"turns":5},{"damage":1,"enemies":"Looter","floor":8,"turns":3},{"damage":4,"enemies":"Large Slime","floor":10,"turns":3},{"damage":34,"enemies":"Lagavulin","floor":11,"turns":6},{"damage":4,"enemies":"Blue Slaver","floor":14,"turns":3},{"damage":36,"enemies":"Hexaghost","floor":16,"turns":8},{"damage":0,"enemies":"Shell Parasite","floor":18,"turns":6},{"damage":32,"enemies":"2 Thieves","floor":19,"turns":3},{"damage":27,"enemies":"Shelled Parasite and Fungi","floor":20,"turns":8},{"damage":8,"enemies":"Cultist and Chosen","floor":22,"turns":8},{"damage":15,"enemies":"Snecko","floor":23,"turns":3}],"seed_played":"5268284829818513904","potions_obtained":[{"floor":1,"key":"Ambrosia"},{"floor":3,"key":"Explosive Potion"},{"floor":11,"key":"PowerPotion"},{"floor":16,"key":"Weak Potion"},{"floor":18,"key":"BlessingOfTheForge"},{"floor":19,"key":"Energy Potion"}],"is_trial":false,"path_per_floor":["M","?","M","M","$","R","M","M","T","M","E","?","R","M","R","B",null,"M","M","M","?","M","M"],"character_chosen":"WATCHER","items_purchased":["MentalFortress","Indignation"],"campfire_rested":1,"item_purchase_floors":[5,5],"current_hp_per_floor":[72,72,72,72,72,72,71,70,70,66,32,32,68,64,64,28,72,72,40,13,13,5,0,0],"gold":280,"neow_bonus":"THREE_ENEMY_KILL","is_daily":false,"chose_seed":false,"campfire_upgraded":2,"win_rate":0.0,"timestamp":1608370699,"path_taken":["M","?","?","M","?","R","M","M","T","M","E","?","R","M","R","BOSS","M","?","M","?","?","M"],"items_purchased_type":["Card","Card"],"build_version":"2020-12-13","purchased_purges":0,"victory":false,"max_hp_per_floor":[72,72,72,72,72,72,72,72,72,72,72,72,72,72,72,72,72,72,72,72,72,72,72,72],"card_choices":[{"not_picked":["WreathOfFlame","CrushJoints"],"picked":"FlyingSleeves","floor":1},{"not_picked":["CutThroughFate","Meditate"],"picked":"Prostrate","floor":3},{"not_picked":["BowlingBash","FlurryOfBlows"],"picked":"Study","floor":4},{"not_picked":["BattleHymn","WheelKick"],"picked":"Conclude","floor":7},{"not_picked":["BowlingBash","CutThroughFate"],"picked":"EmptyFist","floor":8},{"not_picked":["Protect","Prostrate"],"picked":"FlurryOfBlows","floor":10},{"not_picked":["Fasting2","CutThroughFate"],"picked":"ClearTheMind","floor":11},{"not_picked":["CarveReality","Worship"],"picked":"EmptyBody","floor":14},{"not_picked":["Scrawl","Brilliance"],"picked":"Omniscience","floor":16},{"not_picked":[],"picked":"MentalFortress","floor":18},{"not_picked":[],"picked":"Evaluate+1","floor":19},{"not_picked":["Halt"],"picked":"SKIP","floor":20},{"not_picked":[],"picked":"Perseverance","floor":22}],"player_experience":177334,"relics_obtained":[{"floor":9,"key":"Regal Pillow"},{"floor":11,"key":"War Paint"}],"event_choices":[{"damage_healed":0,"gold_gain":0,"player_choice":"Full Heal","damage_taken":0,"max_hp_gain":0,"max_hp_loss":0,"event_name":"Wheel of Change","floor":2,"gold_loss":0},{"cards_removed":["Defend_P"],"damage_healed":0,"gold_gain":0,"player_choice":"Purged","damage_taken":0,"max_hp_gain":0,"max_hp_loss":0,"event_name":"Purifier","floor":12,"gold_loss":0},{"cards_removed":["Defend_P"],"damage_healed":0,"gold_gain":0,"player_choice":"Purged","damage_taken":0,"max_hp_gain":0,"max_hp_loss":0,"event_name":"Purifier","floor":21,"gold_loss":0}],"is_beta":false,"boss_relics":[{"not_picked":["Coffee Dripper","Empty Cage"],"picked":"Busted Crown"}],"items_purged_floors":[],"is_endless":false,"potions_floor_spawned":[1,3,11,16,18,19],"killed_by":"Snecko","ascension_level":0}}