{"host":"u2grshebrc5rdzdn","time":1608413009,"event":{"mods":["AchievementEnabler","BaseMod","Minty Spire (QoL Compilation)","StSLib"],"gold_per_floor":[114,125,144,114,128,128,161,4,53,78,78,92,92,107,107,206,206,219,238,255,8,20,54,54,82,82,97,125,138,138,138,138,238,238,249,269,119,119,51,51,51,51,75,88,120,120,148,166,166,166],"floor_reached":51,"playtime":3705,"items_purged":["Strike_R","Defend_R"],"score":932,"play_id":"189d00ca-018e-463a-a37e-50097749fb32","local_time":"20201219222329","is_ascension_mode":true,"campfire_choices":[{"data":"Bash","floor":6,"key":"SMITH"},{"data":"Bludgeon","floor":11,"key":"SMITH"},{"data":"Uppercut","floor":13,"key":"SMITH"},{"data":"Whirlwind","floor":15,"key":"SMITH"},{"data":"Juggernaut","floor":24,"key":"SMITH"},{"data":"Power Through","floor":30,"key":"SMITH"},{"data":"Uppercut","floor":32,"key":"SMITH"},{"data":"Bludgeon","floor":40,"key":"SMITH"},{"data":"Iron Wave","floor":42,"key":"SMITH"},{"data":"Demon Form","floor":46,"key":"SMITH"},{"data":"Clothesline","floor":49,"key":"SMITH"}],"circlet_count":0,"master_deck":["Defend_R","Defend_R","Bash+1","Entrench","Iron Wave+1","Evolve","Twin Strike","Power Through+1","Uppercut+1","Bludgeon+1","Battle Trance+1","Whirlwind+1","Juggernaut+1","Clothesline+1","Body Slam","Uppercut+1","Metallicize+1","Impervious+1","Shrug It Off+1","Bludgeon+1","Demon Form+1","Flame Barrier+1"],"relics":["Burning Blood","Question Card","Akabeko","Red Skull","Snecko Eye","Bag of Preparation","Strawberry","Dream Catcher","Toxic Egg 2","Bag of Marbles","Empty Cage","PreservedInsect","Paper Frog","Gremlin Horn"],"acts_visited":["TheCity","TheBeyond"],"potions_floor_usage":[5,7,7,7,23,23,25,33,33,50,50,50],"damage_taken":[{"damage":0,"enemies":"Small Slimes","floor":1,"turns":4},{"damage":1,"enemies":"Cultist","floor":2,"turns":4},{"damage":7,"enemies":"2 Louse","floor":3,"turns":3},{"damage":16,"enemies":"Exordium Thugs","floor":5,"turns":8},{"damage":32,"enemies":"Lagavulin","floor":7,"turns":8},{"damage":5,"enemies":"Gremlin Nob","floor":10,"turns":4},{"damage":5,"enemies":"2 Fungi Beasts","floor":12,"turns":4},{"damage":1,"enemies":"Blue Slaver","floor":14,"turns":3},{"damage":29,"enemies":"Hexaghost","floor":16,"turns":9},{"damage":0,"enemies":"Spheric Guardian","floor":18,"turns":1},{"damage":7,"enemies":"Chosen","floor":19,"turns":2},{"damage":9,"enemies":"Snake Plant","floor":20,"turns":2},{"damage":0,"enemies":"Chosen and Byrds","floor":22,"turns":3},{"damage":0,"enemies":"Gremlin Leader","floor":23,"turns":4},{"damage":23,"enemies":"Slavers","floor":25,"turns":5},{"damage":0,"enemies":"Snecko","floor":27,"turns":3},{"damage":27,"enemies":"Gremlin Leader","floor":28,"turns":4},{"damage":0,"enemies":"Centurion and Healer","floor":29,"turns":1},{"damage":57,"enemies":"Champ","floor":33,"turns":8},{"damage":12,"enemies":"3 Shapes","floor":35,"turns":1},{"damage":0,"enemies":"3 Darklings","floor":36,"turns":1},{"damage":0,"enemies":"Transient","floor":44,"turns":5},{"damage":8,"enemies":"Giant Head","floor":45,"turns":3},{"damage":0,"enemies":"Reptomancer","floor":47,"turns":1},{"damage":0,"enemies":"Jaw Worm Horde","floor":48,"turns":1},{"damage":17,"enemies":"Donu and Deca","floor":50,"turns":6}],"seed_played":"-3798593579281753152","potions_obtained":[{"floor":3,"key":"Block Potion"},{"floor":4,"key":"SkillPotion"},{"floor":4,"key":"ElixirPotion"},{"floor":5,"key":"SteroidPotion"},{"floor":10,"key":"SkillPotion"},{"floor":12,"key":"Block Potion"},{"floor":19,"key":"SkillPotion"},{"floor":23,"key":"Swift Potion"},{"floor":25,"key":"FearPotion"},{"floor":27,"key":"ColorlessPotion"},{"floor":29,"key":"Explosive Potion"},{"floor":33,"key":"BloodPotion"},{"floor":44,"key":"LiquidMemories"},{"floor":45,"key":"SteroidPotion"}],"is_trial":false,"path_per_floor":["M","M","M","?","M","R","E","$","T","E","R","M","R","M","R","B",null,"M","M","M","$","M","E","R","E","T","M","E","M","R","?","R","B",null,"M","M","$","?","$","R","$","R","T","M","E","R","E","M","R","B",null],"character_chosen":"IRONCLAD","items_purchased":["Uppercut","Body Slam","Bag of Preparation","Uppercut","Block Potion","Bludgeon"],"campfire_rested":0,"item_purchase_floors":[8,21,21,21,37,39],"current_hp_per_floor":[62,67,66,66,56,56,30,30,30,31,31,32,32,37,37,14,80,80,79,76,76,80,87,87,70,70,76,55,61,61,61,61,10,87,81,87,87,87,87,87,87,87,87,87,85,85,87,87,87,76],"gold":166,"neow_bonus":"REMOVE_TWO","is_daily":false,"chose_seed":false,"campfire_upgraded":11,"win_rate":0.0,"timestamp":1608413009,"path_taken":["M","M","M","?","M","R","E","$","T","E","R","M","R","M","R","BOSS","M","M","M","$","?","E","R","E","T","M","E","M","R","?","R","BOSS","M","M","$","?","$","R","?","R","T","M","E","R","E","M","R","BOSS"],"items_purchased_type":["Card","Card","Relic","Card","Potion","Card"],"build_version":"2020-12-13","purchased_purges":2,"victory":true,"max_hp_per_floor":[80,80,80,80,80,80,80,80,80,80,80,80,80,80,80,80,80,80,80,80,80,80,87,87,87,87,87,87,87,87,87,87,87,87,87,87,87,87,87,87,87,87,87,87,87,87,87,87,87,87],"card_choices":[{"not_picked":["Body Slam","Anger"],"picked":"Entrench","floor":1},{"not_picked":["Rupture","Armaments"],"picked":"Iron Wave","floor":2},{"not_picked":["Clash","Dual Wield"],"picked":"Evolve","floor":3},{"not_picked":["Clothesline","Limit Break"],"picked":"Twin Strike","floor":5},{"not_picked":["Intimidate","Inflame"],"picked":"Power Through","floor":7},{"not_picked":["Dual Wield","Corruption","Pommel Strike"],"picked":"Bludgeon","floor":10},{"not_picked":["Pommel Strike","Perfected Strike","Warcry"],"picked":"Battle Trance","floor":12},{"not_picked":["Pommel Strike","Reckless Charge","Flame Barrier"],"picked":"Whirlwind","floor":14},{"not_picked":["Limit Break","Feed","Berserk"],"picked":"Juggernaut","floor":16},{"not_picked":["Twin Strike","Bloodletting","Infernal Blade","Feel No Pain"],"picked":"SKIP","floor":18},{"not_picked":["Hemokinesis","True Grit","Power Through"],"picked":"Clothesline","floor":19},{"not_picked":["Clash","Havoc+1","Limit Break","Perfected Strike"],"picked":"SKIP","floor":20},{"not_picked":["Iron Wave+1","Twin Strike","Wild Strike+1","Warcry"],"picked":"SKIP","floor":22},{"not_picked":["Reckless Charge","Exhume","Thunderclap","Heavy Blade"],"picked":"SKIP","floor":23},{"not_picked":["Sword Boomerang","Thunderclap","Bloodletting","Cleave+1"],"picked":"SKIP","floor":25},{"not_picked":["Headbutt","Heavy Blade","Perfected Strike"],"picked":"Metallicize+1","floor":27},{"not_picked":["Limit Break+1","Perfected Strike","Headbutt","Disarm+1"],"picked":"SKIP","floor":28},{"not_picked":["Shrug It Off+1","Sword Boomerang","Pommel Strike","Seeing Red+1"],"picked":"SKIP","floor":29},{"not_picked":["Barricade","Offering+1","Corruption"],"picked":"Impervious+1","floor":33},{"not_picked":["Hemokinesis+1","Battle Trance+1","Warcry+1"],"picked":"Shrug It Off+1","floor":35},{"not_picked":["True Grit+1","Warcry+1","Second Wind+1","Reckless Charge"],"picked":"SKIP","floor":36},{"not_picked":["Shrug It Off+1","Bloodletting+1","Ghostly Armor+1","Battle Trance+1"],"picked":"SKIP","floor":44},{"not_picked":["Flex+1","Shockwave+1","Ghostly Armor+1"],"picked":"Demon Form","floor":45},{"not_picked":["Warcry+1","Pommel Strike+1","Power Through+1"],"picked":"Flame Barrier+1","floor":47},{"not_picked":["Cleave","Infernal Blade+1","Havoc+1","Feel No Pain+1"],"picked":"SKIP","floor":48}],"player_experience":306526,"relics_obtained":[{"floor":7,"key":"Question Card"},{"floor":9,"key":"Akabeko"},{"floor":10,"key":"Red Skull"},{"floor":23,"key":"Strawberry"},{"floor":25,"key":"Dream Catcher"},{"floor":26,"key":"Toxic Egg 2"},{"floor":28,"key":"Bag of Marbles"},{"floor":43,"key":"PreservedInsect"},{"floor":45,"key":"Paper Frog"},{"floor":47,"key":"Gremlin Horn"}],"event_choices":[{"damage_healed":0,"gold_gain":0,"player_choice":"Bought 2 Potions","damage_taken":0,"max_hp_gain":0,"max_hp_loss":0,"event_name":"The Woman in Blue","floor":4,"gold_loss":0},{"cards_removed":["Strike_R"],"damage_healed":0,"gold_gain":0,"player_choice":"Elegance","damage_taken":0,"max_hp_gain":0,"max_hp_loss":0,"event_name":"Back to Basics","floor":31,"gold_loss":0},{"damage_healed":0,"gold_gain":0,"player_choice":"Forge","damage_taken":0,"max_hp_gain":0,"max_hp_loss":0,"event_name":"Accursed Blacksmith","floor":38,"gold_loss":0,"cards_upgraded":["Battle Trance"]}],"is_beta":false,"boss_relics":[{"not_picked":["Runic Cube","Cursed Key"],"picked":"Snecko Eye"},{"not_picked":["Runic Pyramid","Black Star"],"picked":"Empty Cage"}],"items_purged_floors":[8,37],"is_endless":false,"potions_floor_spawned":[3,5,10,12,19,23,25,27,29,33,44,45],"ascension_level":4}}