{"host":"y76clbnovzmw9ubx","time":1608345292,"event":{"mods":["AchievementEnabler","BaseMod","Minty Spire (QoL Compilation)","Permanent Neow","Relic Stats"],"gold_per_floor":[115,135,135,135,4,36,36,46,46,79,44,7,23,54,54,126,126,143,143,153,171,171,171,203,219,266,276,90,90,120,40,40,40,40],"floor_reached":33,"playtime":2022,"items_purged":["Strike_R","Defend_R"],"score":606,"play_id":"a136f8b9-20f7-49f8-acda-ba4f709abeeb","local_time":"20201218213452","is_ascension_mode":true,"campfire_choices":[{"floor":7,"key":"REST"},{"data":"True Grit","floor":15,"key":"SMITH"},{"floor":23,"key":"REST"},{"floor":29,"key":"REST"},{"floor":32,"key":"REST"}],"circlet_count":0,"master_deck":["AscendersBane","Defend_R","Defend_R","Defend_R+1","Bash+1","Wild Strike+1","Rampage","Dark Embrace","True Grit+1","Impervious","Dark Embrace+1","Offering","Whirlwind","Blood for Blood","Ghostly Armor","Battle Trance","Disarm","Burning Pact","Feel No Pain+1","Armaments+1","Metallicize+1"],"relics":["Burning Blood","Shuriken","Frozen Egg 2","StoneCalendar","Question Card","Sozu","Akabeko","Happy Flower","WingedGreaves"],"acts_visited":["Exordium","TheCity"],"potions_floor_usage":[16,16,18],"damage_taken":[{"damage":8,"enemies":"Small Slimes","floor":1,"turns":5},{"damage":7,"enemies":"Jaw Worm","floor":2,"turns":3},{"damage":27,"enemies":"Gremlin Nob","floor":6,"turns":4},{"damage":0,"enemies":"Cultist","floor":8,"turns":2},{"damage":35,"enemies":"3 Sentries","floor":10,"turns":12},{"damage":9,"enemies":"Red Slaver","floor":13,"turns":3},{"damage":20,"enemies":"Lagavulin","floor":14,"turns":7},{"damage":24,"enemies":"Slime Boss","floor":16,"turns":7},{"damage":17,"enemies":"Spheric Guardian","floor":18,"turns":6},{"damage":10,"enemies":"3 Byrds","floor":20,"turns":5},{"damage":35,"enemies":"Sentry and Sphere","floor":21,"turns":7},{"damage":26,"enemies":"Gremlin Leader","floor":24,"turns":8},{"damage":15,"enemies":"Shelled Parasite and Fungi","floor":25,"turns":7},{"damage":0,"enemies":"3 Cultists","floor":27,"turns":2},{"damage":41,"enemies":"Slavers","floor":30,"turns":7},{"damage":39,"enemies":"Automaton","floor":33,"turns":10}],"seed_played":"-8234822632871139403","potions_obtained":[{"floor":6,"key":"SpeedPotion"},{"floor":10,"key":"SteroidPotion"},{"floor":14,"key":"Fruit Juice"},{"floor":16,"key":"Block Potion"}],"is_trial":false,"path_per_floor":["M","M","?","?","$","E","R","M","T","E","?","$","M","E","R","B",null,"M","?","M","M","?","R","E","M","T","M","$","R","E","$","R","B"],"character_chosen":"IRONCLAD","items_purchased":["FearPotion","Dark Embrace+1","Feel No Pain+1","Metallicize+1"],"campfire_rested":4,"item_purchase_floors":[5,12,28,31],"current_hp_per_floor":[66,65,65,42,42,21,43,49,49,20,38,38,35,21,21,8,62,51,51,47,18,18,42,22,13,13,19,19,43,8,8,32,0,0],"gold":40,"neow_bonus":"UPGRADE_CARD","is_daily":false,"chose_seed":false,"campfire_upgraded":1,"win_rate":0.0,"timestamp":1608345292,"path_taken":["M","M","?","?","$","E","R","M","T","E","?","?","M","E","R","BOSS","M","?","M","M","?","R","E","M","T","?","?","R","E","?","R","BOSS"],"items_purchased_type":["Potion","Card","Card","Card"],"build_version":"2020-12-13","purchased_purges":2,"victory":false,"max_hp_per_floor":[75,75,75,75,75,75,75,75,75,75,75,75,75,75,75,80,80,80,80,80,80,80,80,80,80,80,80,80,80,80,80,80,80,80],"relic_stats":{"Sozu":3,"Happy Flower":[6],"counters":[16,95],"Shuriken":[9],"StoneCalendar":[264],"Question Card":8,"obtain_stats":[{"Sozu":17,"Happy Flower":26,"Shuriken":6,"StoneCalendar":10,"WingedGreaves":30,"Frozen Egg 2":9,"Question Card":14,"Burning Blood":0,"Akabeko":24},{"Sozu":8,"Happy Flower":13,"Shuriken":3,"StoneCalendar":5,"WingedGreaves":15,"Frozen Egg 2":4,"Question Card":7,"Burning Blood":0,"Akabeko":12},{"Sozu":43,"Happy Flower":76,"Shuriken":12,"StoneCalendar":26,"WingedGreaves":85,"Frozen Egg 2":14,"Question Card":36,"Burning Blood":0,"Akabeko":69}],"Burning Blood":90},"card_choices":[{"not_picked":["Burning Pact","Cleave"],"picked":"Wild Strike","floor":1},{"not_picked":["Body Slam","Twin Strike"],"picked":"Rampage","floor":2},{"not_picked":["Body Slam","Clothesline"],"picked":"Dark Embrace","floor":6},{"not_picked":["Anger","Combust"],"picked":"True Grit","floor":8},{"not_picked":["Headbutt","Ghostly Armor"],"picked":"Impervious","floor":10},{"not_picked":["Headbutt","Combust+1","Flex"],"picked":"SKIP","floor":13},{"not_picked":["Heavy Blade","Blood for Blood","Havoc"],"picked":"SKIP","floor":14},{"not_picked":["Berserk+1","Exhume","Limit Break"],"picked":"Offering","floor":16},{"not_picked":["Whirlwind","Heavy Blade","Warcry","Clash"],"picked":"SKIP","floor":18},{"not_picked":["Heavy Blade","Warcry","Clash"],"picked":"Whirlwind","floor":18},{"not_picked":["Anger","Sword Boomerang","Blood for Blood"],"picked":"Battle Trance","floor":20},{"not_picked":["Battle Trance","Limit Break","Clash","Twin Strike"],"picked":"SKIP","floor":21},{"not_picked":["Headbutt","Sword Boomerang","Perfected Strike"],"picked":"Disarm","floor":24},{"not_picked":["Flex+1","Heavy Blade","Clash"],"picked":"Burning Pact","floor":25},{"not_picked":["Havoc","Heavy Blade","Bloodletting","Warcry"],"picked":"SKIP","floor":27},{"not_picked":["Thunderclap","Dropkick","Hemokinesis"],"picked":"Armaments+1","floor":30}],"player_experience":2908339,"relics_obtained":[{"floor":6,"key":"Shuriken"},{"floor":9,"key":"Frozen Egg 2"},{"floor":10,"key":"StoneCalendar"},{"floor":14,"key":"Question Card"},{"floor":24,"key":"Akabeko"},{"floor":26,"key":"Happy Flower"},{"floor":30,"key":"WingedGreaves"}],"event_choices":[{"cards_removed":["Strike_R"],"damage_healed":0,"gold_gain":0,"player_choice":"Forget","damage_taken":0,"max_hp_gain":0,"max_hp_loss":0,"event_name":"Living Wall","floor":3,"gold_loss":0},{"damage_healed":0,"gold_gain":0,"player_choice":"Entered Light","damage_taken":23,"max_hp_gain":0,"max_hp_loss":0,"event_name":"Shining Light","floor":4,"gold_loss":0,"cards_upgraded":["Defend_R","Wild Strike"]},{"damage_healed":18,"gold_gain":0,"player_choice":"Healed","damage_taken":0,"max_hp_gain":0,"max_hp_loss":0,"event_name":"The Cleric","floor":11,"gold_loss":35},{"damage_healed":0,"gold_gain":0,"cards_transformed":["Strike_R","Strike_R"],"player_choice":"Became Test Subject","damage_taken":0,"max_hp_gain":0,"max_hp_loss":0,"event_name":"Drug Dealer","floor":19,"gold_loss":0,"cards_obtained":["Blood for Blood","Ghostly Armor"]},{"cards_removed":["Strike_R"],"damage_healed":0,"gold_gain":0,"player_choice":"Purged","damage_taken":0,"max_hp_gain":0,"max_hp_loss":0,"event_name":"Purifier","floor":22,"gold_loss":0}],"is_beta":false,"boss_relics":[{"not_picked":["Black Star","Coffee Dripper"],"picked":"Sozu"}],"items_purged_floors":[5,28],"is_endless":false,"potions_floor_spawned":[6,10,14,16,18,24,27],"killed_by":"Automaton","ascension_level":20}}