{"host":"xr9kfrtt7uxz0mdc","time":1608346367,"event":{"mods":["AchievementEnabler","BaseMod","Highlight Path","Minty Spire (QoL Compilation)"],"gold_per_floor":[111,186,213,56,75,405,405,405,430,430,465,465,529,548,548,653,653,667,592,606,152,0,0,0,29,41,53,65,77,89,119,131,240,252,283,315,343,315,347,359,359],"floor_reached":40,"playtime":1442,"items_purged":[],"score":460,"play_id":"c06e5dc7-1a1c-49d2-99b5-d119429f5159","local_time":"20201219035247","is_ascension_mode":false,"campfire_choices":[{"floor":7,"key":"RECALL"},{"data":"ReachHeaven","floor":10,"key":"SMITH"},{"floor":12,"key":"REST"},{"floor":15,"key":"REST"},{"floor":23,"key":"REST"},{"data":"BattleHymn","floor":27,"key":"SMITH"},{"floor":32,"key":"REST"}],"circlet_count":0,"master_deck":["Strike_P","Strike_P","Strike_P+1","Strike_P+1","Defend_P","Defend_P","Defend_P","Defend_P+1","Eruption","Vigilance+1","FlurryOfBlows","BattleHymn+1","ReachHeaven+1","Worship","LessonLearned","Consecrate","Judgement","Meditate+1","FlurryOfBlows","DevaForm","Halt","Prostrate+1","FlurryOfBlows+1","Conclude"],"relics":["PureWater","NeowsBlessing","Happy Flower","Art of War","Old Coin","Omamori","PreservedInsect","Oddly Smooth Stone","Cursed Key","Thread and Needle","Strange Spoon","Blood Vial","MawBank","Bottled Tornado","Runic Pyramid"],"acts_visited":["Exordium","TheCity","TheBeyond"],"potions_floor_usage":[16,33,33,40],"damage_taken":[{"damage":0,"enemies":"Small Slimes","floor":1,"turns":1},{"damage":0,"enemies":"Jaw Worm","floor":5,"turns":1},{"damage":0,"enemies":"Gremlin Nob","floor":6,"turns":1},{"damage":27,"enemies":"3 Sentries","floor":11,"turns":8},{"damage":13,"enemies":"Lagavulin Event","floor":13,"turns":3},{"damage":5,"enemies":"2 Louse","floor":14,"turns":3},{"damage":54,"enemies":"The Guardian","floor":16,"turns":8},{"damage":13,"enemies":"Spheric Guardian","floor":18,"turns":3},{"damage":10,"enemies":"Chosen","floor":20,"turns":3},{"damage":16,"enemies":"Slavers","floor":25,"turns":3},{"damage":25,"enemies":"Shelled Parasite and Fungi","floor":31,"turns":4},{"damage":22,"enemies":"Automaton","floor":33,"turns":6},{"damage":5,"enemies":"Orb Walker","floor":35,"turns":3},{"damage":11,"enemies":"3 Darklings","floor":36,"turns":5},{"damage":28,"enemies":"Jaw Worm Horde","floor":37,"turns":4},{"damage":27,"enemies":"Spire Growth","floor":39,"turns":4},{"damage":26,"enemies":"Reptomancer","floor":40,"turns":2}],"seed_played":"-2049334206702794805","potions_obtained":[{"floor":1,"key":"SteroidPotion"},{"floor":5,"key":"CultistPotion"},{"floor":18,"key":"GamblersBrew"},{"floor":20,"key":"LiquidBronze"},{"floor":33,"key":"DistilledChaos"},{"floor":36,"key":"EntropicBrew"}],"is_trial":false,"path_per_floor":["M","?","T","$","M","E","R","?","T","R","E","R","?","M","R","B",null,"M","?","M","$","?","R","?","E","T","R","$","$","?","M","R","B",null,"M","M","M","?","M","E"],"character_chosen":"WATCHER","items_purchased":["Art of War","Thread and Needle","Strange Spoon"],"campfire_rested":4,"item_purchase_floors":[4,21,21],"current_hp_per_floor":[72,61,61,61,61,61,61,61,61,61,34,55,42,37,58,4,72,59,59,49,49,49,70,70,56,56,56,56,56,44,21,42,22,72,67,58,32,32,7,0,0],"gold":359,"neow_bonus":"THREE_ENEMY_KILL","is_daily":false,"chose_seed":false,"campfire_upgraded":2,"win_rate":0.0,"timestamp":1608346367,"path_taken":["M","?","?","?","M","E","R","?","T","R","E","R","?","M","R","BOSS","M","?","M","$","?","R","?","E","T","R","?","$","?","M","R","BOSS","M","M","?","?","?","E"],"items_purchased_type":["Relic","Relic","Relic"],"build_version":"2020-12-13","purchased_purges":0,"victory":false,"max_hp_per_floor":[72,72,72,72,72,72,72,72,72,72,72,72,72,72,72,72,72,72,72,72,72,72,72,72,72,72,72,72,72,72,72,72,72,72,72,72,72,72,72,72,72],"card_choices":[{"not_picked":["InnerPeace","JustLucky"],"picked":"FlurryOfBlows","floor":1},{"not_picked":["LikeWater","EmptyFist"],"picked":"BattleHymn","floor":5},{"not_picked":["Swivel","Indignation"],"picked":"ReachHeaven","floor":6},{"not_picked":["EmptyBody","BowlingBash"],"picked":"Worship","floor":11},{"not_picked":["SignatureMove","CarveReality"],"picked":"LessonLearned","floor":13},{"not_picked":["WindmillStrike","CrushJoints"],"picked":"Consecrate","floor":14},{"not_picked":["ConjureBlade","Scrawl"],"picked":"Judgement","floor":16},{"not_picked":["JustLucky+1","FlurryOfBlows"],"picked":"Meditate","floor":18},{"not_picked":["Evaluate","Study+1"],"picked":"FlurryOfBlows","floor":20},{"not_picked":["Weave","FollowUp+1"],"picked":"DevaForm","floor":25},{"not_picked":["FlyingSleeves","CarveReality"],"picked":"Halt","floor":31},{"not_picked":["SignatureMove+1","ClearTheMind"],"picked":"Prostrate","floor":35},{"not_picked":["Crescendo","WheelKick"],"picked":"FlurryOfBlows+1","floor":36},{"not_picked":["Consecrate","Swivel","FearNoEvil"],"picked":"SKIP","floor":37},{"not_picked":["Perseverance","FollowUp+1"],"picked":"Conclude","floor":39}],"player_experience":83882,"relics_obtained":[{"floor":3,"key":"Happy Flower"},{"floor":6,"key":"Old Coin"},{"floor":11,"key":"PreservedInsect"},{"floor":25,"key":"MawBank"},{"floor":26,"key":"Bottled Tornado"}],"event_choices":[{"damage_healed":0,"gold_gain":75,"player_choice":"Gather Gold","damage_taken":11,"max_hp_gain":0,"max_hp_loss":0,"event_name":"World of Goop","floor":2,"gold_loss":0},{"damage_healed":0,"gold_gain":0,"player_choice":"Box","damage_taken":0,"relics_obtained":["Omamori"],"max_hp_gain":0,"max_hp_loss":0,"event_name":"Big Fish","floor":8,"gold_loss":0,"cards_obtained":["Regret"]},{"damage_healed":0,"gold_gain":0,"player_choice":"Searched \u00272\u0027 times","damage_taken":0,"relics_obtained":["Oddly Smooth Stone"],"max_hp_gain":0,"max_hp_loss":0,"event_name":"Dead Adventurer","floor":13,"gold_loss":0},{"cards_removed":["Regret"],"damage_healed":0,"gold_gain":0,"player_choice":"Gave Gold","damage_taken":0,"max_hp_gain":0,"max_hp_loss":0,"event_name":"Beggar","floor":19,"gold_loss":75},{"damage_healed":0,"gold_gain":0,"player_choice":"Paid Fearfully","damage_taken":0,"max_hp_gain":0,"max_hp_loss":0,"event_name":"Masked Bandits","floor":22,"gold_loss":152},{"damage_healed":0,"gold_gain":0,"player_choice":"Opened","damage_taken":0,"relics_obtained":["Blood Vial"],"max_hp_gain":0,"max_hp_loss":0,"event_name":"The Mausoleum","floor":24,"gold_loss":0},{"damage_healed":0,"gold_gain":0,"player_choice":"POTION ","damage_taken":12,"max_hp_gain":0,"max_hp_loss":0,"event_name":"Knowing Skull","floor":30,"potions_obtained":["EntropicBrew"],"gold_loss":0,"cards_obtained":[]},{"damage_healed":0,"gold_gain":0,"player_choice":"Upgraded Two","damage_taken":0,"max_hp_gain":0,"max_hp_loss":0,"event_name":"Designer","floor":38,"gold_loss":40,"cards_upgraded":["Vigilance","Strike_P"]}],"is_beta":false,"boss_relics":[{"not_picked":["SlaversCollar","Ectoplasm"],"picked":"Cursed Key"},{"not_picked":["Coffee Dripper","Empty Cage"],"picked":"Runic Pyramid"}],"items_purged_floors":[],"is_endless":false,"potions_floor_spawned":[1,5,18,20,25,33,36,37],"killed_by":"Reptomancer","ascension_level":0}}