{"host":"pcbz64t4k17ey4z1","time":1608378357,"event":{"mods":["2.2 Compatiblity","AchievementEnabler","Act Like it!","Aspiration","BaseMod","Beaked The Cultist","Better Match","BetterRewards","Card Forge","Colored Map","Colored Powertips","Conspire","Disable Question Mark Monsters","Fireblade Mod","Friendly Minions","GifTheSpireLib","Glutton Mod","Googly Eyes","Hermit","Hubris","Infinite Spire","Koishi","Marisa????????","Minty Spire (QoL Compilation)","Permanent Neow","Potionbrewer","Quick Restart","Random Character Button","Rare Cards Sparkle","Relic Filter","Replay The Spire","Shade Mod","Shop Mod","Small Relic Pack","StSLib","Stuff the Spire","SuperFastMode","The Animator","The Cursed","The Druid","The Gatherer","The Hierophant","The IronCluck","The Runesmith","Waifu the Spire","Wandering Minibosses","vexMod"],"gold_per_floor":[110,123,140,159,176,176,208,208,284,274,299,311,7,34,34,108,108,123,138,148,118,118,118],"floor_reached":22,"playtime":917,"items_purged":[],"score":545,"play_id":"0a311565-5d60-441a-a6b5-0e3aa99caa1e","local_time":"20201219114557","is_ascension_mode":true,"campfire_choices":[{"floor":6,"key":"REST"},{"data":"Vault","floor":8,"key":"SMITH"},{"floor":15,"key":"RECALL"}],"circlet_count":0,"master_deck":["AscendersBane","Strike_P+1","Strike_P+1","Strike_P+1","Strike_P+1","Defend_P+1","Defend_P+1","Defend_P+1","Defend_P+1","Eruption+1","Vigilance+1","Replay:LoomingThreat","LikeWater+1","Vault+1","Vault+1","EmptyFist+1","WheelKick","Adaptation","Madness","SandsOfTime","ConjureBlade","WindmillStrike+1","Perseverance","WindmillStrike"],"relics":["Hammer of Thor","Anvil of the Gods","Runic Dome","StuffTheSpire:HeavyRock","hubris:PeanutButter","potionbrewer:Torch","conspire:TopHat","aspiration:FutureDiary"],"acts_visited":["Exordium","TheCity"],"potions_floor_usage":[7,7,16,16,21],"damage_taken":[{"damage":0,"enemies":"infinitespire:Voidling","floor":1,"turns":2},{"damage":12,"enemies":"Small Slimes","floor":2,"turns":4},{"damage":0,"enemies":"2 Louse","floor":3,"turns":4},{"damage":0,"enemies":"Gremlin Gang","floor":4,"turns":6},{"damage":5,"enemies":"Blue Slaver","floor":5,"turns":4},{"damage":0,"enemies":"Gremlin Nob","floor":7,"turns":4},{"damage":3,"enemies":"Lots of Slimes","floor":10,"turns":7},{"damage":0,"enemies":"3 Sentries","floor":11,"turns":9},{"damage":0,"enemies":"Looter","floor":12,"turns":3},{"damage":0,"enemies":"Lagavulin","floor":14,"turns":6},{"damage":10,"enemies":"The Guardian","floor":16,"turns":4},{"damage":2,"enemies":"Shell Parasite","floor":18,"turns":4},{"damage":0,"enemies":"Spheric Guardian","floor":19,"turns":4},{"damage":1,"enemies":"conspire:HollyBat","floor":20,"turns":10},{"damage":47,"enemies":"Centurion and Healer","floor":21,"turns":9},{"damage":15,"enemies":"Cultist and Chosen","floor":22,"turns":3}],"seed_played":"7362283592321999268","potions_obtained":[{"floor":3,"key":"Reflective Coating"},{"floor":5,"key":"Energy Potion"},{"floor":10,"key":"potionbrewer:DiscountPotion"},{"floor":11,"key":"SteroidPotion"},{"floor":18,"key":"Death Potion"},{"floor":20,"key":"SkillPotion"}],"is_trial":false,"path_per_floor":["M","M","M","M","M","R","E","R","T","M","E","M","$","E","R_BF","B",null,"M","M","M","M","M"],"character_chosen":"WATCHER","items_purchased":["Adaptation","potionbrewer:Torch","Madness"],"campfire_rested":1,"item_purchase_floors":[13,13,13],"current_hp_per_floor":[61,49,49,49,44,64,64,64,64,61,61,61,61,61,61,51,64,62,62,61,14,0,0],"gold":118,"neow_bonus":"BOSS_RELIC","is_daily":false,"chose_seed":false,"campfire_upgraded":1,"win_rate":0.0,"timestamp":1608378357,"path_taken":["M","M","M","M","M","R","E","R","T","M","E","M","$","E","R_BF","BOSS","M","M","M","?","M"],"items_purchased_type":["Card","Relic","Card"],"build_version":"2020-12-13","purchased_purges":0,"victory":false,"max_hp_per_floor":[68,68,68,68,68,68,68,68,68,68,68,68,68,68,68,68,68,68,68,68,68,68,68],"card_choices":[{"not_picked":["WreathOfFlame","WaveOfTheHand","Meditate"],"picked":"SKIP","floor":1},{"not_picked":["EmptyBody","Wireheading"],"picked":"Replay:LoomingThreat","floor":2},{"not_picked":["Replay:BluntJabs","Consecrate"],"picked":"LikeWater","floor":3},{"not_picked":["SashWhip","BowlingBash"],"picked":"Vault","floor":4},{"not_picked":["Consecrate","SashWhip","CrushJoints"],"picked":"SKIP","floor":5},{"not_picked":["JustLucky","MasterReality"],"picked":"Vault","floor":7},{"not_picked":["PathToVictory","Swivel"],"picked":"EmptyFist","floor":10},{"not_picked":["Weave","FlyingSleeves","Nirvana"],"picked":"SKIP","floor":11},{"not_picked":["CrushJoints","EmptyBody"],"picked":"WheelKick","floor":12},{"not_picked":["BowlingBash","Meditate"],"picked":"SandsOfTime","floor":14},{"not_picked":["Devotion","Brilliance"],"picked":"ConjureBlade","floor":16},{"not_picked":["WaveOfTheHand","CarveReality"],"picked":"WindmillStrike+1","floor":18},{"not_picked":["Study","Replay:AtTheReady"],"picked":"Perseverance","floor":19},{"not_picked":["BowlingBash","FearNoEvil","ThirdEye+1"],"picked":"SKIP","floor":20},{"not_picked":["CutThroughFate","Replay:BluntJabs"],"picked":"WindmillStrike","floor":21}],"player_experience":3725349,"relics_obtained":[{"floor":7,"key":"StuffTheSpire:HeavyRock"},{"floor":9,"key":"hubris:TinFlute"},{"floor":11,"key":"hubris:PeanutButter"},{"floor":14,"key":"conspire:TopHat"}],"event_choices":[],"is_beta":false,"boss_relics":[{"not_picked":["hubris:ScarierMask","vexMod:ImprovementManual"],"picked":"aspiration:FutureDiary"}],"items_purged_floors":[],"is_endless":false,"potions_floor_spawned":[3,5,10,11,18,20],"killed_by":"Cultist and Chosen","ascension_level":18}}