{"host":"970o1nclt6rqqnly","time":1608410332,"event":{"mods":["AchievementEnabler","Act Like it!","Aspiration","Bard","BaseMod","Better Altar","Better Match","Better Note","Better Sensory Stone","Better Skull","Better Third Choice","BetterRewards","CCEM","Conspire","Downfall","GifTheSpireLib","Halation","Hermit","Highlight Path","Hubris","Hunter ??","Infinite Spire","Mad Scientist","Mimic Mod","Minty Spire (QoL Compilation)","Permanent Neow","Replay The Spire","Shade Mod","Shop Mod","Spicy Shops","StSLib","Stuff the Spire","The Bug Knight","The Construct","The Cursed","The Disciple","The Hierophant","The Jungle","The Necromancer","The Problem Sleuth","The Runesmith","The Spell Scribe","The Witch","Unceasing Turn Reminder","everything is the same but u backflip on backflip"],"gold_per_floor":[109,109,184,184,184,216,216,216,255,274,274,40,59,78,78,180,180,190,204,204,204,204,204,216,216,264,299,11,11,24,42,42,146,146,165,148,148,64,79,79,79],"floor_reached":40,"playtime":3043,"items_purged":[],"score":402,"play_id":"f2650cf1-f583-4d47-83b2-0ca206ed5635","local_time":"20201219183852","is_ascension_mode":false,"campfire_choices":[{"floor":8,"key":"REST"},{"data":"Loop","floor":11,"key":"SMITH"},{"data":"BasicCrystalCard","floor":15,"key":"SMITH"},{"data":"infinitespire:SevenWalls","floor":23,"key":"SMITH"},{"floor":25,"key":"REST"},{"floor":32,"key":"REST"}],"circlet_count":0,"master_deck":["Strike_B+1","Strike_B+1","Strike_B","Defend_B","Defend_B+1","Defend_B","Defend_B","Zap","Dualcast","Loop+1","BasicCrystalCard+1","Static Discharge","Electrodynamics","conspire:Rain","Hologram","ReplayRNGCard+1","Ball Lightning","Leap","infinitespire:SevenWalls+1","Sweeping Beam","BootSequence+1","Conserve Battery","FIFO Queue+1","StuffTheSpire:ForEach","Loop+1","Glacier"],"relics":["Cracked Core","hubris:Icosahedron","Replay:Bottled Steam","conspire:SpecialSausage","halation:TrafficLight","MealTicket","Geode","Solar Panel","halation:Prosthetics","MerchantsRug","hubris:Towel","hubris:Potato"],"acts_visited":["Exordium","TheCity","TheBeyond"],"potions_floor_usage":[16,16,27,31,33,40,40],"damage_taken":[{"damage":1,"enemies":"Small Slimes","floor":1,"turns":3},{"damage":13,"enemies":"Lagavulin","floor":6,"turns":7},{"damage":1,"enemies":"Jaw Worm","floor":9,"turns":5},{"damage":6,"enemies":"Jaw Worm","floor":10,"turns":3},{"damage":0,"enemies":"2 Louse","floor":13,"turns":1},{"damage":10,"enemies":"Looter","floor":14,"turns":3},{"damage":13,"enemies":"Slime Boss","floor":16,"turns":7},{"damage":20,"enemies":"2 Thieves","floor":18,"turns":2},{"damage":5,"enemies":"Spheric Guardian","floor":19,"turns":3},{"damage":20,"enemies":"Centurion and Healer","floor":24,"turns":5},{"damage":23,"enemies":"Slavers","floor":27,"turns":3},{"damage":0,"enemies":"Chosen and Byrds","floor":30,"turns":4},{"damage":33,"enemies":"Shelled Parasite and Fungi","floor":31,"turns":6},{"damage":41,"enemies":"conspire:MysteriousRune","floor":33,"turns":6},{"damage":20,"enemies":"Orb Walker","floor":35,"turns":3},{"damage":0,"enemies":"3 Shapes","floor":39,"turns":4},{"damage":58,"enemies":"Giant Head","floor":40,"turns":7}],"seed_played":"1161883060071760695","potions_obtained":[{"floor":1,"key":"Venom Potion"},{"floor":10,"key":"AttackPotion"},{"floor":13,"key":"Toxic Potion"},{"floor":18,"key":"SteroidPotion"},{"floor":19,"key":"BlessingOfTheForge"},{"floor":31,"key":"Adrenaline Potion"}],"is_trial":false,"path_per_floor":["M","?","?","?","$","E","T","R","MIM","M","R","$","M","M","R","B",null,"M","M","AVR","?","?","R","M","R","T","E","$","?","M","M","R","B",null,"M","$","?","$","M","E"],"character_chosen":"DEFECT","items_purchased":["halation:Jellyphish","Electrodynamics","conspire:Rain","Solar Panel","Block Potion","MerchantsRug","Glacier","hubris:Potato"],"campfire_rested":3,"item_purchase_floors":[5,12,12,28,28,36,36,38],"current_hp_per_floor":[74,59,48,48,38,25,25,47,46,41,41,41,41,31,31,18,75,55,50,50,50,50,50,30,52,52,29,44,44,51,24,48,13,45,27,42,42,45,45,0,0],"gold":79,"neow_bonus":"NOSTALGIA","is_daily":false,"chose_seed":false,"campfire_upgraded":3,"win_rate":0.0,"timestamp":1608410332,"path_taken":["M","?","?","?","?","E","?","R","MIM","?","R","$","M","M","R","BOSS","M","M","AVR","?","?","R","M","R","T","E","$","?","?","M","R","BOSS","M","$","?","$","M","E"],"items_purchased_type":["Relic","Card","Card","Relic","Potion","Relic","Card","Relic"],"build_version":"2020-12-13","purchased_purges":0,"victory":false,"max_hp_per_floor":[75,75,75,75,75,75,75,75,75,75,75,75,75,75,75,75,75,75,75,75,75,75,75,75,75,75,75,75,75,80,80,80,80,45,45,45,45,45,45,45,45],"card_choices":[{"not_picked":["bard:Thunderwave","Cold Snap"],"picked":"Loop","floor":1},{"not_picked":["Panic Button","Steam","bard:StudiedStrike"],"picked":"SKIP","floor":6},{"not_picked":["Hello World","bard:StudiedStrike"],"picked":"BasicCrystalCard","floor":9},{"not_picked":["Conserve Battery","Compile Driver"],"picked":"Static Discharge","floor":10},{"not_picked":["Beam Cell","Streamline","ReplayGash"],"picked":"SKIP","floor":13},{"not_picked":["BootSequence","Compile Driver"],"picked":"Hologram","floor":14},{"not_picked":["ReplayTheSpireMod:Fabricate Wheel","hubris:SpecializedCircuitry"],"picked":"ReplayRNGCard","floor":16},{"not_picked":["Gash+1","Go for the Eyes"],"picked":"Ball Lightning","floor":18},{"not_picked":["Lockon","ReplaySort"],"picked":"Leap","floor":19},{"not_picked":["StuffTheSpire:BrainWave","StuffTheSpire:Brawn"],"picked":"StuffTheSpire:Perfection","floor":22},{"not_picked":["Loop","ReplaySort+1"],"picked":"Sweeping Beam","floor":24},{"not_picked":["Panic Button","BasicCrystalCard"],"picked":"BootSequence+1","floor":27},{"not_picked":["BasicCrystalCard+1","StuffTheSpire:GlassShard"],"picked":"Conserve Battery","floor":30},{"not_picked":["BootSequence","Blizzard"],"picked":"FIFO Queue+1","floor":31},{"not_picked":["StuffTheSpire:Purify","Rainbow"],"picked":"StuffTheSpire:ForEach","floor":33},{"not_picked":["Streamline+1","StuffTheSpire:Plugnplay+1"],"picked":"Loop+1","floor":35},{"not_picked":["Reinforced Body","Stack","Hologram+1"],"picked":"SKIP","floor":39}],"player_experience":22827,"relics_obtained":[{"floor":6,"key":"Replay:Bottled Steam"},{"floor":7,"key":"Quantum Egg"},{"floor":9,"key":"StuffTheSpire:GrapeVine"},{"floor":26,"key":"MealTicket"},{"floor":27,"key":"Geode"}],"event_choices":[{"damage_healed":74,"gold_gain":0,"player_choice":"Upgrade","damage_taken":15,"max_hp_gain":0,"max_hp_loss":75,"event_name":"betterThird:BetterShining","floor":2,"gold_loss":0,"cards_upgraded":["Strike_B","Defend_B"]},{"damage_healed":0,"gold_gain":75,"player_choice":"Gold","damage_taken":11,"max_hp_gain":0,"max_hp_loss":0,"event_name":"betterThird:BetterGoop","floor":3,"gold_loss":0},{"cards_removed":["infinitespire:SevenWalls"],"damage_healed":0,"gold_gain":0,"player_choice":"Give","damage_taken":0,"max_hp_gain":0,"max_hp_loss":0,"event_name":"betterNote:BetterNote","floor":21,"gold_loss":0,"cards_obtained":["Draining Mist"]},{"damage_healed":0,"gold_gain":0,"player_choice":"Ignored","damage_taken":0,"max_hp_gain":0,"max_hp_loss":0,"event_name":"Vampires","floor":29,"gold_loss":0}],"is_beta":false,"boss_relics":[{"not_picked":["Nuclear Battery","StuffTheSpire:ModemDavis"],"picked":"conspire:SpecialSausage"},{"not_picked":["StuffTheSpire:RunicHypercube","Replay:Fungal Core"],"picked":"halation:Prosthetics"}],"items_purged_floors":[],"is_endless":false,"potions_floor_spawned":[1,10,13,18,19,24,31],"killed_by":"Giant Head","ascension_level":0}}