{"host":"suz71vtxgenuxsxs","time":1608376623,"event":{"mods":["2.2 Compatiblity","AchievementEnabler","BaseMod","Colored Map","Hermit","Minty Spire (QoL Compilation)","Rare Cards Sparkle","StSLib","SuperFastMode","everything is the same but u backflip on backflip"],"gold_per_floor":[117,135,151,165,176,176,351,351,376,151,167,167,16,30,30,131,131,131,131],"floor_reached":18,"playtime":918,"items_purged":["Doubt"],"score":154,"play_id":"df29830f-b489-417c-a4e5-3e4b008607d9","local_time":"20201219201703","is_ascension_mode":false,"campfire_choices":[{"data":"hermit:Determination","floor":6.0,"key":"SMITH"},{"data":"hermit:Magnum","floor":8.0,"key":"SMITH"},{"data":"hermit:ShadowCloak","floor":15,"key":"SMITH"}],"circlet_count":0,"master_deck":["hermit:Strike_Hermit","hermit:Strike_Hermit","hermit:Strike_Hermit","hermit:Strike_Hermit","hermit:Defend_Hermit","hermit:Defend_Hermit","hermit:Defend_Hermit","hermit:Defend_Hermit","hermit:Snapshot","hermit:Covet","hermit:Determination+1","hermit:Spite","hermit:FlashPowder","hermit:Magnum+1","hermit:Vantage","hermit:Roughhouse","hermit:ShadowCloak+1","hermit:Manifest","hermit:GhostlyPresence","hermit:FinalCanter","hermit:Manifest","hermit:Vantage","hermit:Snipe","hermit:Determination","hermit:HighNoon"],"relics":["hermit:ClaspedLocket","NeowsBlessing","Regal Pillow","Orrery"],"acts_visited":["Exordium","TheCity"],"potions_floor_usage":[16],"damage_taken":[{"damage":0.0,"enemies":"Small Slimes","floor":1.0,"turns":2.0},{"damage":0.0,"enemies":"2 Louse","floor":2.0,"turns":1.0},{"damage":0.0,"enemies":"Cultist","floor":3.0,"turns":1.0},{"damage":6.0,"enemies":"Looter","floor":4.0,"turns":3.0},{"damage":0.0,"enemies":"Red Slaver","floor":5.0,"turns":3.0},{"damage":1.0,"enemies":"2 Fungi Beasts","floor":11.0,"turns":4.0},{"damage":6,"enemies":"Blue Slaver","floor":14,"turns":5},{"damage":62,"enemies":"Slime Boss","floor":16,"turns":13},{"damage":35,"enemies":"Spheric Guardian","floor":18,"turns":7}],"seed_played":"-5784749372717322685","potions_obtained":[{"floor":2.0,"key":"Strength Potion"},{"floor":3.0,"key":"BlessingOfTheForge"},{"floor":5.0,"key":"GamblersBrew"},{"floor":14,"key":"Regen Potion"}],"is_trial":false,"path_per_floor":["M","M","M","M","M","R","?","R","T","$","M","?","$","M","R","B",null,"M"],"character_chosen":"HERMIT","items_purchased":["hermit:Roughhouse","hermit:ShadowCloak","Orrery"],"campfire_rested":0,"item_purchase_floors":[10,10,13],"current_hp_per_floor":[75,75,75,69,69,69,69,69,69,69,68,68,68,62,62,15,75,40,40],"gold":131,"neow_bonus":"THREE_ENEMY_KILL","is_daily":false,"chose_seed":false,"campfire_upgraded":3,"win_rate":0.0,"timestamp":1608376623,"path_taken":["M","M","M","M","M","R","?","R","T","$","M","?","$","M","R","BOSS","M"],"items_purchased_type":["Card","Card","Relic"],"build_version":"2020-12-13","purchased_purges":1,"victory":false,"max_hp_per_floor":[75,75,75,75,75,75,75,75,75,75,75,75,75,75,75,75,75,75,75],"card_choices":[{"not_picked":["hermit:Glare","hermit:Misfire"],"picked":"hermit:Determination","floor":1.0},{"not_picked":["hermit:TrackingShot","hermit:Headshot"],"picked":"hermit:Spite","floor":2.0},{"not_picked":["hermit:Deadeye","hermit:ItchyTrigger"],"picked":"hermit:FlashPowder","floor":3.0},{"not_picked":["hermit:Ricochet","hermit:Desperado"],"picked":"hermit:Magnum","floor":4.0},{"not_picked":["hermit:Gestalt","hermit:BodyArmor"],"picked":"hermit:Vantage","floor":5.0},{"not_picked":["hermit:Brawl","hermit:Scavenge"],"picked":"hermit:Manifest","floor":11.0},{"not_picked":["hermit:ItchyTrigger","hermit:TakeCover"],"picked":"hermit:GhostlyPresence","floor":13},{"not_picked":["hermit:WideOpen","hermit:Vantage"],"picked":"hermit:FinalCanter","floor":13},{"not_picked":["hermit:NoHoldsBarred","hermit:Headshot"],"picked":"hermit:Manifest","floor":13},{"not_picked":["hermit:Glare","hermit:HoleUp"],"picked":"hermit:Vantage","floor":13},{"not_picked":["hermit:LoneWolf","hermit:Roulette"],"picked":"hermit:Snipe","floor":13},{"not_picked":["hermit:Shortfuse","hermit:Manifest"],"picked":"hermit:Determination","floor":14},{"not_picked":["hermit:FromBeyond","hermit:BlackWind"],"picked":"hermit:HighNoon","floor":16}],"player_experience":349226,"relics_obtained":[{"floor":9.0,"key":"Regal Pillow"}],"event_choices":[{"damage_healed":0.0,"max_hp_gain":0.0,"max_hp_loss":0.0,"gold_gain":175.0,"event_name":"Liars Game","player_choice":"AGREE","floor":7.0,"gold_loss":0.0,"damage_taken":0.0,"cards_obtained":["Doubt"]},{"damage_healed":0.0,"max_hp_gain":0.0,"max_hp_loss":0.0,"gold_gain":0.0,"event_name":"NoteForYourself","player_choice":"Ignored","floor":12.0,"gold_loss":0.0,"damage_taken":0.0}],"is_beta":false,"boss_relics":[{"not_picked":["Snecko Eye","Empty Cage"],"picked":"hermit:ClaspedLocket"}],"items_purged_floors":[10],"is_endless":false,"potions_floor_spawned":[2,3,5,14],"killed_by":"Spheric Guardian","ascension_level":0}}