{"host":"utqe55yv0jihe4d6","time":1608399697,"event":{"mods":["2.2 Compatiblity","AchievementEnabler","BaseMod","Block Reminder","Colored Map","Colored Powertips","Minty Spire (QoL Compilation)","Quick Restart","Rare Cards Sparkle","Relic Stats","SuperFastMode"],"gold_per_floor":[112,127,107,123,34,34,63,63,63,7,7,26,26,26,26,103,103,116,72,72,91,103,103,103,103],"floor_reached":24,"playtime":685,"items_purged":[],"score":392,"play_id":"3e8454af-38e2-44b4-b032-f60f8fc343fb","local_time":"20201219124137","is_ascension_mode":true,"campfire_choices":[{"data":"Dagger Spray","floor":6,"key":"SMITH"},{"data":"Adrenaline","floor":8,"key":"SMITH"},{"floor":11,"key":"REST"},{"data":"Neutralize","floor":13,"key":"SMITH"},{"data":"Leg Sweep","floor":15,"key":"SMITH"},{"data":"Wraith Form v2","floor":23,"key":"SMITH"}],"circlet_count":0,"master_deck":["AscendersBane","Strike_G","Strike_G","Defend_G","Defend_G","Defend_G","Defend_G","Defend_G","Survivor","Neutralize+1","Flying Knee","Dagger Spray+1","Quick Slash","Leg Sweep+1","Adrenaline+1","Dash","Unload","Wraith Form v2+1","Footwork","Calculated Gamble","Crippling Poison","Envenom","Heel Hook","Deadly Poison","Backflip","A Thousand Cuts"],"relics":["Ring of the Snake","NeowsBlessing","Lizard Tail","Prayer Wheel","Philosopher\u0027s Stone"],"acts_visited":["Exordium","TheCity"],"potions_floor_usage":[7,21,21],"damage_taken":[{"damage":0,"enemies":"Cultist","floor":1,"turns":1},{"damage":0,"enemies":"Small Slimes","floor":2,"turns":1},{"damage":0,"enemies":"2 Louse","floor":4,"turns":1},{"damage":36,"enemies":"Gremlin Nob","floor":7,"turns":5},{"damage":4,"enemies":"Blue Slaver","floor":12,"turns":5},{"damage":29,"enemies":"The Guardian","floor":16,"turns":20},{"damage":0,"enemies":"Chosen","floor":18,"turns":5},{"damage":13,"enemies":"2 Thieves","floor":19,"turns":5},{"damage":10,"enemies":"Sentry and Sphere","floor":21,"turns":10},{"damage":33,"enemies":"Snecko","floor":22,"turns":8},{"damage":36,"enemies":"Gremlin Leader","floor":24,"turns":6}],"seed_played":"-4199659447322156617","potions_obtained":[{"floor":2,"key":"AttackPotion"},{"floor":3,"key":"GhostInAJar"}],"is_trial":false,"path_per_floor":["M","M","?","M","$","R","E","R","T","$","R","M","R","?","R","B",null,"M","M","?","M","M","R","E"],"character_chosen":"THE_SILENT","items_purchased":["Leg Sweep","Fire Potion"],"campfire_rested":1,"item_purchase_floors":[5,10],"current_hp_per_floor":[59,59,59,59,59,59,23,23,23,23,42,38,38,38,38,9,52,52,39,39,29,32,32,0,0],"gold":103,"neow_bonus":"THREE_ENEMY_KILL","is_daily":false,"chose_seed":false,"campfire_upgraded":5,"win_rate":0.0,"timestamp":1608399697,"path_taken":["M","?","?","?","$","R","E","R","T","$","R","M","R","?","R","BOSS","M","?","?","M","M","R","E"],"items_purchased_type":["Card","Potion"],"build_version":"2020-12-13","purchased_purges":0,"victory":false,"max_hp_per_floor":[66,66,66,66,66,66,66,66,66,66,66,66,66,66,66,66,66,66,66,66,66,66,66,66,66],"relic_stats":{"Lizard Tail":33,"counters":[11,67],"Prayer Wheel":5,"obtain_stats":[{"Lizard Tail":7,"NeowsBlessing":0,"Prayer Wheel":9,"Philosopher\u0027s Stone":17,"Ring of the Snake":0},{"Lizard Tail":4,"NeowsBlessing":0,"Prayer Wheel":4,"Philosopher\u0027s Stone":6,"Ring of the Snake":0},{"Lizard Tail":8,"NeowsBlessing":0,"Prayer Wheel":8,"Philosopher\u0027s Stone":33,"Ring of the Snake":0}],"Ring of the Snake":[22]},"card_choices":[{"not_picked":["Cloak And Dagger","Backflip"],"picked":"Flying Knee","floor":1},{"not_picked":["Blade Dance","Heel Hook"],"picked":"Dagger Spray","floor":2},{"not_picked":["Underhanded Strike","Deflect"],"picked":"Quick Slash","floor":4},{"not_picked":["Blade Dance","Deflect"],"picked":"Adrenaline","floor":7},{"not_picked":["Bane","Acrobatics"],"picked":"Dash","floor":12},{"not_picked":["Flying Knee","Underhanded Strike","Deflect"],"picked":"SKIP","floor":12},{"not_picked":["Corpse Explosion","Burst"],"picked":"Wraith Form v2","floor":16},{"not_picked":["Caltrops+1","Tactician"],"picked":"Footwork","floor":18},{"not_picked":["Catalyst","Quick Slash"],"picked":"Calculated Gamble","floor":18},{"not_picked":["Quick Slash","Outmaneuver","Unload"],"picked":"SKIP","floor":19},{"not_picked":["Sucker Punch","Dodge and Roll","Dagger Spray"],"picked":"SKIP","floor":19},{"not_picked":["Prepared","Deflect+1"],"picked":"Heel Hook","floor":21},{"not_picked":["Poisoned Stab+1","Dagger Spray"],"picked":"Deadly Poison","floor":21},{"not_picked":["Grand Finale","Prepared"],"picked":"Backflip","floor":22},{"not_picked":["Quick Slash","Underhanded Strike+1"],"picked":"A Thousand Cuts","floor":22}],"player_experience":2806274,"relics_obtained":[{"floor":7,"key":"Lizard Tail"},{"floor":9,"key":"Prayer Wheel"}],"event_choices":[{"damage_healed":0,"gold_gain":0,"player_choice":"Bought 1 Potion","damage_taken":0,"max_hp_gain":0,"max_hp_loss":0,"event_name":"The Woman in Blue","floor":3,"gold_loss":0},{"damage_healed":0,"gold_gain":0,"cards_transformed":["Strike_G"],"player_choice":"Transformed","damage_taken":0,"max_hp_gain":0,"max_hp_loss":0,"event_name":"Transmorgrifier","floor":14,"gold_loss":0,"cards_obtained":["Unload"]},{"damage_healed":0,"gold_gain":0,"cards_transformed":["Strike_G","Strike_G"],"player_choice":"Became Test Subject","damage_taken":0,"max_hp_gain":0,"max_hp_loss":0,"event_name":"Drug Dealer","floor":20,"gold_loss":0,"cards_obtained":["Crippling Poison","Envenom"]}],"is_beta":false,"boss_relics":[{"not_picked":["Velvet Choker","HoveringKite"],"picked":"Philosopher\u0027s Stone"}],"items_purged_floors":[],"is_endless":false,"potions_floor_spawned":[2,18,19],"killed_by":"Gremlin Leader","ascension_level":20}}