{"host":"wonp23fsqqcu31ie","time":1608347474,"event":{"mods":["2.2 Compatiblity","AchievementEnabler","Aspiration","BaseMod","Bestiary","Better Altar","Better Match","Better Sensory Stone","Better Skull","Better Third Choice","BetterRewards","Block Reminder","Colored Map","Colored Powertips","Conspire","DeckTracker","Displayed Cursed Tome","Downfall","Hermit","Highlight Path","Hubris","Minty Spire (QoL Compilation)","Permanent Neow","Quick Restart","Rare Cards Sparkle","Relic Stats","Replay The Spire","Shade Mod","Shop Mod","StSLib","SuperFastMode","The Animator","The Cursed","The Gatherer","The Necromancer","The Runesmith","The Servant 0.9.4"],"gold_per_floor":[124,124,74,1,1,1,1,38,62,62,62,93,172,172,172,315,340,390,390,390,415,453,475,475],"floor_reached":23,"playtime":461,"items_purged":[],"score":204,"play_id":"6b726395-2d20-4b15-a5ab-353cb0f4e190","local_time":"20201219141114","is_ascension_mode":true,"campfire_choices":[{"floor":6,"key":"RECALL"},{"data":"animator:Lu","floor":10,"key":"SMITH"},{"floor":15,"key":"REST"}],"circlet_count":0,"master_deck":["animator:Strike_MadokaMagica+1","animator:Defend_MadokaMagica+1","animator:Strike+1","animator:Strike+1","animator:Defend+1","animator:Defend+1","animator:Defend+1","animator:IrohaTamaki","animator:YuiTsuruno","animator:Lu+1","conspire:SpireCoStock","animator:Lancer+1","animator:Add","animator:Ciel","animator:Shalltear","animator:Aisha","animator:Gilgamesh+2","animator:SuzuneAmano","animator:Emonzaemon"],"relics":["animator:LivingPicture","animator:TheMissingPiece","Anchor","Golden Idol","Whetstone","Oddly Smooth Stone","aspiration:BabyByrd","hubris:CrackedHourglass","aspiration:RitualStick"],"acts_visited":["Exordium","TheCity"],"potions_floor_usage":[13,16,18],"damage_taken":[{"damage":4,"enemies":"Jaw Worm","floor":1,"turns":3},{"damage":6,"enemies":"2 Louse","floor":8,"turns":3},{"damage":0,"enemies":"Small Slimes","floor":12,"turns":2},{"damage":32,"enemies":"Gremlin Nob","floor":13,"turns":6},{"damage":35,"enemies":"Hexaghost","floor":16,"turns":8},{"damage":17,"enemies":"Spheric Guardian","floor":18,"turns":4},{"damage":18,"enemies":"conspire:FuzzyDice","floor":22,"turns":6},{"damage":17,"enemies":"Book of Stabbing","floor":23,"turns":3}],"seed_played":"7464937572937613046","potions_obtained":[{"floor":1,"key":"Elixir"},{"floor":12,"key":"LiquidBronze"},{"floor":16,"key":"hexamod:EctoCoolerPotion"},{"floor":22,"key":"Reflective Coating"}],"is_trial":false,"path_per_floor":["M","?","?","$","?","R","?","M","T","R","?","M","E","?","R","B",null,"M","?","?","?","M","E"],"character_chosen":"THE_ANIMATOR","items_purchased":["animator:Lancer"],"campfire_rested":1,"item_purchase_floors":[4],"current_hp_per_floor":[62,62,62,62,62,62,62,57,57,57,50,50,18,18,38,3,67,50,50,50,37,19,2,2],"gold":475,"neow_bonus":"RANDOM_COMMON_RELIC","is_daily":false,"chose_seed":false,"campfire_upgraded":1,"win_rate":0.0,"timestamp":1608347474,"path_taken":["M","?","?","$","?","R","?","?","T","R","?","M","E","?","R","BOSS","M","?","?","?","M","E"],"items_purchased_type":["Card"],"build_version":"2020-12-13","purchased_purges":0,"victory":false,"max_hp_per_floor":[66,66,66,66,66,66,66,67,67,67,67,67,67,67,67,67,67,67,67,67,67,67,67,67],"relic_stats":{"counters":[8,35],"Golden Idol":50,"Whetstone":["animator:Strike","animator:Lancer"],"obtain_stats":[{"Anchor":0,"Golden Idol":2,"aspiration:BabyByrd":14,"animator:TheMissingPiece":0,"Oddly Smooth Stone":13,"animator:LivingPicture":0,"Whetstone":9,"hubris:CrackedHourglass":17,"aspiration:RitualStick":21},{"Anchor":0,"Golden Idol":1,"aspiration:BabyByrd":4,"animator:TheMissingPiece":0,"Oddly Smooth Stone":4,"animator:LivingPicture":0,"Whetstone":2,"hubris:CrackedHourglass":5,"aspiration:RitualStick":6},{"Anchor":0,"Golden Idol":3,"aspiration:BabyByrd":14,"animator:TheMissingPiece":0,"Oddly Smooth Stone":14,"animator:LivingPicture":0,"Whetstone":6,"hubris:CrackedHourglass":22,"aspiration:RitualStick":26}],"aspiration:RitualStick":[0]},"card_choices":[{"not_picked":["animator:Lancer","animator:MumenRider"],"picked":"animator:Lu","floor":1},{"not_picked":["animator:Laby","animator:Sonic"],"picked":"animator:Ciel","floor":8},{"not_picked":["animator:SilverFang","animator:Emonzaemon"],"picked":"animator:Shalltear","floor":12},{"not_picked":["animator:Rena","animator:Ciel"],"picked":"animator:Aisha","floor":13},{"not_picked":["animator:Eris","animator:Kyubey"],"picked":"animator:Gilgamesh","floor":16},{"not_picked":["animator:RinTohsaka","animator:Nanami"],"picked":"animator:SuzuneAmano","floor":18},{"not_picked":["animator:Geryuganshoop","animator:Verdia"],"picked":"animator:Emonzaemon","floor":22}],"player_experience":650455,"relics_obtained":[{"floor":9,"key":"Whetstone"},{"floor":13,"key":"Oddly Smooth Stone"}],"event_choices":[{"damage_healed":0,"gold_gain":0,"player_choice":"Take Wound","damage_taken":0,"relics_obtained":["Golden Idol"],"max_hp_gain":0,"max_hp_loss":0,"event_name":"Golden Idol","floor":2,"gold_loss":0,"cards_obtained":["Injury"]},{"damage_healed":0,"gold_gain":0,"player_choice":"Invest 1","damage_taken":0,"max_hp_gain":0,"max_hp_loss":0,"event_name":"conspire:Investor","floor":3,"gold_loss":0},{"damage_healed":0,"gold_gain":0,"player_choice":"Disagree","damage_taken":0,"max_hp_gain":0,"max_hp_loss":0,"event_name":"conspire:LoneGhost","floor":5,"gold_loss":0},{"damage_healed":0,"gold_gain":0,"cards_transformed":["animator:Strike"],"player_choice":"Transformed","damage_taken":0,"max_hp_gain":0,"max_hp_loss":0,"event_name":"Transmorgrifier","floor":7,"gold_loss":0,"cards_obtained":["animator:Add"]},{"cards_removed":["Injury"],"damage_healed":0,"gold_gain":0,"player_choice":"Card Removal","damage_taken":7,"max_hp_gain":0,"max_hp_loss":0,"event_name":"Golden Wing","floor":11,"gold_loss":0},{"damage_healed":0,"gold_gain":0,"player_choice":"Simplicity","damage_taken":0,"max_hp_gain":0,"max_hp_loss":6,"event_name":"betterThird:BetterWriting","floor":19,"gold_loss":0},{"damage_healed":0,"gold_gain":0,"player_choice":"Ignored","damage_taken":0,"max_hp_gain":0,"max_hp_loss":0,"event_name":"Vampires","floor":20,"gold_loss":0}],"is_beta":false,"boss_relics":[{"not_picked":["conspire:SeveredTorchhead","Sozu"],"picked":"hubris:CrackedHourglass"}],"items_purged_floors":[],"is_endless":false,"potions_floor_spawned":[1,12,16,22],"killed_by":"Book of Stabbing","ascension_level":2}}