{"host":"og6lam4kt3nibbw0","time":1608402360,"event":{"mods":["AchievementEnabler","BaseMod","Colored Map","DeckTracker","Highlight Path","Keyboard Shortcuts","Minty Spire (QoL Compilation)","Permanent Neow","Quick Restart","StSLib","SuperFastMode"],"gold_per_floor":[117,117,117,23,23,23,58,58,58,94,37,81,95,129,129,220,220,236,257,172,193,211,211,236,236,236,236,252,252,267,267,267],"floor_reached":31,"playtime":1010,"items_purged":[],"score":626,"play_id":"b318f3cd-3f45-4a9e-bb6c-c259e2ace7f7","local_time":"20201220032600","is_ascension_mode":true,"campfire_choices":[{"data":"Dualcast","floor":6.0,"key":"SMITH"},{"data":"Beam Cell","floor":15,"key":"SMITH"},{"floor":23,"key":"REST"},{"data":"Coolheaded","floor":25,"key":"SMITH"},{"data":"Gash","floor":29,"key":"SMITH"}],"circlet_count":0,"master_deck":["AscendersBane","Strike_B","Strike_B","Strike_B","Strike_B","Defend_B","Defend_B","Defend_B","Defend_B","Zap+1","Dualcast+1","Gash+1","Coolheaded+1","Defragment","Turbo","All For One","Gash+1","Hologram+1","Beam Cell+1","Aggregate+1","Fission+1","Chill+1","Gash","Skim+1","Go for the Eyes","Hologram+1"],"relics":["Cracked Core","NeowsBlessing","Happy Flower","Golden Idol","Anchor","Eternal Feather","Sundial","Toxic Egg 2","PreservedInsect","Black Star","Bag of Preparation","Darkstone Periapt"],"acts_visited":["Exordium","TheCity"],"potions_floor_usage":[14,14,22,24],"damage_taken":[{"damage":0.0,"enemies":"Jaw Worm","floor":1.0,"turns":1.0},{"damage":0.0,"enemies":"3 Sentries","floor":7.0,"turns":1.0},{"damage":0.0,"enemies":"Lagavulin","floor":10.0,"turns":1.0},{"damage":17.0,"enemies":"3 Sentries","floor":12.0,"turns":7.0},{"damage":0.0,"enemies":"Small Slimes","floor":13.0,"turns":2.0},{"damage":10,"enemies":"Gremlin Nob","floor":14,"turns":3},{"damage":43,"enemies":"The Guardian","floor":16,"turns":12},{"damage":2,"enemies":"Chosen","floor":18,"turns":3},{"damage":27,"enemies":"Shell Parasite","floor":19,"turns":5},{"damage":0,"enemies":"Snake Plant","floor":21,"turns":3},{"damage":19,"enemies":"Centurion and Healer","floor":22,"turns":4},{"damage":12,"enemies":"Cultist and Chosen","floor":24,"turns":3},{"damage":8,"enemies":"Snecko","floor":28,"turns":4},{"damage":44,"enemies":"Snake Plant","floor":30,"turns":6},{"damage":9,"enemies":"Book of Stabbing","floor":31,"turns":2}],"seed_played":"-6926618830137108610","potions_obtained":[{"floor":7.0,"key":"LiquidMemories"},{"floor":10.0,"key":"SteroidPotion"},{"floor":18,"key":"Regen Potion"},{"floor":22,"key":"DistilledChaos"},{"floor":24,"key":"FearPotion"},{"floor":30,"key":"CultistPotion"}],"is_trial":false,"path_per_floor":["M","?","?","$","?","R","E","$","T","E","$","E","M","E","R","B",null,"M","M","?","M","M","R","M","R","T","?","M","R","M","E"],"character_chosen":"DEFECT","items_purchased":["Coolheaded","Defragment","Gash"],"campfire_rested":1,"item_purchase_floors":[4,4,11],"current_hp_per_floor":[64,59,59,59,59,59,59,59,59,59,59,42,42,32,44,1,48,46,19,19,19,9,40,28,43,43,43,35,50,6,0,0],"gold":267,"neow_bonus":"THREE_ENEMY_KILL","is_daily":false,"chose_seed":false,"campfire_upgraded":4,"win_rate":0.0,"timestamp":1608402360,"path_taken":["M","?","?","$","?","R","E","$","T","E","$","E","?","E","R","BOSS","M","M","?","M","M","R","M","R","T","?","M","R","?","E"],"items_purchased_type":["Card","Card","Card"],"build_version":"2020-12-13","purchased_purges":0,"victory":false,"max_hp_per_floor":[71,71,64,64,64,64,64,64,64,64,64,64,64,64,64,64,64,64,64,64,64,64,64,64,64,64,64,64,64,64,64,64],"card_choices":[{"not_picked":["Cold Snap","Streamline"],"picked":"Gash","floor":1.0},{"not_picked":["Rainbow","Stack"],"picked":"Turbo","floor":7.0},{"not_picked":["Rip and Tear","Coolheaded"],"picked":"All For One","floor":10.0},{"not_picked":["Rebound","Stack+1"],"picked":"Hologram+1","floor":12.0},{"not_picked":["Darkness+1","Conserve Battery+1"],"picked":"Beam Cell","floor":13.0},{"not_picked":["Barrage","Creative AI"],"picked":"Aggregate+1","floor":14},{"not_picked":["Creative AI","Electrodynamics"],"picked":"Fission+1","floor":16},{"not_picked":["Gash","Stack+1"],"picked":"Chill+1","floor":18},{"not_picked":["Ball Lightning","Streamline","Fusion+1"],"picked":"SKIP","floor":19},{"not_picked":["Steam+1","Barrage"],"picked":"Gash","floor":21},{"not_picked":["Lockon+1","Beam Cell"],"picked":"Skim+1","floor":22},{"not_picked":["Compile Driver+1","Tempest+1"],"picked":"Go for the Eyes","floor":24},{"not_picked":["Stack+1","Streamline","Go for the Eyes"],"picked":"SKIP","floor":28},{"not_picked":["Coolheaded+1","Gash+1"],"picked":"Hologram+1","floor":30}],"player_experience":800960,"relics_obtained":[{"floor":7.0,"key":"Anchor"},{"floor":9.0,"key":"Eternal Feather"},{"floor":10.0,"key":"Sundial"},{"floor":12.0,"key":"Toxic Egg 2"},{"floor":14,"key":"PreservedInsect"},{"floor":26,"key":"Darkstone Periapt"}],"event_choices":[{"damage_healed":0.0,"max_hp_gain":0.0,"max_hp_loss":0.0,"gold_gain":0.0,"event_name":"Scrap Ooze","player_choice":"Success","floor":2.0,"gold_loss":0.0,"damage_taken":5.0,"relics_obtained":["Happy Flower"]},{"damage_healed":0.0,"max_hp_gain":0.0,"max_hp_loss":7.0,"gold_gain":0.0,"event_name":"Golden Idol","player_choice":"Lose Max HP","floor":3.0,"gold_loss":0.0,"damage_taken":0.0,"relics_obtained":["Golden Idol"]},{"damage_healed":0.0,"max_hp_gain":0.0,"max_hp_loss":0.0,"gold_gain":0.0,"event_name":"Upgrade Shrine","player_choice":"Upgraded","floor":5.0,"gold_loss":0.0,"damage_taken":0.0,"cards_upgraded":["Zap"]},{"damage_healed":0,"gold_gain":0,"player_choice":"Obtained Relic","damage_taken":0,"relics_obtained":["Bag of Preparation"],"max_hp_gain":0,"max_hp_loss":0,"event_name":"Addict","floor":20,"gold_loss":85},{"damage_healed":0,"gold_gain":0,"player_choice":"Forge","damage_taken":0,"max_hp_gain":0,"max_hp_loss":0,"event_name":"Accursed Blacksmith","floor":27,"gold_loss":0,"cards_upgraded":["Gash"]}],"is_beta":false,"boss_relics":[{"not_picked":["Fusion Hammer","Busted Crown"],"picked":"Black Star"}],"items_purged_floors":[],"is_endless":false,"potions_floor_spawned":[7,10,12,18,22,24,30],"killed_by":"Book of Stabbing","ascension_level":20}}