{"host":"egyxg9lnjq7g2hmw","time":1608349705,"event":{"mods":["AchievementEnabler","BaseMod","Block Reminder","Colored Map","Colored Powertips","Highlight Path","Minty Spire (QoL Compilation)","Rare Cards Sparkle","StSLib"],"gold_per_floor":[118,118,118,142,166,209,209,225,250,270,313,313,313,329,329,329,329],"floor_reached":16,"playtime":653,"items_purged":[],"score":224,"play_id":"b09ad4c9-9e75-490d-8070-95f944f32849","local_time":"20201218194825","is_ascension_mode":true,"campfire_choices":[{"data":"Neutralize","floor":7,"key":"SMITH"},{"floor":12,"key":"REST"},{"floor":15,"key":"REST"}],"circlet_count":0,"master_deck":["AscendersBane","Strike_G","Strike_G+1","Strike_G","Strike_G","Strike_G","Defend_G","Defend_G","Defend_G","Defend_G+1","Defend_G","Survivor","Neutralize+1","Dagger Spray","Predator","Sucker Punch","All Out Attack","Escape Plan","Dash","Dagger Spray"],"relics":["Ring of the Snake","Golden Idol","Boot","Art of War","Bag of Preparation"],"acts_visited":["Exordium"],"potions_floor_usage":[6,11,16,16],"damage_taken":[{"damage":0,"enemies":"2 Louse","floor":1,"turns":3},{"damage":1,"enemies":"Small Slimes","floor":4,"turns":4},{"damage":1,"enemies":"Cultist","floor":5,"turns":3},{"damage":38,"enemies":"Lagavulin","floor":6,"turns":8},{"damage":1,"enemies":"2 Fungi Beasts","floor":8,"turns":2},{"damage":2,"enemies":"Exordium Thugs","floor":10,"turns":4},{"damage":24,"enemies":"Gremlin Nob","floor":11,"turns":4},{"damage":0,"enemies":"Looter","floor":14,"turns":3},{"damage":28,"enemies":"The Guardian","floor":16,"turns":15}],"seed_played":"2842186124568644091","potions_obtained":[{"floor":4,"key":"PowerPotion"},{"floor":5,"key":"Strength Potion"},{"floor":8,"key":"Swift Potion"},{"floor":11,"key":"Dexterity Potion"}],"is_trial":false,"path_per_floor":["M","?","?","M","M","E","R","M","T","M","E","R","?","M","R","B"],"character_chosen":"THE_SILENT","items_purchased":[],"campfire_rested":2,"item_purchase_floors":[],"current_hp_per_floor":[65,65,70,69,68,30,30,29,29,27,3,24,3,3,24,0,0],"gold":329,"neow_bonus":"TEN_PERCENT_HP_BONUS","is_daily":false,"chose_seed":false,"campfire_upgraded":1,"win_rate":0.0,"timestamp":1608349705,"path_taken":["M","?","?","M","M","E","R","M","T","M","E","R","?","M","R","BOSS"],"items_purchased_type":[],"build_version":"2020-12-13","purchased_purges":0,"victory":false,"max_hp_per_floor":[72,65,70,70,70,70,70,70,70,70,70,70,70,70,70,70,70],"card_choices":[{"not_picked":["Dodge and Roll","Quick Slash"],"picked":"Dagger Spray","floor":1},{"not_picked":["Concentrate","Flechettes"],"picked":"Predator","floor":4},{"not_picked":["Flying Knee","Deflect"],"picked":"Sucker Punch","floor":5},{"not_picked":["Catalyst","Deadly Poison"],"picked":"All Out Attack","floor":6},{"not_picked":["Poisoned Stab","Bane"],"picked":"Escape Plan","floor":8},{"not_picked":["Sucker Punch","Prepared","Choke"],"picked":"SKIP","floor":10},{"not_picked":["Terror","Unload"],"picked":"Dash","floor":11},{"not_picked":["Cloak And Dagger","Quick Slash"],"picked":"Dagger Spray","floor":14}],"player_experience":525285,"relics_obtained":[{"floor":6,"key":"Boot"},{"floor":9,"key":"Art of War"},{"floor":11,"key":"Bag of Preparation"}],"event_choices":[{"damage_healed":0,"gold_gain":0,"player_choice":"Lose Max HP","damage_taken":0,"relics_obtained":["Golden Idol"],"max_hp_gain":0,"max_hp_loss":7,"event_name":"Golden Idol","floor":2,"gold_loss":0},{"damage_healed":0,"gold_gain":0,"player_choice":"Donut","damage_taken":0,"max_hp_gain":5,"max_hp_loss":0,"event_name":"Big Fish","floor":3,"gold_loss":0},{"damage_healed":0,"gold_gain":0,"player_choice":"Entered Light","damage_taken":21,"max_hp_gain":0,"max_hp_loss":0,"event_name":"Shining Light","floor":13,"gold_loss":0,"cards_upgraded":["Strike_G","Defend_G"]}],"is_beta":false,"boss_relics":[],"items_purged_floors":[],"is_endless":false,"potions_floor_spawned":[4,5,8,11],"killed_by":"The Guardian","ascension_level":20}}