{"host":"2lo6hma6kymb0g9i","time":1608353868,"event":{"mods":["BaseMod","Colored Map","DeckTracker","Minty Spire (QoL Compilation)"],"gold_per_floor":[118,193,207,157,169,169,197,209,244,267,279,279],"floor_reached":11,"playtime":497,"items_purged":[],"score":124,"play_id":"320d0885-cdcc-4f1c-9acb-b656f15f6b61","local_time":"20201219135748","is_ascension_mode":true,"campfire_choices":[{"data":"Neutralize","floor":6,"key":"SMITH"}],"circlet_count":0,"master_deck":["AscendersBane","Strike_G","Strike_G","Strike_G","Strike_G","Defend_G","Defend_G","Defend_G","Defend_G","Defend_G","Survivor","Neutralize+1","Finisher","Footwork","Deflect","Backflip","Concentrate"],"relics":["Ring of the Snake","MawBank","Bag of Preparation"],"acts_visited":["Exordium"],"potions_floor_usage":[7,11],"damage_taken":[{"damage":0,"enemies":"2 Louse","floor":1,"turns":4},{"damage":3,"enemies":"Small Slimes","floor":3,"turns":5},{"damage":4,"enemies":"Cultist","floor":5,"turns":6},{"damage":30,"enemies":"Gremlin Nob","floor":7,"turns":4},{"damage":0,"enemies":"Blue Slaver","floor":10,"turns":3},{"damage":25,"enemies":"Lagavulin","floor":11,"turns":7}],"seed_played":"-5713650403607946638","potions_obtained":[{"floor":3,"key":"PowerPotion"},{"floor":7,"key":"AttackPotion"}],"is_trial":false,"path_per_floor":["M","?","M","?","M","R","E","$","T","M","E"],"character_chosen":"THE_SILENT","items_purchased":[],"campfire_rested":0,"item_purchase_floors":[],"current_hp_per_floor":[65,54,51,51,47,47,17,17,17,17,0,0],"gold":279,"neow_bonus":"TEN_PERCENT_HP_BONUS","is_daily":false,"chose_seed":false,"campfire_upgraded":1,"win_rate":0.0,"timestamp":1608353868,"path_taken":["M","?","M","?","M","R","E","$","T","M","E"],"items_purchased_type":[],"build_version":"2020-12-13","purchased_purges":0,"victory":false,"max_hp_per_floor":[72,72,72,72,72,72,72,72,72,72,72,72],"card_choices":[{"not_picked":["Cloak And Dagger","Poisoned Stab"],"picked":"Finisher","floor":1},{"not_picked":["Choke","Skewer"],"picked":"Footwork","floor":3},{"not_picked":["Dagger Throw","Backflip"],"picked":"Deflect","floor":5},{"not_picked":["Well Laid Plans","Leg Sweep"],"picked":"Backflip","floor":7},{"not_picked":["Masterful Stab","Dash"],"picked":"Concentrate","floor":10}],"player_experience":821157,"relics_obtained":[{"floor":7,"key":"MawBank"},{"floor":9,"key":"Bag of Preparation"}],"event_choices":[{"damage_healed":0,"gold_gain":75,"player_choice":"Gather Gold","damage_taken":11,"max_hp_gain":0,"max_hp_loss":0,"event_name":"World of Goop","floor":2,"gold_loss":0},{"cards_removed":["Strike_G"],"damage_healed":0,"gold_gain":0,"player_choice":"Card Removal","damage_taken":0,"max_hp_gain":0,"max_hp_loss":0,"event_name":"The Cleric","floor":4,"gold_loss":50}],"is_beta":false,"boss_relics":[],"items_purged_floors":[],"is_endless":false,"potions_floor_spawned":[3,7],"killed_by":"Lagavulin","ascension_level":14}}