{"host":"26mrfot5w7uj2ebc","time":1608372977,"event":{"mods":["AchievementEnabler","BaseMod","Colored Map","Minty Spire (QoL Compilation)"],"gold_per_floor":[116,136,50,61,80,80,122,149,197,215,215,231,104,122,122,224,224,224,166,166,166,166,166],"floor_reached":22,"playtime":1079,"items_purged":["Defend_P"],"score":182,"play_id":"63561cee-0651-41dd-aedb-60a454da9c47","local_time":"20201219191617","is_ascension_mode":false,"campfire_choices":[{"floor":6,"key":"DIG"},{"floor":11,"key":"DIG"},{"floor":15,"key":"REST"}],"circlet_count":0,"master_deck":["Strike_P","Strike_P","Strike_P","Strike_P","Defend_P","Defend_P","Defend_P","Eruption","Vigilance","SashWhip","Wish","Consecrate","Indignation","Study","FollowUp","FollowUp","FlyingSleeves","ClearTheMind","Consecrate","Omniscience","MentalFortress+1","FollowUp+1","ThirdEye"],"relics":["PureWater","Shovel","Omamori","Vajra","Regal Pillow","Ectoplasm","Strawberry"],"acts_visited":["Exordium","TheCity"],"potions_floor_usage":[12,14,16,16,22],"damage_taken":[{"damage":1,"enemies":"Cultist","floor":1,"turns":4},{"damage":2,"enemies":"2 Louse","floor":2,"turns":3},{"damage":0,"enemies":"Jaw Worm","floor":4,"turns":3},{"damage":14,"enemies":"Blue Slaver","floor":5,"turns":6},{"damage":0,"enemies":"3 Louse","floor":7,"turns":3},{"damage":7,"enemies":"2 Fungi Beasts","floor":10,"turns":3},{"damage":0,"enemies":"Large Slime","floor":12,"turns":1},{"damage":0,"enemies":"Looter","floor":14,"turns":1},{"damage":48,"enemies":"The Guardian","floor":16,"turns":5},{"damage":22,"enemies":"3 Byrds","floor":18,"turns":5},{"damage":0,"enemies":"Spheric Guardian","floor":20,"turns":2},{"damage":31,"enemies":"Cultist and Chosen","floor":21,"turns":5},{"damage":26,"enemies":"Shelled Parasite and Fungi","floor":22,"turns":3}],"seed_played":"7813189310941963226","potions_obtained":[{"floor":1,"key":"StancePotion"},{"floor":2,"key":"LiquidBronze"},{"floor":10,"key":"StancePotion"},{"floor":16,"key":"Fire Potion"},{"floor":21,"key":"Dexterity Potion"}],"is_trial":false,"path_per_floor":["M","M","$","M","M","R","M","T","T","M","R","M","$","M","R","B",null,"M","?","M","M","M"],"character_chosen":"WATCHER","items_purchased":["Consecrate","Indignation","SkillPotion"],"campfire_rested":1,"item_purchase_floors":[3,3,13],"current_hp_per_floor":[50,48,48,48,34,34,34,34,34,27,27,27,27,27,63,15,72,50,57,57,26,0,0],"gold":166,"neow_bonus":"ONE_RARE_RELIC","is_daily":false,"chose_seed":false,"campfire_upgraded":0,"win_rate":0.0,"timestamp":1608372977,"path_taken":["M","M","$","M","M","R","M","?","T","M","R","M","$","M","R","BOSS","M","?","?","M","M"],"items_purchased_type":["Card","Card","Potion"],"build_version":"2020-12-13","purchased_purges":1,"victory":false,"max_hp_per_floor":[72,72,72,72,72,72,72,72,72,72,72,72,72,72,72,72,72,72,79,79,79,79,79],"card_choices":[{"not_picked":["Prostrate","PathToVictory"],"picked":"SashWhip","floor":1},{"not_picked":["SashWhip","Worship"],"picked":"Wish","floor":2},{"not_picked":["JustLucky","Collect"],"picked":"Study","floor":4},{"not_picked":["CrushJoints","Worship"],"picked":"FollowUp","floor":5},{"not_picked":["Crescendo","Weave"],"picked":"FollowUp","floor":7},{"not_picked":["Sanctity","CrushJoints"],"picked":"FlyingSleeves","floor":10},{"not_picked":["Nirvana","JustLucky"],"picked":"ClearTheMind","floor":12},{"not_picked":["Weave","EmptyFist"],"picked":"Consecrate","floor":14},{"not_picked":["Devotion","SpiritShield"],"picked":"Omniscience","floor":16},{"not_picked":["Perseverance+1","SashWhip"],"picked":"MentalFortress+1","floor":18},{"not_picked":["FlurryOfBlows","DeceiveReality+1"],"picked":"FollowUp+1","floor":20},{"not_picked":["CutThroughFate","CrushJoints+1"],"picked":"ThirdEye","floor":21}],"player_experience":179820,"relics_obtained":[{"floor":6,"key":"Omamori"},{"floor":8,"key":"Vajra"},{"floor":11,"key":"Regal Pillow"}],"event_choices":[{"damage_healed":0,"gold_gain":0,"player_choice":"Paid Gold","damage_taken":0,"relics_obtained":["Strawberry"],"max_hp_gain":0,"max_hp_loss":0,"event_name":"WeMeetAgain","floor":19,"gold_loss":58}],"is_beta":false,"boss_relics":[{"not_picked":["Busted Crown","Velvet Choker"],"picked":"Ectoplasm"}],"items_purged_floors":[13],"is_endless":false,"potions_floor_spawned":[1,2,10,16,21],"killed_by":"Shelled Parasite and Fungi","ascension_level":0}}