{"host":"6yklbc9za0aylqsj","time":1608401592,"event":{"mods":["AchievementEnabler","BaseMod","Bestiary","Colored Map","Colored Powertips","Minty Spire (QoL Compilation)","Rare Cards Sparkle","Relic Stats","Slay-I","StSLib"],"gold_per_floor":[109,129,149,149,160,160,176,176,176],"floor_reached":8,"playtime":274,"items_purged":[],"score":100,"play_id":"2ce6c4ae-7e81-4223-b53c-6355a18e5583","local_time":"20201219191312","is_ascension_mode":true,"campfire_choices":[{"data":"Zap","floor":6.0,"key":"SMITH"}],"circlet_count":0,"master_deck":["AscendersBane","Strike_B","Strike_B","Defend_B","Defend_B","Defend_B","Defend_B","Zap+1","Dualcast","Compile Driver","Cold Snap","Go for the Eyes","Leap"],"relics":["Cracked Core","Vajra"],"acts_visited":["Exordium"],"potions_floor_usage":[8],"damage_taken":[{"damage":1.0,"enemies":"Cultist","floor":1.0,"turns":3.0},{"damage":4.0,"enemies":"Jaw Worm","floor":2.0,"turns":3.0},{"damage":1.0,"enemies":"Small Slimes","floor":3.0,"turns":4.0},{"damage":9.0,"enemies":"2 Fungi Beasts","floor":5.0,"turns":3.0},{"damage":8.0,"enemies":"Exordium Thugs","floor":7.0,"turns":3.0},{"damage":26,"enemies":"Gremlin Nob","floor":8,"turns":3}],"seed_played":"-8701248797184476741","potions_obtained":[{"floor":3.0,"key":"SpeedPotion"},{"floor":7.0,"key":"GamblersBrew"}],"is_trial":false,"path_per_floor":["M","M","M","T","M","R","M","E"],"character_chosen":"DEFECT","items_purchased":[],"campfire_rested":0,"item_purchase_floors":[],"current_hp_per_floor":[45,41,40,40,31,31,23,0,0],"gold":176,"neow_bonus":"REMOVE_TWO","is_daily":false,"chose_seed":false,"campfire_upgraded":1,"win_rate":0.0,"timestamp":1608401592,"path_taken":["M","M","M","?","M","R","M","E"],"items_purchased_type":[],"build_version":"2020-12-13","purchased_purges":0,"victory":false,"max_hp_per_floor":[71,71,71,71,71,71,71,71,71],"relic_stats":{"counters":[6,19],"obtain_stats":[{"Vajra":4,"Cracked Core":0},{"Vajra":3,"Cracked Core":0},{"Vajra":10,"Cracked Core":0}]},"card_choices":[{"not_picked":["Redo","Conserve Battery","Hologram"],"picked":"SKIP","floor":1.0},{"not_picked":["Barrage","Stack"],"picked":"Compile Driver","floor":2.0},{"not_picked":["Conserve Battery","Go for the Eyes"],"picked":"Cold Snap","floor":3.0},{"not_picked":["Lockon","Beam Cell"],"picked":"Go for the Eyes","floor":5.0},{"not_picked":["Barrage","Turbo"],"picked":"Leap","floor":7.0}],"player_experience":670016,"relics_obtained":[{"floor":4.0,"key":"Vajra"}],"event_choices":[],"is_beta":false,"boss_relics":[],"items_purged_floors":[],"is_endless":false,"potions_floor_spawned":[3,7],"killed_by":"Gremlin Nob","ascension_level":20}}