{"host":"kw4o7b3ro2ktmmbe","time":1608365993,"event":{"mods":["BaseMod","Minty Spire (QoL Compilation)","StSLib","Treasure Hunter","WarShipGirlsR/战舰少女R mod"],"gold_per_floor":[403,678,344,355,374,374,21,50,99,99,119,46,46,69,69,170,170,187,59,59,59,72,110,110,110,110,110,35,35,63,86,86,200,200,221,280,280,305,305,305,340,365,392,97,118,139,170,18,18,29],"floor_reached":51,"playtime":7914,"items_purged":["Regret","Pain","Doubt"],"score":798,"play_id":"6f7a5afe-3521-40e7-bbfb-a30c6a3e90fd","local_time":"20201219211953","is_ascension_mode":false,"campfire_choices":[{"data":"rmod:chargemoney","floor":6.0,"key":"SMITH"},{"data":"TH:ElvenBoots","floor":13.0,"key":"SMITH"},{"data":"rmod:lonelyqueen","floor":15.0,"key":"SMITH"},{"data":"rmod:abidefaith","floor":24.0,"key":"SMITH"},{"data":"TH:BikiniMail","floor":27.0,"key":"SMITH"},{"data":"TH:BikiniMail","floor":29.0,"key":"SMITH"},{"data":"rmod:saltedfish","floor":32.0,"key":"SMITH"},{"data":"rmod:secretscript","floor":40.0,"key":"SMITH"},{"data":"rmod:diaomin","floor":49,"key":"SMITH"}],"circlet_count":0,"master_deck":["rmod:defend","rmod:defend","rmod:defend","rmod:defend","rmod:basicallowance","rmod:maingunfire+1","rmod:chargemoney+1","rmod:lonelyqueen+1","TH:CopperCoins","TH:ElvenBoots+1","rmod:mineteam","TH:BikiniMail+1","rmod:abidefaith+1","Bite","Bite","Bite","Bite","TH:CopperCoins","TH:BikiniMail+1","rmod:saltedfish+1","TH:ArmorSpikes","rmod:secretscript+1","rmod:rockthrower+1","Immolate","TH:DeckOfManyThings","TH:ArmorSpikes","rmod:diaomin+1","rmod:aluminumsupply+1","TH:CopperCoins"],"relics":["rmod:firstchargereward","Membership Card","rmod:extraamm","Centennial Puzzle","ClockworkSouvenir","CaptainsWheel","Ornamental Fan","Whetstone","MealTicket","WarpedTongs","Medical Kit","Cursed Key","Omamori","Necronomicon","Gambling Chip","PreservedInsect","rmod:monthlycard","Ginger","InkBottle","Regal Pillow","Orichalcum","Boot","Chemical X","Bag of Marbles","Torii"],"acts_visited":["Exordium","TheCity","TheBeyond"],"potions_floor_usage":[50,50],"damage_taken":[{"damage":4.0,"enemies":"Jaw Worm","floor":1.0,"turns":3.0},{"damage":0.0,"enemies":"Cultist","floor":4.0,"turns":3.0},{"damage":0.0,"enemies":"Small Slimes","floor":5.0,"turns":2.0},{"damage":4.0,"enemies":"Gremlin Nob","floor":8.0,"turns":4.0},{"damage":9.0,"enemies":"Exordium Thugs","floor":11.0,"turns":6.0},{"damage":6.0,"enemies":"Lots of Slimes","floor":14.0,"turns":9.0},{"damage":20.0,"enemies":"Slime Boss","floor":16.0,"turns":8.0},{"damage":5.0,"enemies":"Chosen","floor":18.0,"turns":7.0},{"damage":13.0,"enemies":"2 Thieves","floor":22.0,"turns":4.0},{"damage":28.0,"enemies":"Slavers","floor":23.0,"turns":9.0},{"damage":3.0,"enemies":"Centurion and Healer","floor":30.0,"turns":9.0},{"damage":19.0,"enemies":"Sentry and Sphere","floor":31.0,"turns":7.0},{"damage":33.0,"enemies":"Automaton","floor":33.0,"turns":11.0},{"damage":3.0,"enemies":"3 Darklings","floor":35.0,"turns":8.0},{"damage":37.0,"enemies":"2 Orb Walkers","floor":36.0,"turns":7.0},{"damage":5.0,"enemies":"3 Shapes","floor":38.0,"turns":8.0},{"damage":9.0,"enemies":"Giant Head","floor":41.0,"turns":7.0},{"damage":14.0,"enemies":"Writhing Mass","floor":42.0,"turns":5.0},{"damage":4.0,"enemies":"Maw","floor":45.0,"turns":7.0},{"damage":4.0,"enemies":"Transient","floor":46.0,"turns":7.0},{"damage":10.0,"enemies":"Nemesis","floor":47.0,"turns":5.0},{"damage":24,"enemies":"Awakened One","floor":50,"turns":10}],"seed_played":"1752383575634506779","potions_obtained":[{"floor":1.0,"key":"Strength Potion"},{"floor":14.0,"key":"SpeedPotion"},{"floor":18.0,"key":"LiquidBronze"},{"floor":30.0,"key":"FearPotion"},{"floor":31.0,"key":"Fire Potion"},{"floor":33.0,"key":"AttackPotion"},{"floor":42.0,"key":"SkillPotion"},{"floor":45.0,"key":"GamblersBrew"},{"floor":46.0,"key":"FearPotion"},{"floor":47.0,"key":"Weak Potion"}],"is_trial":false,"path_per_floor":["M","?","$","M","M","R","$","E","T","?","M","$","R","M","R","B",null,"M","$","?","?","M","E","R","$","T","R","$","R","M","M","R","B",null,"M","?","?","M","?","R","E","M","T","$","M","M","E","$","R","B",null],"character_chosen":"PRAEFECT","items_purchased":["Membership Card","rmod:extraamm","Centennial Puzzle","ClockworkSouvenir","CaptainsWheel","Ornamental Fan","Medical Kit","Omamori","PreservedInsect","Orichalcum","Boot","Chemical X","Torii"],"campfire_rested":0,"item_purchase_floors":[3,3,3,7,7,7,12,19,28,44,44,44,48],"current_hp_per_floor":[50,50,50,50,50,50,50,46,46,46,37,52,52,46,46,26,75,70,75,52,36,39,36,36,51,51,51,52,52,52,52,52,52,52,52,28,62,62,62,62,62,57,57,62,62,62,60,62,62,62],"gold":29,"neow_bonus":"TWO_FIFTY_GOLD","is_daily":false,"chose_seed":false,"campfire_upgraded":9,"win_rate":0.0,"timestamp":1608365993,"path_taken":["M","?","?","?","M","R","$","E","T","?","M","?","R","M","R","BOSS","M","?","?","?","M","E","R","?","T","R","$","R","M","M","R","BOSS","M","?","?","?","?","R","E","M","T","$","?","M","E","$","R","BOSS"],"items_purchased_type":["Relic","Relic","Relic","Relic","Relic","Relic","Relic","Relic","Relic","Relic","Relic","Relic","Relic"],"build_version":"2020-12-13","purchased_purges":3,"victory":true,"max_hp_per_floor":[75,75,75,75,75,75,75,75,75,75,75,75,75,75,75,75,75,75,75,52,52,52,52,52,52,52,52,52,52,52,52,52,52,52,52,52,62,62,62,62,62,62,62,62,62,62,62,62,62,62],"card_choices":[{"not_picked":["rmod:intelligenceanalysis","rmod:luckystar"],"picked":"rmod:chargemoney","floor":1.0},{"not_picked":["rmod:tearstotiara","rmod:aviationdawn"],"picked":"rmod:lonelyqueen","floor":4.0},{"not_picked":["rmod:intelligenceanalysis","rmod:firesupport","rmod:advancebysurprise"],"picked":"SKIP","floor":5.0},{"not_picked":["TH:Mimic"],"picked":"TH:CopperCoins","floor":8.0},{"not_picked":["rmod:diamondstrike","rmod:ammunitionsupply","rmod:aluminumsupply"],"picked":"SKIP","floor":8.0},{"not_picked":["TH:BikiniMail"],"picked":"TH:ElvenBoots","floor":9.0},{"not_picked":["rmod:intelligenceanalysis","rmod:launchingtorpedo"],"picked":"rmod:mineteam","floor":11.0},{"not_picked":["rmod:sl","rmod:intelligenceanalysis"],"picked":"rmod:desperatesituation","floor":14.0},{"not_picked":["TH:EnergyPotion"],"picked":"TH:BikiniMail","floor":16.0},{"not_picked":["rmod:desperatesituation","rmod:expeditionaryescort"],"picked":"rmod:abidefaith","floor":16.0},{"not_picked":["rmod:diamondstrike","rmod:fletcherpendant","rmod:steelsupply"],"picked":"SKIP","floor":18.0},{"not_picked":["rmod:salvage","rmod:diamondstrike+1","rmod:circuitoustactics"],"picked":"SKIP","floor":22.0},{"not_picked":["TH:PixieDust"],"picked":"TH:CopperCoins","floor":23.0},{"not_picked":["rmod:victimresponsibility","rmod:luckystar","rmod:aviationdawn"],"picked":"SKIP","floor":23.0},{"not_picked":["TH:ArmorSpikes"],"picked":"TH:BikiniMail","floor":26.0},{"not_picked":["rmod:fuelsupply","rmod:tearstotiara"],"picked":"rmod:saltedfish","floor":30.0},{"not_picked":["rmod:ammunitionsupply","rmod:firesupport","rmod:wolves"],"picked":"SKIP","floor":31.0},{"not_picked":["TH:TreasureMap"],"picked":"TH:ArmorSpikes","floor":33.0},{"not_picked":["rmod:desperatesituation","rmod:highspeedmaneuver"],"picked":"rmod:secretscript","floor":33.0},{"not_picked":["rmod:tearstotiara","rmod:fuelsupply","rmod:openingtorpedo"],"picked":"SKIP","floor":35.0},{"not_picked":["rmod:goodfighter","rmod:goodsister"],"picked":"rmod:rockthrower+1","floor":38.0},{"not_picked":["TH:CursedSword"],"picked":"TH:DeckOfManyThings","floor":41.0},{"not_picked":["rmod:diamondstrike+1","rmod:slowdown+1","rmod:mineteam"],"picked":"SKIP","floor":41.0},{"not_picked":["rmod:robin","rmod:goodsister","rmod:sl+1"],"picked":"SKIP","floor":42.0},{"not_picked":["TH:ElvenBoots"],"picked":"TH:ArmorSpikes","floor":43.0},{"not_picked":["rmod:spoils+1","rmod:gendarmerie+1"],"picked":"rmod:diaomin","floor":45.0},{"not_picked":["rmod:victimresponsibility","rmod:diamondstrike"],"picked":"rmod:aluminumsupply+1","floor":46.0},{"not_picked":["TH:BikiniMail"],"picked":"TH:CopperCoins","floor":47.0},{"not_picked":["rmod:diamondstrike+1","rmod:wolves","rmod:advancebysurprise+1"],"picked":"SKIP","floor":47.0}],"player_experience":1751670,"relics_obtained":[{"floor":8.0,"key":"Whetstone"},{"floor":9.0,"key":"MealTicket"},{"floor":21.0,"key":"Necronomicon"},{"floor":26.0,"key":"Gambling Chip"},{"floor":36.0,"key":"Ginger"},{"floor":41.0,"key":"InkBottle"},{"floor":43.0,"key":"Regal Pillow"},{"floor":47.0,"key":"Bag of Marbles"}],"event_choices":[{"damage_healed":0.0,"max_hp_gain":0.0,"max_hp_loss":0.0,"gold_gain":275.0,"event_name":"Golden Shrine","player_choice":"Desecrate","floor":2.0,"gold_loss":0.0,"damage_taken":0.0,"cards_obtained":["Regret"]},{"damage_healed":0.0,"max_hp_gain":0.0,"max_hp_loss":0.0,"gold_gain":0.0,"event_name":"Accursed Blacksmith","player_choice":"Rummage","floor":10.0,"gold_loss":0.0,"damage_taken":0.0,"relics_obtained":["WarpedTongs"],"cards_obtained":["Pain"]},{"damage_healed":0.0,"max_hp_gain":0.0,"max_hp_loss":23.0,"gold_gain":0.0,"event_name":"Vampires","player_choice":"Became a vampire","floor":20.0,"gold_loss":0.0,"damage_taken":0.0,"cards_obtained":["Bite","Bite","Bite","Bite","Bite"]},{"damage_healed":0.0,"max_hp_gain":0.0,"max_hp_loss":0.0,"gold_gain":0.0,"event_name":"Cursed Tome","player_choice":"Obtained Book","floor":21.0,"gold_loss":0.0,"damage_taken":16.0},{"damage_healed":0.0,"max_hp_gain":0.0,"max_hp_loss":0.0,"gold_gain":0.0,"event_name":"Mysterious Sphere","player_choice":"Fight","floor":36.0,"gold_loss":0.0,"damage_taken":0.0},{"cards_removed":["rmod:desperatesituation"],"damage_healed":24.0,"max_hp_gain":10.0,"max_hp_loss":0.0,"gold_gain":0.0,"event_name":"Bonfire Elementals","player_choice":"Offered Rare","floor":37.0,"gold_loss":0.0,"damage_taken":0.0},{"cards_removed":["Bite"],"damage_healed":0.0,"max_hp_gain":0.0,"max_hp_loss":0.0,"gold_gain":0.0,"event_name":"NoteForYourself","player_choice":"Took Card","floor":39.0,"gold_loss":0.0,"damage_taken":0.0,"cards_obtained":["Immolate"]}],"is_beta":false,"boss_relics":[{"not_picked":["Astrolabe","Tiny House"],"picked":"Cursed Key"},{"not_picked":["Pandora\u0027s Box","Black Star"],"picked":"rmod:monthlycard"}],"items_purged_floors":[3,19,44],"is_endless":false,"potions_floor_spawned":[1,14,18,30,31,33,42,45,46,47],"ascension_level":0}}