{"host":"bxn2em57qlx5u4i0","time":1608357837,"event":{"mods":["BaseMod","Colored Map","Colored Powertips","Highlight Path","Minty Spire (QoL Compilation)","Random Character Button","Relic Sorter","Relic Stats","StSLib","SuperFastMode"],"gold_per_floor":[10,10,10,10,10,44,44,87,113,129,143,186,209,134,134,230,230,249,33,33,33,51,51,95,95,95,95,95],"floor_reached":27,"playtime":702,"items_purged":["Strike_G","Strike_G"],"score":544,"play_id":"572d5f35-ef5d-43b0-8947-9256dcf5baa0","local_time":"20201219010357","is_ascension_mode":true,"campfire_choices":[{"data":"Poisoned Stab","floor":7.0,"key":"SMITH"},{"data":"Deadly Poison","floor":15.0,"key":"SMITH"},{"data":"After Image","floor":23.0,"key":"SMITH"},{"data":"Terror","floor":25.0,"key":"SMITH"}],"circlet_count":0,"master_deck":["AscendersBane","Strike_G+1","Strike_G+1","Strike_G+1","Defend_G+1","Defend_G+1","Defend_G+1","Defend_G+1","Defend_G+1","Survivor","Neutralize","Quick Slash+1","Poisoned Stab+1","Flying Knee","Terror+1","Deadly Poison+1","After Image+1","PiercingWail"],"relics":["Ring of the Snake","FossilizedHelix","Golden Idol","Blue Candle","Dead Branch","Art of War","Bronze Scales","Cursed Key","Pen Nib"],"acts_visited":["Exordium","TheCity"],"potions_floor_usage":[27],"damage_taken":[{"damage":0.0,"enemies":"Small Slimes","floor":1.0,"turns":4.0},{"damage":14.0,"enemies":"Gremlin Nob","floor":6.0,"turns":6.0},{"damage":25.0,"enemies":"3 Sentries","floor":8.0,"turns":10.0},{"damage":0.0,"enemies":"2 Louse","floor":10.0,"turns":2.0},{"damage":0.0,"enemies":"Jaw Worm","floor":11.0,"turns":2.0},{"damage":0.0,"enemies":"Gremlin Nob","floor":12.0,"turns":3.0},{"damage":0.0,"enemies":"Red Slaver","floor":13.0,"turns":4.0},{"damage":18.0,"enemies":"The Guardian","floor":16.0,"turns":9.0},{"damage":0.0,"enemies":"Shell Parasite","floor":18.0,"turns":4.0},{"damage":0.0,"enemies":"2 Thieves","floor":22.0,"turns":4.0},{"damage":4.0,"enemies":"Book of Stabbing","floor":24.0,"turns":5.0},{"damage":54,"enemies":"Gremlin Leader","floor":27,"turns":11}],"seed_played":"3638251233614976037","potions_obtained":[{"floor":5.0,"key":"EntropicBrew"},{"floor":5.0,"key":"SpeedPotion"},{"floor":6.0,"key":"BlessingOfTheForge"},{"floor":10.0,"key":"Strength Potion"},{"floor":22.0,"key":"EssenceOfSteel"}],"is_trial":false,"path_per_floor":["M","$","?","?","?","E","R","E","T","M","M","E","M","$","R","B",null,"M","$","$","?","M","R","E","R","T","E"],"character_chosen":"THE_SILENT","items_purchased":["DistilledChaos","PiercingWail"],"campfire_rested":0,"item_purchase_floors":[19,19],"current_hp_per_floor":[59,59,59,59,59,45,45,20,20,20,20,20,20,20,20,2,46,46,46,46,46,46,46,42,42,42,0,0],"gold":95,"neow_bonus":"ONE_RARE_RELIC","is_daily":false,"chose_seed":false,"campfire_upgraded":4,"win_rate":0.0,"timestamp":1608357837,"path_taken":["M","$","?","?","?","E","R","E","T","M","?","E","M","$","R","BOSS","M","?","$","?","M","R","E","R","T","E"],"items_purchased_type":["Potion","Card"],"build_version":"2020-12-13","purchased_purges":2,"victory":false,"max_hp_per_floor":[66,66,60,60,60,60,60,60,60,60,60,60,60,60,60,60,60,60,60,60,60,60,60,60,60,60,60,60],"relic_stats":{"counters":[12,64],"Golden Idol":72,"Blue Candle":[2],"Dead Branch":[20],"Bronze Scales":[129],"Pen Nib":[2],"Art of War":[8],"Cursed Key":0,"obtain_stats":[{"Golden Idol":3,"Blue Candle":6,"Dead Branch":8,"Bronze Scales":12,"Pen Nib":24,"Art of War":9,"Cursed Key":17,"FossilizedHelix":0,"Ring of the Snake":0},{"Golden Idol":1,"Blue Candle":2,"Dead Branch":3,"Bronze Scales":6,"Pen Nib":11,"Art of War":3,"Cursed Key":8,"FossilizedHelix":0,"Ring of the Snake":0},{"Golden Idol":4,"Blue Candle":10,"Dead Branch":20,"Bronze Scales":27,"Pen Nib":53,"Art of War":20,"Cursed Key":40,"FossilizedHelix":0,"Ring of the Snake":0}],"Ring of the Snake":[24]},"card_choices":[{"not_picked":["Backflip","Catalyst"],"picked":"Quick Slash","floor":1.0},{"not_picked":["Cloak And Dagger","Phantasmal Killer"],"picked":"Poisoned Stab","floor":6.0},{"not_picked":["Outmaneuver","Prepared"],"picked":"Flying Knee","floor":8.0},{"not_picked":["Flying Knee","Dagger Throw","Poisoned Stab"],"picked":"SKIP","floor":10.0},{"not_picked":["Bane","Distraction"],"picked":"Terror","floor":11.0},{"not_picked":["Eviscerate","Prepared"],"picked":"Deadly Poison","floor":12.0},{"not_picked":["Skewer","Cloak And Dagger","Dodge and Roll"],"picked":"SKIP","floor":13.0},{"not_picked":["A Thousand Cuts","Wraith Form v2"],"picked":"After Image","floor":16.0},{"not_picked":["Distraction","Blur","Prepared"],"picked":"SKIP","floor":18.0},{"not_picked":["Acrobatics","Bane","Dagger Throw"],"picked":"SKIP","floor":22.0},{"not_picked":["Expertise","Dash","Dodge and Roll"],"picked":"SKIP","floor":24.0}],"player_experience":2812718,"relics_obtained":[{"floor":6.0,"key":"Blue Candle"},{"floor":8.0,"key":"Dead Branch"},{"floor":9.0,"key":"Art of War"},{"floor":12.0,"key":"Bronze Scales"},{"floor":24.0,"key":"Pen Nib"}],"event_choices":[{"damage_healed":0.0,"max_hp_gain":0.0,"max_hp_loss":6.0,"gold_gain":0.0,"event_name":"Golden Idol","player_choice":"Lose Max HP","floor":3.0,"gold_loss":0.0,"damage_taken":0.0,"relics_obtained":["Golden Idol"]},{"damage_healed":0.0,"max_hp_gain":0.0,"max_hp_loss":0.0,"gold_gain":0.0,"event_name":"Living Wall","player_choice":"Grow","floor":4.0,"gold_loss":0.0,"damage_taken":0.0,"cards_upgraded":["Quick Slash"]},{"damage_healed":0.0,"max_hp_gain":0.0,"max_hp_loss":0.0,"gold_gain":0.0,"event_name":"Lab","player_choice":"Got Potions","floor":5.0,"gold_loss":0.0,"damage_taken":0.0},{"damage_healed":0.0,"max_hp_gain":0.0,"max_hp_loss":0.0,"gold_gain":0.0,"event_name":"Back to Basics","player_choice":"Simplicity","floor":21.0,"gold_loss":0.0,"damage_taken":0.0,"cards_upgraded":["Strike_G","Strike_G","Strike_G","Defend_G","Defend_G","Defend_G","Defend_G","Defend_G"]}],"is_beta":false,"boss_relics":[{"not_picked":["Sozu","HoveringKite"],"picked":"Cursed Key"}],"items_purged_floors":[14,19],"is_endless":false,"potions_floor_spawned":[6,10,11,22],"killed_by":"Gremlin Leader","ascension_level":20}}