{"host":"72u2l81w7bxoihz9","time":1608385558,"event":{"mods":["Act Like it!","Aspiration","BaseMod","BetterRewards","Dota2Spire","Downfall","Friendly Minions","Gensokyo","GifTheSpireLib","Hallownest","Hermit","KinomotoSakuraMod(木之本樱)","Luminous","Marisa（F雨　魔理沙）","Minty Spire (QoL Compilation)","MostiFishMod","Prisma Mod","Remilia（蕾米莉亚）","Replay The Spire","Shop Mod","Spicy Shops","StSLib","Td1madao Mod","TestMod","The Bug Knight","The Construct","The Cursed","The Gatherer","TheWitcher","UnlockEverythingMod","Yuyuko","[IsaacMod]以撒尖塔","noobMod","vexMod","【东方二次创作】八云紫mod","【功能Mod】聪明的最终Boss","篝火指南"],"gold_per_floor":[125,125,159,175,1,38,38,138,162,162,204,267,267,321,321,429,429,443,358,371,427,475,212,263,263,263,263,285,285,335,394,394,513,513,536,612,628,688,353,382,113,128,128,233,113,131,206,76,76,258,258,258],"floor_reached":51,"playtime":5148,"items_purged":["Hallownest:skillSlugHide","BasicCrystalCard","Pain","Strike_B+1","Hallownest:skillSlugHide"],"score":5587,"play_id":"40dfe417-bd1f-483a-a514-fdb1c7bf4a44","local_time":"20201219214558","is_ascension_mode":true,"campfire_choices":[{"data":"Apotheosis","floor":7.0,"key":"SMITH"},{"data":"Strike_B","floor":10.0,"key":"SMITH"},{"data":"Strike_B","floor":13.0,"key":"SMITH"},{"data":"MostiFishMod:Exploitation","floor":15.0,"key":"SMITH"},{"data":"Strike_B+1","floor":25.0,"key":"SMITH"},{"data":"Strike_B+2","floor":27.0,"key":"SMITH"},{"floor":49.0,"key":"REST"}],"circlet_count":0,"master_deck":["AscendersBane","Strike_B+1","Strike_B+1","Strike_B+1","Zap","Dualcast","BettingIsNotGood","Storm+1","Redo","Apotheosis+1","Consume","Hallownest:skillSlugHide","Hallownest:skillSlugHide","Hallownest:skillSlugHide","Impatience+1","FIFO Queue","Reinforced Body","MostiFishMod:Exploitation+1","MostiFishMod:ReadyAimFire","aspiration:Polymerization","Cold Snap+1","Double Energy+1","BasicCrystalCard+1","MostiFishMod:SparklingWater","Gash","Leap","Conserve Battery","Defragment","Force Field+1","ReplayTheSpireMod:Calculation Training","Leap"],"relics":["Cracked Core","testmod-TestBox","HushsDoor","DaveBox","ice","testmod-TheFather","HowToJump","EGODaCapo","MerchantsRug","DianDianMeat","Question Card","Dodecahedron","Dota2Spire:HandOfMidas","Simple Rune","vexMod:BarristanHead","ImportantClient","construct:WeddingRing","Geode","testmod-BalancedPeriapt","m_GuardianBlood","testmod-Hope","FeatherPendant","Bag of Marbles","Leech","aspiration:EnhancedActuators","Blue Doll","White Beast Statue","BookOfRevelations"],"acts_visited":["Exordium","TheCity","TheBeyond"],"potions_floor_usage":[],"damage_taken":[{"damage":12.0,"enemies":"Hallownest:2_Tiktiks_and_1_Crawlid","floor":1.0,"turns":3.0},{"damage":5.0,"enemies":"Hallownest:2_MossCreeps","floor":3.0,"turns":5.0},{"damage":3.0,"enemies":"Hallownest:monsterHuskGuard","floor":4.0,"turns":4.0},{"damage":0.0,"enemies":"Hallownest:eliteMossKnight","floor":6.0,"turns":5.0},{"damage":6.0,"enemies":"Hallownest:eliteVengeflyKing","floor":8.0,"turns":5.0},{"damage":1.0,"enemies":"Hallownest:monsterMossCharger","floor":11.0,"turns":3.0},{"damage":7.0,"enemies":"Hallownest:eliteCrystalGuardian","floor":12.0,"turns":5.0},{"damage":0.0,"enemies":"Hallownest:monsterAspidMother","floor":14.0,"turns":5.0},{"damage":28.0,"enemies":"Hallownest:BossFalseKnight","floor":16.0,"turns":8.0},{"damage":0.0,"enemies":"3 Byrds","floor":18.0,"turns":1.0},{"damage":0.0,"enemies":"2 Thieves","floor":20.0,"turns":2.0},{"damage":2.0,"enemies":"Cultist and Chosen","floor":21.0,"turns":5.0},{"damage":17.0,"enemies":"Centurion and Healer","floor":22.0,"turns":4.0},{"damage":42.0,"enemies":"Chosen and Byrds","floor":24.0,"turns":6.0},{"damage":16.0,"enemies":"Shelled Parasite and Fungi","floor":28.0,"turns":4.0},{"damage":0.0,"enemies":"Sentry and Sphere","floor":30.0,"turns":1.0},{"damage":25.0,"enemies":"Book of Stabbing","floor":31.0,"turns":5.0},{"damage":6.0,"enemies":"Pondfish","floor":33.0,"turns":6.0},{"damage":0.0,"enemies":"3 Darklings","floor":35.0,"turns":2.0},{"damage":0.0,"enemies":"3 Shapes","floor":37.0,"turns":2.0},{"damage":30.0,"enemies":"Maw","floor":38.0,"turns":3.0},{"damage":0.0,"enemies":"Nemesis","floor":40.0,"turns":1.0},{"damage":0.0,"enemies":"3 Darklings","floor":42.0,"turns":1.0},{"damage":12.0,"enemies":"Spire Growth","floor":46.0,"turns":2.0},{"damage":22.0,"enemies":"Maw","floor":47.0,"turns":4.0},{"damage":27.0,"enemies":"Donu and Deca","floor":50.0,"turns":21.0},{"damage":0,"enemies":"Awakened One","floor":51,"turns":1}],"seed_played":"8710930123898080000","potions_obtained":[{"floor":3.0,"key":"LifebloodPotion"},{"floor":6.0,"key":"Guardian:BlockOnCardUsePotion"},{"floor":8.0,"key":"Languid Potion"},{"floor":14.0,"key":"Dota2Spire:HealingSalve"},{"floor":20.0,"key":"Fire Potion"},{"floor":21.0,"key":"Strength Potion"},{"floor":22.0,"key":"testmod-SpacePotion"},{"floor":30.0,"key":"Fire Potion"},{"floor":31.0,"key":"testmod-EscapePotion"},{"floor":37.0,"key":"Death Potion"},{"floor":40.0,"key":"SneckoOil"},{"floor":42.0,"key":"EssenceOfDarkness"},{"floor":46.0,"key":"Dota2Spire:Clarity"},{"floor":47.0,"key":"Reflective Coating"}],"is_trial":false,"path_per_floor":["M","?","M","M","$","E","R","E","T","R","M","E","R","M","R","B",null,"M","?","M","M","M","R","M","R","T","R","M","?","M","E","R","B",null,"M","?","M","M","$","E","R","M","T","R","$","M","M","$","R","B","B"],"character_chosen":"DEFECT","items_purchased":["MerchantsRug","Storm+1","Redo","Apotheosis","FIFO Queue","Dodecahedron","aspiration:Polymerization","MostiFishMod:SparklingWater","vexMod:PaidLearning","aspiration:EnhancedActuators","Blue Doll","BookOfRevelations"],"campfire_rested":1,"item_purchase_floors":[0,0,0,0,5,5,17,23,39,41,41,48],"current_hp_per_floor":[32,57,60,62,71,81,81,86,86,86,107,100,100,105,105,118,159,159,159,174,198,198,216,184,184,184,184,225,225,234,215,234,234,234,234,234,234,234,234,234,234,234,234,234,234,234,229,229,234,228,228,228],"gold":258,"neow_bonus":"","is_daily":false,"chose_seed":false,"campfire_upgraded":6,"win_rate":0.0,"timestamp":1608385558,"path_taken":["M","?","M","M","?","E","R","E","T","R","M","E","R","M","R","BOSS","M","?","M","M","M","R","M","R","T","R","M","?","M","E","R","BOSS","M","?","M","M","$","E","R","M","T","R","$","M","M","?","R","BOSS","BOSS"],"items_purchased_type":["Relic","Card","Card","Card","Card","Relic","Card","Card","Relic","Relic","Relic","Relic"],"build_version":"2020-12-13","purchased_purges":5,"victory":false,"max_hp_per_floor":[74,99,107,107,116,126,126,137,137,137,149,149,149,149,149,162,168,168,168,183,199,216,234,234,234,234,234,234,234,234,234,234,234,234,234,234,234,234,234,234,234,234,234,234,234,234,234,234,234,234,234,234],"card_choices":[{"not_picked":[],"picked":"BettingIsNotGood","floor":0.0},{"not_picked":["Leap","Coolheaded"],"picked":"Consume","floor":1.0},{"not_picked":["Eviscerate","Dagger Throw","Gatherer:QuickSynthesis"],"picked":"Impatience","floor":3.0},{"not_picked":["Sunder","TheCursedMod:FuryStrike","Slimebound:SplitBruiser","Gatherer:QuickSynthesis"],"picked":"SKIP","floor":4.0},{"not_picked":["FIFO Queue","Leap","Reboot"],"picked":"Reinforced Body","floor":6.0},{"not_picked":["Cancel","Turbo","Genetic Algorithm"],"picked":"MostiFishMod:Exploitation","floor":8.0},{"not_picked":["Steam Power","Hologram","FTL"],"picked":"BasicCrystalCard","floor":11.0},{"not_picked":["Barrage","Beam Cell","ReplayTheSpireMod:Omega Cannon","Tempest"],"picked":"SKIP","floor":12.0},{"not_picked":["Crystallizer","Steam","Streamline","Cancel"],"picked":"SKIP","floor":14.0},{"not_picked":["ReplayTheSpireMod:Fabricate Wheel","MostiFishMod:STOP","MostiFishMod:Nova"],"picked":"MostiFishMod:ReadyAimFire","floor":16.0},{"not_picked":["Undo","Hologram","ReplayTheSpireMod:Repulse","Streamline"],"picked":"SKIP","floor":18.0},{"not_picked":["Storm","BootSequence","FIFO Queue"],"picked":"Cold Snap+1","floor":20.0},{"not_picked":["MostiFishMod:ReprogramOld+1","Compile Driver","Beam Cell"],"picked":"Double Energy+1","floor":21.0},{"not_picked":["Gash","Ball Lightning","Stack"],"picked":"BasicCrystalCard+1","floor":22.0},{"not_picked":["Stack","Steam Power","Darkness","Go for the Eyes+1"],"picked":"SKIP","floor":24.0},{"not_picked":["Skim","Ball Lightning","Storm+1"],"picked":"Gash","floor":28.0},{"not_picked":["Heavy Blade","Redo","Hologram"],"picked":"Leap","floor":30.0},{"not_picked":["Guardian:FloatingOrbs","BasicCrystalCard+1","Stack","Barrage"],"picked":"SKIP","floor":31.0},{"not_picked":["ReplaySolidLightProjector","Barrage","Fan"],"picked":"Conserve Battery","floor":35.0},{"not_picked":["Rebound","Beam Cell","Stack"],"picked":"Defragment","floor":36.0},{"not_picked":["Streamline+1","Sweeping Beam","Barrage+1"],"picked":"Force Field+1","floor":36.0},{"not_picked":["Streamline","Coolheaded+1","Beam Cell","Compile Driver"],"picked":"SKIP","floor":37.0},{"not_picked":["Rebound","Cancel","Steam"],"picked":"ReplayTheSpireMod:Calculation Training","floor":38.0},{"not_picked":["MostiFishMod:UniBlue","ReplayTheSpireMod:Calculation Training+1","ReplaySolidLightProjector","Stack+1"],"picked":"SKIP","floor":40.0},{"not_picked":["Hologram","Force Field","Rebound","Ball Lightning"],"picked":"SKIP","floor":42.0},{"not_picked":["Go for the Eyes+1","Barrage","MostiFishMod:Exploitation"],"picked":"Leap","floor":46.0},{"not_picked":["Sweeping Beam","Consume","Sunder","Conserve Battery"],"picked":"SKIP","floor":47.0}],"player_experience":129511,"relics_obtained":[{"floor":1.0,"key":"Question Card"},{"floor":1.0,"key":"PrismaticShard"},{"floor":6.0,"key":"Dota2Spire:HandOfMidas"},{"floor":8.0,"key":"Simple Rune"},{"floor":9.0,"key":"Orichalcum"},{"floor":12.0,"key":"vexMod:BarristanHead"},{"floor":16.0,"key":"ImportantClient"},{"floor":26.0,"key":"testmod-BalancedPeriapt"},{"floor":31.0,"key":"testmod-Hope"},{"floor":36.0,"key":"Bag of Marbles"},{"floor":40.0,"key":"Leech"},{"floor":43.0,"key":"White Beast Statue"}],"event_choices":[{"damage_healed":0.0,"max_hp_gain":0.0,"max_hp_loss":0.0,"gold_gain":0.0,"event_name":"Addict","player_choice":"Obtained Relic","floor":19.0,"gold_loss":85.0,"damage_taken":0.0,"relics_obtained":["Geode"]}],"is_beta":false,"boss_relics":[{"not_picked":["Replay:Drink Me","vexMod:ImprovementManual"],"picked":"construct:WeddingRing"},{"not_picked":[]},{"not_picked":["testmod-EnergyCheck","Replay:Ancient Bell"],"picked":"FeatherPendant"},{"not_picked":[]}],"items_purged_floors":[17,23,39,39,45],"is_endless":false,"potions_floor_spawned":[3,6,8,14,20,21,22,30,31,37,40,42,46,47],"killed_by":"Awakened One","ascension_level":20}}