{"host":"Pickles","time":1608347165,"event":{"mods":["BaseMod","Dio Mod","Downfall","Duelist Mod","GifTheSpireLib","GungeonMod","Hermit","Hero for Fun","Kratos Character Expansion","Marisa????????","Minty Spire (QoL Compilation)","StSLib","The Animator","The Blackbeard","The Bug Knight","The Cursed","The Exalted","The Hierophant","The Necromancer","The Poker Player","The Runesmith","The Senshi","The Servant 0.9.4","The Wild Card","TheWitcher"],"gold_per_floor":[118,137,151,164,134,134,147,172,172,224,246,246,262,289,289,289,289],"floor_reached":16,"playtime":1199,"items_purged":[],"score":108,"play_id":"6f29f51e-0306-4285-8799-cf0a255d0025","local_time":"20201219140605","is_ascension_mode":false,"campfire_choices":[{"floor":6,"key":"REST"},{"floor":12,"key":"REST"},{"floor":15,"key":"REST"}],"circlet_count":0,"master_deck":["Strike_MRS","Strike_MRS","Strike_MRS","Strike_MRS","Defend_MRS","Defend_MRS","Defend_MRS","Defend_MRS","MasterSpark","UpSweep","SporeBomb","OortCloud","GrandCross","StarBarrage","MagicAbsorber","Robbery","OrrerysSun","CasketOfStar","DoubleSpark","OpenUniverse"],"relics":["MiniHakkero","NeowsBlessing","DemoMod:Bottle","theSenshi:SailorFukuRelic","DemoMod:GlassGuonStoneRelic"],"acts_visited":["Exordium"],"potions_floor_usage":[8,8,10,11],"damage_taken":[{"damage":0,"enemies":"Cultist","floor":1,"turns":1},{"damage":0,"enemies":"2 Louse","floor":2,"turns":1},{"damage":0,"enemies":"Jaw Worm","floor":3,"turns":1},{"damage":15,"enemies":"Exordium Thugs","floor":4,"turns":4},{"damage":8,"enemies":"Looter","floor":7,"turns":3},{"damage":38,"enemies":"3 Sentries","floor":8,"turns":9},{"damage":11,"enemies":"2 Fungi Beasts","floor":10,"turns":3},{"damage":10,"enemies":"Blue Slaver","floor":11,"turns":6},{"damage":10,"enemies":"Looter","floor":13,"turns":4},{"damage":15,"enemies":"Large Slime","floor":14,"turns":5},{"damage":31,"enemies":"The Guardian","floor":16,"turns":2}],"seed_played":"8199607666923244767","potions_obtained":[{"floor":2,"key":"LiquidMemories"},{"floor":3,"key":"sneckomod:MuddlingPotion"},{"floor":5,"key":"Block Potion"},{"floor":5,"key":"ColorlessPotion"},{"floor":8,"key":"AttackPotion"}],"is_trial":false,"path_per_floor":["M","M","M","M","?","R","M","E","T","M","M","R","M","M","R","B"],"character_chosen":"MARISA","items_purchased":[],"campfire_rested":3,"item_purchase_floors":[],"current_hp_per_floor":[75,75,75,60,60,75,67,29,29,18,8,30,20,5,27,0,0],"gold":289,"neow_bonus":"THREE_ENEMY_KILL","is_daily":false,"chose_seed":false,"campfire_upgraded":0,"win_rate":0.0,"timestamp":1608347165,"path_taken":["M","M","M","M","?","R","M","E","T","M","M","R","M","M","R","BOSS"],"items_purchased_type":[],"build_version":"2020-12-17","purchased_purges":0,"victory":false,"max_hp_per_floor":[75,75,75,75,75,75,75,75,75,75,75,75,75,75,75,75,75],"card_choices":[{"not_picked":["Acceleration","DarkMatter"],"picked":"SporeBomb","floor":1},{"not_picked":["SporeBomb","AsteroidBelt"],"picked":"OortCloud","floor":2},{"not_picked":["OrrerysSun","GravityBeat"],"picked":"GrandCross","floor":3},{"not_picked":["SporeBomb","GalacticHalo"],"picked":"StarBarrage","floor":4},{"not_picked":["StarBarrage","DragonMeteor"],"picked":"MagicAbsorber","floor":7},{"not_picked":["LuminesStrike","EarthLightRay"],"picked":"Robbery","floor":8},{"not_picked":["WitchLeyline","EventHorizon"],"picked":"OrrerysSun","floor":10},{"not_picked":["6A","AsteroidBelt"],"picked":"CasketOfStar","floor":11},{"not_picked":["SporeBomb","MaximisePower"],"picked":"DoubleSpark","floor":13},{"not_picked":["MagicAbsorber","NonDirectionalLaser"],"picked":"OpenUniverse","floor":14}],"player_experience":204853,"relics_obtained":[{"floor":8,"key":"DemoMod:Bottle"},{"floor":9,"key":"theSenshi:SailorFukuRelic"}],"event_choices":[{"damage_healed":0,"gold_gain":0,"player_choice":"Bought 2 Potions","damage_taken":0,"max_hp_gain":0,"max_hp_loss":0,"event_name":"The Woman in Blue","floor":5,"gold_loss":0}],"is_beta":true,"boss_relics":[],"items_purged_floors":[],"is_endless":false,"potions_floor_spawned":[2,3,8],"killed_by":"The Guardian","ascension_level":0}}