{"host":"jgyoyy5iuhtvyvtg","time":1608347603,"event":{"mods":["2.2 Compatiblity","BaseMod","Challenge The Spire","Colored Map","Conspire","Downfall","Hermit","Highlight Path","Infinite Spire","Lobotomy","LobotomyExtend","Minty Spire (QoL Compilation)","Quick Restart","Replay The Spire","Spikes Relics","StSLib","The Construct","The Disciple","The Jungle","Yuri Mod"],"gold_per_floor":[110,122,135,153,44,44,44,44,44,63,63,63,74,93,93,196,196,213,213,38,51,51,51,51,61,61,61,86,86,98,109,109,204,304,304],"floor_reached":34,"playtime":984,"items_purged":[],"score":364,"play_id":"e9d3d216-078c-4da8-96b8-b1ca90affbd7","local_time":"20201218191323","is_ascension_mode":false,"campfire_choices":[{"data":"Judgement","floor":6,"key":"SMITH"},{"data":"LessonLearned","floor":8,"key":"SMITH"},{"data":"Looming Evil","floor":15,"key":"PURGE"},{"data":"LikeWater","floor":24,"key":"SMITH"},{"floor":27,"key":"REST"},{"floor":29,"key":"REST"},{"floor":32,"key":"REST"}],"circlet_count":0,"master_deck":["Strike_P","Strike_P","Strike_P","Strike_P","Defend_P","Defend_P+1","Defend_P+1","Defend_P","Eruption+1","Vigilance+1","OSAHOGD","ReachHeaven+1","LessonLearned+1","Judgement+1","FearNoEvil+1","Vengeance","FlurryOfBlows","UniverseFragment","Wallop","FlurryOfBlows","LikeWater+1","Conclude","Woodsman","WindmillStrike+1","FollowUp+1","Vault"],"relics":["PureWater","CogitoBucket","RabbitCall","LetterFromLob","Ice Cream","Ring of Fury","AspirationHeart","construct:ClawGrip","theJungle:ShellPeas","BackwardClock","MealTicket","ZombieTooth","Replay:Wanted Poster"],"acts_visited":["Exordium","Exordium"],"potions_floor_usage":[16,25,33],"damage_taken":[{"damage":0,"enemies":"Cultist","floor":1,"turns":2},{"damage":3,"enemies":"2 Louse","floor":2,"turns":3},{"damage":8,"enemies":"Jaw Worm","floor":3,"turns":4},{"damage":0,"enemies":"Looter","floor":4,"turns":3},{"damage":1,"enemies":"Exordium Thugs","floor":10,"turns":3},{"damage":15,"enemies":"3 Louse","floor":13,"turns":3},{"damage":5,"enemies":"Exordium Wildlife","floor":14,"turns":5},{"damage":12,"enemies":"Hexaghost","floor":16,"turns":9},{"damage":0,"enemies":"theJungle:5_Spyders","floor":18,"turns":4},{"damage":6,"enemies":"theJungle:GiantWrat","floor":21,"turns":3},{"damage":41,"enemies":"theJungle:SlimyTreeVines","floor":25,"turns":6},{"damage":52,"enemies":"Nightmare","floor":28,"turns":5},{"damage":12,"enemies":"theJungle:2_Snecko_Cultists","floor":30,"turns":4},{"damage":14,"enemies":"theJungle:JungleHuntersEncounter","floor":31,"turns":4},{"damage":58,"enemies":"theJungle:TotemBoss","floor":33,"turns":5}],"seed_played":"7541935416840248832","potions_obtained":[{"floor":1,"key":"PowerPotion"},{"floor":4,"key":"Languid Potion"},{"floor":10,"key":"Elixir"},{"floor":16,"key":"Explosive Potion"},{"floor":25,"key":"Elixir"},{"floor":30,"key":"LiquidBronze"},{"floor":31,"key":"DuplicationPotion"},{"floor":33,"key":"GamblersBrew"}],"is_trial":false,"path_per_floor":["M","M","M","M","$","R","E","R","T","M","?","?","M","M","R_BF","B",null,"M","?","?","M","$","?","R","M","T","R","NM","R","M","M","R","B",null],"character_chosen":"WATCHER","items_purchased":["FearNoEvil","Vengeance"],"campfire_rested":3,"item_purchase_floors":[5,5],"current_hp_per_floor":[72,69,61,61,61,61,61,61,61,60,60,60,55,50,50,38,82,82,82,82,76,76,76,76,35,35,59,7,31,31,29,53,37,37,37],"gold":304,"neow_bonus":"","is_daily":false,"chose_seed":false,"campfire_upgraded":3,"win_rate":0.0,"timestamp":1608347603,"path_taken":["M","M","M","M","$","R","E","R","T","M","?","?","?","M","R_BF","BOSS","M","?","?","?","?","?","R","M","T","R","NM","R","?","M","R","BOSS"],"items_purchased_type":["Card","Card"],"build_version":"2020-12-13","purchased_purges":0,"victory":false,"max_hp_per_floor":[72,72,72,72,72,72,72,72,72,72,72,72,82,82,82,82,82,82,82,82,82,82,82,82,82,82,82,82,82,82,82,82,82,82,82],"card_choices":[{"not_picked":["MHz","PunishingBird"],"picked":"OSAHOGD","floor":1},{"not_picked":["ThirdEye","ForeignInfluence"],"picked":"ReachHeaven","floor":1},{"not_picked":["ShyLook","CrumblingArmor","BeautyBeast"],"picked":"Singing Bowl","floor":2},{"not_picked":["Halt","Replay:Cycle"],"picked":"LessonLearned","floor":2},{"not_picked":["Murderer","WallGazer","Wellcheers"],"picked":"Singing Bowl","floor":3},{"not_picked":["ThirdEye","WheelKick"],"picked":"Judgement","floor":3},{"not_picked":["Yin","CrumblingArmor","WallGazer"],"picked":"Singing Bowl","floor":4},{"not_picked":["FlyingSleeves","Sanctity","Adaptation"],"picked":"SKIP","floor":4},{"not_picked":["Murderer","DespairKnight","ShyLook"],"picked":"Singing Bowl","floor":10},{"not_picked":["BowlingBash","JustLucky","Pray"],"picked":"SKIP","floor":10},{"not_picked":["SpiderBud","VoidDream","MeatLantern"],"picked":"Singing Bowl","floor":13},{"not_picked":["SpiritShield","ClearTheMind"],"picked":"FlurryOfBlows","floor":13},{"not_picked":["SpiderBud","CherryBlossoms"],"picked":"UniverseFragment","floor":14},{"not_picked":["Evaluate","ThirdEye"],"picked":"Wallop","floor":14},{"not_picked":["Murderer","MeatLantern","OldLady"],"picked":"Singing Bowl","floor":16},{"not_picked":["QueenOfHatred","DespairKnight","DreamingCurrent"],"picked":"Singing Bowl","floor":18},{"not_picked":["Replay:Hum","Crescendo"],"picked":"FlurryOfBlows","floor":18},{"not_picked":["Rudolta","SnowQueen","LongBird"],"picked":"Singing Bowl","floor":21},{"not_picked":["Swivel","Adaptation"],"picked":"LikeWater","floor":21},{"not_picked":["WallGazer","RedShoes","MeltingLove"],"picked":"Singing Bowl","floor":25},{"not_picked":["ThirdEye","Pray"],"picked":"Conclude","floor":25},{"not_picked":["BigBird","CherryBlossoms"],"picked":"Woodsman","floor":28},{"not_picked":["SashWhip","JustLucky+1"],"picked":"WindmillStrike","floor":28},{"not_picked":["Porccubus","GreedKing","WallGazer"],"picked":"Singing Bowl","floor":30},{"not_picked":["BowlingBash","Replay:ManipulateFuture+1","Protect"],"picked":"SKIP","floor":30},{"not_picked":["Alriune","QueenBee","BigBird"],"picked":"Singing Bowl","floor":31},{"not_picked":["CarveReality","LessonLearned"],"picked":"FollowUp+1","floor":31},{"not_picked":["Scarecrow","NakedNest","Porccubus"],"picked":"Singing Bowl","floor":33},{"not_picked":["SpiritShield","Scrawl"],"picked":"Vault","floor":33}],"player_experience":3164397,"relics_obtained":[{"floor":1,"key":"LetterFromLob"},{"floor":9,"key":"Ice Cream"},{"floor":11,"key":"Ring of Fury"},{"floor":26,"key":"MealTicket"},{"floor":28,"key":"ZombieTooth"}],"event_choices":[{"damage_healed":0,"gold_gain":0,"player_choice":"Leave","damage_taken":0,"max_hp_gain":0,"max_hp_loss":0,"event_name":"conspire:Investor","floor":23,"gold_loss":0}],"is_beta":false,"boss_relics":[{"not_picked":["ReplayTheSpireMod:SealedPack","Velvet Choker"],"picked":"construct:ClawGrip"},{"not_picked":["Kintsugi","construct:WeddingRing"],"picked":"Replay:Wanted Poster"}],"items_purged_floors":[],"is_endless":true,"potions_floor_spawned":[1,4,10,16,25,30,31,33],"ascension_level":0}}