{"host":"cfluht5kr2kfk9p9","time":1608363573,"event":{"mods":["ATMod(°¢èªMod)","BaseMod","GungeonMod","Highlight Path","Koishi","Minty Spire (QoL Compilation)","Quick Restart","Rare Cards Sparkle","Relic Stats","Replay The Spire","RumiaBox-Â¶Ã×æ«µÄÉñÃØºÐ×Ó","Spicy Shops","StSLib","TestMod","The Alterego","[IsaacMod]ÒÔÈö¼âËþ","¡¾¹¦ÄÜMod¡¿»ìãçÖ®»·ÐÞ¸´²¹¶¡","¡¾ÒÅÎï¿¨ÅÆ¡¿REMEMod"],"gold_per_floor":[110,182,182,194,194,194,82,111,182,201,216,11,28,28,28,133,133,151,76,94,109,109,109,109],"floor_reached":23,"playtime":872,"items_purged":["Strike_B","Strike_B"],"score":241,"play_id":"113cf52c-2006-401f-abf8-b8cabf12dec1","local_time":"20201219153933","is_ascension_mode":false,"campfire_choices":[{"data":"Omniscience","floor":6.0,"key":"SMITH"},{"data":"DemoMod:Spice","floor":15,"key":"SMITH"}],"circlet_count":0,"master_deck":["Defend_B","Defend_B","Defend_B","Zap","Dualcast","AT_DarkMatter","Omniscience+1","ReplaySort","Glacier","AT_EMC2","Redo+1","DemoMod:Spice+1","Self Repair","Ball Lightning","Creative AI","DemoMod:Spice+1","DemoMod:Spice","DemoMod:Spice+1"],"relics":["Cracked Core","HushsDoor","REME_ComplimentaryCards","testmod-TestBox","AT_ATBox","NeowsBlessing","testmod-CyclicPeriapt","BelialBook","testmod-Antiphasic","testmod-ArcanaOfDestiny","BargainBundle","Coffee Dripper","Nilry\u0027s Codex"],"acts_visited":["Exordium","TheCity"],"potions_floor_usage":[16,21],"damage_taken":[{"damage":0.0,"enemies":"2 Louse","floor":1.0,"turns":1.0},{"damage":0.0,"enemies":"Small Slimes","floor":4.0,"turns":1.0},{"damage":0,"enemies":"3 Sentries","floor":8,"turns":1},{"damage":0,"enemies":"Cultist","floor":10,"turns":2},{"damage":6,"enemies":"Blue Slaver","floor":11,"turns":2},{"damage":0,"enemies":"Large Slime","floor":13,"turns":6},{"damage":4,"enemies":"Slime Boss","floor":16,"turns":7},{"damage":19,"enemies":"3 Byrds","floor":18,"turns":5},{"damage":0,"enemies":"Chosen","floor":20,"turns":3},{"damage":2,"enemies":"Snake Plant","floor":21,"turns":3},{"damage":42,"enemies":"Slavers","floor":23,"turns":3}],"seed_played":"7866332716797552856","potions_obtained":[{"floor":2.0,"key":"Flashbang"},{"floor":2.0,"key":"Dexterity Potion"},{"floor":2.0,"key":"DuplicationPotion"},{"floor":10,"key":"DistilledChaos"},{"floor":18,"key":"SteroidPotion"}],"is_trial":false,"path_per_floor":["M","?","?","M","?","R","$","E","T","M","M","$","M","$","R","B",null,"M","?","M","M","?","E"],"character_chosen":"DEFECT","items_purchased":["Redo+1","BargainBundle","DemoMod:Spice","Self Repair"],"campfire_rested":0,"item_purchase_floors":[7,12,12,12],"current_hp_per_floor":[75,75,75,75,68,68,68,68,68,68,62,62,71,71,71,67,67,49,49,53,45,29,0,0],"gold":109,"neow_bonus":"THREE_ENEMY_KILL","is_daily":false,"chose_seed":false,"campfire_upgraded":2,"win_rate":0.0,"timestamp":1608363573,"path_taken":["M","?","?","?","?","R","$","E","T","M","M","$","M","$","R","BOSS","M","?","M","M","?","E"],"items_purchased_type":["Card","Relic","Card","Card"],"build_version":"2020-12-13","purchased_purges":2,"victory":false,"max_hp_per_floor":[75,75,75,75,75,75,75,75,75,75,75,75,71,71,71,67,67,61,61,53,45,45,47,47],"relic_stats":{"counters":[11,34],"obtain_stats":[{"KeepersGift":0,"BargainBundle":12,"testmod-TestBox":0,"AT_ATBox":0,"NeowsBlessing":0,"Nilry\u0027s Codex":22,"BelialBook":0,"testmod-CyclicPeriapt":0,"DemoMod:GlassGuonStoneRelic":1,"testmod-Antiphasic":8,"Coffee Dripper":17,"Cracked Core":0,"HushsDoor":0,"testmod-ArcanaOfDestiny":9,"REME_ComplimentaryCards":0},{"KeepersGift":0,"BargainBundle":5,"testmod-TestBox":0,"AT_ATBox":0,"NeowsBlessing":0,"Nilry\u0027s Codex":10,"BelialBook":0,"testmod-CyclicPeriapt":0,"DemoMod:GlassGuonStoneRelic":1,"testmod-Antiphasic":3,"Coffee Dripper":7,"Cracked Core":0,"HushsDoor":0,"testmod-ArcanaOfDestiny":3,"REME_ComplimentaryCards":0},{"KeepersGift":0,"BargainBundle":7,"testmod-TestBox":0,"AT_ATBox":0,"NeowsBlessing":0,"Nilry\u0027s Codex":31,"BelialBook":0,"testmod-CyclicPeriapt":0,"DemoMod:GlassGuonStoneRelic":1,"testmod-Antiphasic":3,"Coffee Dripper":20,"Cracked Core":0,"HushsDoor":0,"testmod-ArcanaOfDestiny":3,"REME_ComplimentaryCards":0}]},"card_choices":[{"not_picked":["Beam Cell","Time Bomb"],"picked":"ReplaySort","floor":1.0},{"not_picked":["Bomb","Barrage"],"picked":"Glacier","floor":2.0},{"not_picked":["Sweeping Beam","Redo"],"picked":"AT_EMC2","floor":4.0},{"not_picked":["Hologram","Beam Cell","BootSequence"],"picked":"SKIP","floor":8},{"not_picked":["Genetic Algorithm","Cold Snap","Stack"],"picked":"SKIP","floor":10},{"not_picked":["Genetic Algorithm","Cold Snap","Stack"],"picked":"SKIP","floor":10},{"not_picked":["Gash","Streamline","Crystallizer"],"picked":"SKIP","floor":11},{"not_picked":["Multi-Cast","FIFO Queue"],"picked":"Ball Lightning","floor":13},{"not_picked":["Biased Cognition","Amplify"],"picked":"Creative AI","floor":16},{"not_picked":["Barrage+1","BasicCrystalCard"],"picked":"DemoMod:Spice+1","floor":18},{"not_picked":["Go for the Eyes","ReplayTheSpireMod:Calculation Training"],"picked":"DemoMod:Spice","floor":20},{"not_picked":["DemoMod:Spice","Steam"],"picked":"DemoMod:Spice+1","floor":21}],"player_experience":5205,"relics_obtained":[{"floor":8,"key":"testmod-Antiphasic"},{"floor":9,"key":"testmod-ArcanaOfDestiny"},{"floor":22,"key":"Nilry\u0027s Codex"}],"event_choices":[{"cards_removed":["Strike_B"],"damage_healed":0.0,"max_hp_gain":0.0,"max_hp_loss":0.0,"gold_gain":0.0,"event_name":"Golden Wing","player_choice":"Card Removal","floor":5.0,"gold_loss":0.0,"damage_taken":7.0},{"cards_removed":["Defend_B"],"damage_healed":0,"gold_gain":0,"player_choice":"Gave Gold","damage_taken":0,"max_hp_gain":0,"max_hp_loss":0,"event_name":"Beggar","floor":19,"gold_loss":75},{"damage_healed":0,"gold_gain":0,"player_choice":"Obtained Book","damage_taken":16,"max_hp_gain":0,"max_hp_loss":0,"event_name":"Cursed Tome","floor":22,"gold_loss":0}],"is_beta":false,"boss_relics":[{"not_picked":["Replay:Grab Bag","testmod-Fanaticism"],"picked":"Coffee Dripper"},{"not_picked":[]}],"items_purged_floors":[7,12],"is_endless":false,"potions_floor_spawned":[10,11,18,20],"killed_by":"Slavers","ascension_level":0}}