{"host":"egyxg9lnjq7g2hmw","time":1608347750,"event":{"mods":["AchievementEnabler","BaseMod","Block Reminder","Colored Map","Colored Powertips","Highlight Path","Minty Spire (QoL Compilation)","Rare Cards Sparkle","StSLib"],"gold_per_floor":[117,117,117,127,154,154,182,182,182,182,182],"floor_reached":10,"playtime":825,"items_purged":[],"score":128,"play_id":"4063f57e-f54b-44e8-9746-4f0a6bc0a143","local_time":"20201218191550","is_ascension_mode":true,"campfire_choices":[{"floor":6,"key":"REST"},{"floor":8,"key":"REST"}],"circlet_count":0,"master_deck":["AscendersBane","Strike_G","Strike_G","Strike_G","Strike_G","Defend_G","Defend_G+1","Defend_G","Defend_G","Defend_G+1","Survivor","Neutralize","Swift Strike","Backstab","Backflip","Dash"],"relics":["Ring of the Snake","Anchor","Ornamental Fan","Singing Bowl"],"acts_visited":["Exordium"],"potions_floor_usage":[7],"damage_taken":[{"damage":4,"enemies":"Small Slimes","floor":1,"turns":4},{"damage":0,"enemies":"2 Louse","floor":4,"turns":2},{"damage":40,"enemies":"Gremlin Nob","floor":7,"turns":5},{"damage":32,"enemies":"3 Sentries","floor":10,"turns":11}],"seed_played":"7359254648737117217","potions_obtained":[{"floor":4,"key":"SpeedPotion"}],"is_trial":false,"path_per_floor":["M","?","?","M","T","R","E","R","T","E"],"character_chosen":"THE_SILENT","items_purchased":[],"campfire_rested":2,"item_purchase_floors":[],"current_hp_per_floor":[55,48,28,28,28,47,7,26,26,0,0],"gold":182,"neow_bonus":"RANDOM_COLORLESS","is_daily":false,"chose_seed":false,"campfire_upgraded":0,"win_rate":0.0,"timestamp":1608347750,"path_taken":["M","?","?","M","?","R","E","R","T","E"],"items_purchased_type":[],"build_version":"2020-12-13","purchased_purges":0,"victory":false,"max_hp_per_floor":[66,66,66,66,66,66,66,66,66,66,66],"card_choices":[{"not_picked":["Forethought","Jack Of All Trades"],"picked":"Swift Strike","floor":0},{"not_picked":["Poisoned Stab","Dodge and Roll"],"picked":"Backstab","floor":1},{"not_picked":["Quick Slash","Dodge and Roll"],"picked":"Backflip","floor":4},{"not_picked":["Caltrops","Tactician"],"picked":"Dash","floor":7}],"player_experience":524048,"relics_obtained":[{"floor":5,"key":"Anchor"},{"floor":7,"key":"Ornamental Fan"},{"floor":9,"key":"Singing Bowl"}],"event_choices":[{"cards_removed":["Strike_G"],"damage_healed":0,"gold_gain":0,"player_choice":"Card Removal","damage_taken":7,"max_hp_gain":0,"max_hp_loss":0,"event_name":"Golden Wing","floor":2,"gold_loss":0},{"damage_healed":0,"gold_gain":0,"player_choice":"Entered Light","damage_taken":20,"max_hp_gain":0,"max_hp_loss":0,"event_name":"Shining Light","floor":3,"gold_loss":0,"cards_upgraded":["Defend_G","Defend_G"]}],"is_beta":false,"boss_relics":[],"items_purged_floors":[],"is_endless":false,"potions_floor_spawned":[4],"killed_by":"3 Sentries","ascension_level":20}}