{"host":"dwyzfvnzfcqffr30","time":1608386720,"event":{"mods":["2.2 Compatiblity","Act Like it!","BaseMod","Beaked The Cultist","Better Altar","Better Sensory Stone","Better Third Choice","Clockwork Mod","Colored Map","Colored Powertips","Conspire","Downfall","Elementarium","GifTheSpireLib","Halation","Hermit","Hubris","Jedi Mod","Menagerie","Mimic Mod","Minty Spire (QoL Compilation)","Permanent Neow","Random Character Button","Replay The Spire","Spicy Shops","StSLib","Stuff the Spire","The Construct","The Druid","TheFirefly","Trackpad","vexMod"],"gold_per_floor":[118,118,18,30,40,67,67,96,170,170,185,410,2,2,2,107,107,118,118,134,134,160,187,187,187,187,221,240,276,276,322,387,505,505,524,524,524,186,221,270,300,4,39,89,89,15,69,107,107,127,127,127,11,66,66,66],"floor_reached":55,"playtime":4867,"items_purged":["hermit:Covet+1"],"score":1128,"play_id":"36c66086-0db0-47ac-897a-35316aab8108","local_time":"20201219060520","is_ascension_mode":true,"campfire_choices":[{"floor":10.0,"key":"REST"},{"floor":15,"key":"RECALL"},{"floor":30,"key":"REST"},{"floor":49,"key":"REST"},{"floor":52,"key":"REST"}],"circlet_count":0,"master_deck":["hermit:Strike_Hermit+1","hermit:Strike_Hermit+1","hermit:Strike_Hermit+1","hermit:Strike_Hermit+1","hermit:Defend_Hermit+1","hermit:Defend_Hermit+1","hermit:Defend_Hermit+1","hermit:Defend_Hermit+1","hermit:Snapshot+1","Delirium","MasterReality+1","hermit:Manifest+1","hermit:Determination+1","hermit:Desperado+1","hermit:Glare+1","hermit:Deadeye+1","hermit:SprayPray+1","Shame","Menagerie:MirarisWake+1","Menagerie:MirarisWake+1","hermit:HeroicBravado+1","hermit:HeroicBravado+1","hermit:Snipe+1","Doubt","hermit:Snipe+1","hermit:Coalescence+1","hermit:LowProfile+1","Elementarium:GildedForm+1","hermit:Grudge+1","Madness+1","hermit:ShadowCloak+1","hermit:ShadowCloak+1","hermit:Determination+1"],"relics":["hermit:Momento","vexMod:RedPlottingStone","Bottled Tornado","Quantum Egg","Frozen Egg 2","Toxic Egg 2","Molten Egg 2","Juzu Bracelet","hubris:EvacipatedBox","hubris:FruitBowl","hubris:Towel","Blood Vial","Menagerie:MalignantTentacle","conspire:BottledYoYo","trackpad:BottledTsunami","Mummified Hand","halation:NonexistentMirror","jedi:heavyjacket","Onion Ring","vexMod:InvisibilityCloak","Toy Ornithopter","hermit:CharredGlove","Elementarium:ElementariumTrophy","hermit:DentedPlate","trackpad:WritersBlock","Lee\u0027s Waffle","vexMod:HeadHunter","Torii","halation:SwordOfLegend","hubris:GlazedTorus","halation:TwoAmDonut","halation:Jellyphish","hubris:Zylophone","halation:LostSnail","StuffTheSpire:NeowsTribute","halation:PrussianBluePaint"],"acts_visited":["Menagerie:Menagerie","Elementarium:Elementarium","TheBeyond","TheEnding"],"potions_floor_usage":[16,20,22,27,28,40,40],"damage_taken":[{"damage":0.0,"enemies":"Menagerie:WhisperingWraith","floor":1.0,"turns":4.0},{"damage":0.0,"enemies":"Menagerie:MonstrousExperiment","floor":4.0,"turns":3.0},{"damage":0.0,"enemies":"Menagerie:2_RABBITS","floor":5.0,"turns":2.0},{"damage":6.0,"enemies":"Menagerie:VoidReaper","floor":6.0,"turns":6.0},{"damage":11.0,"enemies":"Menagerie:Hydra","floor":8.0,"turns":4.0},{"damage":0.0,"enemies":"Menagerie:RedMage","floor":11.0,"turns":3.0},{"damage":14,"enemies":"Menagerie:Chimera","floor":16,"turns":6},{"damage":10,"enemies":"Elementarium:2_ELEMENTALS","floor":18,"turns":3},{"damage":10,"enemies":"Elementarium:MUD_AND_TAR_GOLEMS","floor":20,"turns":3},{"damage":6,"enemies":"conspire:MimicChest","floor":22,"turns":5},{"damage":3,"enemies":"Elementarium:WarGolem","floor":23,"turns":3},{"damage":2,"enemies":"Elementarium:ElementalPortal","floor":27,"turns":6},{"damage":14,"enemies":"Elementarium:RubyGolem","floor":28,"turns":3},{"damage":0,"enemies":"Elementarium:3_ELEMENTALS","floor":29,"turns":3},{"damage":0,"enemies":"Elementarium:WarGolem","floor":31,"turns":5},{"damage":0,"enemies":"Elementarium:PHOENIXES","floor":33,"turns":6},{"damage":2,"enemies":"Orb Walker","floor":35,"turns":3},{"damage":0,"enemies":"3 Shapes","floor":39,"turns":7},{"damage":0,"enemies":"Giant Head","floor":40,"turns":6},{"damage":1,"enemies":"Transient","floor":41,"turns":5},{"damage":0,"enemies":"Sphere and 2 Shapes","floor":43,"turns":6},{"damage":0,"enemies":"R_Hoarder","floor":44,"turns":6},{"damage":63,"enemies":"Reptomancer","floor":47,"turns":6},{"damage":7,"enemies":"Sphere and 2 Shapes","floor":48,"turns":6},{"damage":94,"enemies":"conspire:OrnateMirror","floor":50,"turns":9},{"damage":11,"enemies":"Shield and Spear","floor":54,"turns":6},{"damage":76,"enemies":"The Heart","floor":55,"turns":6}],"seed_played":"4084937808063411453","potions_obtained":[{"floor":5.0,"key":"LiquidBronze"},{"floor":8.0,"key":"jedi:holywater"},{"floor":11.0,"key":"AttackPotion"},{"floor":20,"key":"Fire Potion"},{"floor":23,"key":"SteroidPotion"},{"floor":29,"key":"hermit:Tonic"},{"floor":31,"key":"FearPotion"},{"floor":48,"key":"Elixir"}],"is_trial":false,"path_per_floor":["M","?","$","M","M","E","?","E","T","R","M","?","$","?","R","B",null,"M","?","M","?","?","E","?","?","T","E","M","M","R","E","R_BF","B",null,"M","?","?","$","M","E","M","$","MIM","E","?","$","E","M","R","B",null,"R","$","E","B"],"character_chosen":"HERMIT","items_purchased":["hermit:Determination+1","Mummified Hand","halation:NonexistentMirror","hermit:ShadowCloak+1","trackpad:WritersBlock","Lee\u0027s Waffle","Torii","halation:Jellyphish","hermit:Determination+1","halation:LostSnail"],"campfire_rested":4,"item_purchase_floors":[3,13,13,38,38,38,42,46,53,53],"current_hp_per_floor":[75,75,75,75,75,69,69,60,60,75,75,75,75,75,75,61,75,65,65,57,57,53,61,61,51,51,51,44,46,68,70,70,72,120,120,96,96,134,134,134,133,133,134,134,134,134,71,66,115,23,23,66,66,57,0,0],"gold":66,"neow_bonus":"ONE_RARE_RELIC","is_daily":false,"chose_seed":false,"campfire_upgraded":0,"win_rate":0.0,"timestamp":1608386720,"path_taken":["M","?","?","M","M","E","?","E","T","R","M","?","$","?","R","BOSS","M","?","M","?","?","E","?","?","T","E","M","M","R","E","R_BF","BOSS","M","?","?","$","M","E","M","$","MIM","E","?","$","E","M","R","BOSS","R","$","E","BOSS"],"items_purchased_type":["Card","Relic","Relic","Card","Relic","Relic","Relic","Relic","Card","Relic"],"build_version":"2020-12-13","purchased_purges":1,"victory":false,"max_hp_per_floor":[75,75,75,75,75,75,75,75,75,75,75,75,75,75,75,75,75,75,75,75,75,75,84,69,76,76,76,76,76,76,76,76,76,124,124,124,124,134,134,134,134,134,134,134,134,134,134,134,134,134,134,134,134,134,134,134],"card_choices":[{"not_picked":["hermit:Desperado+1","hermit:Ricochet+1"],"picked":"hermit:Manifest+1","floor":1.0},{"not_picked":["hermit:TrackingShot+1","hermit:Misfire+1"],"picked":"hermit:Desperado+1","floor":4.0},{"not_picked":["hermit:Adapt+1","hermit:CalledShot+1"],"picked":"hermit:Glare+1","floor":5.0},{"not_picked":["hermit:HighNoon+1","hermit:Feint+1"],"picked":"hermit:Deadeye+1","floor":6.0},{"not_picked":["hermit:Roulette+1","hermit:Dissolve+1","hermit:ItchyTrigger+1"],"picked":"SKIP","floor":8.0},{"not_picked":["hermit:Deadeye+1","hermit:Shortfuse+1"],"picked":"hermit:SprayPray+1","floor":11.0},{"not_picked":["Menagerie:Staggershock+1","Menagerie:LightningHelix+1"],"picked":"Menagerie:MirarisWake+1","floor":14},{"not_picked":["hermit:FinalCanter+1","hermit:OverwhelmingPower+1"],"picked":"hermit:HeroicBravado+1","floor":16},{"not_picked":["hermit:Maintenance+1","hermit:Coalescence+1"],"picked":"hermit:Snipe+1","floor":18},{"not_picked":["hermit:ItchyTrigger+1","hermit:Quickdraw+1"],"picked":"hermit:Coalescence+1","floor":20},{"not_picked":["hermit:CalledShot+1","hermit:Snipe+1"],"picked":"hermit:LowProfile+1","floor":23},{"not_picked":["hermit:Roulette+1","hermit:SprayPray+1","hermit:Showdown+1"],"picked":"SKIP","floor":27},{"not_picked":["hermit:LowProfile+1","hermit:GoldenBullet+1","hermit:HoleUp+1"],"picked":"SKIP","floor":28},{"not_picked":["hermit:WideOpen+1","hermit:TrackingShot+1"],"picked":"hermit:Grudge+1","floor":29},{"not_picked":["hermit:LowProfile+1","hermit:Manifest+1","hermit:Headshot+1"],"picked":"SKIP","floor":31},{"not_picked":["hermit:TrackingShot+1","hermit:Combo+1","hermit:Roulette+1"],"picked":"SKIP","floor":35},{"not_picked":["hermit:Ricochet+1","hermit:DeadOrAlive+1","hermit:Feint+1"],"picked":"SKIP","floor":39},{"not_picked":["hermit:Dive+1","hermit:GoldenBullet+1","hermit:Feint+1"],"picked":"SKIP","floor":40},{"not_picked":["hermit:Glare+1","hermit:Feint+1","hermit:HoleUp+1"],"picked":"SKIP","floor":41},{"not_picked":["hermit:Snipe+1","hermit:Vantage+1"],"picked":"hermit:ShadowCloak+1","floor":44},{"not_picked":["hermit:RoundhouseKick","hermit:Gambit","hermit:Magnum"],"picked":"SKIP","floor":44},{"not_picked":["hermit:Magnum","hermit:Purgatory","hermit:OverwhelmingPower"],"picked":"SKIP","floor":47},{"not_picked":["hermit:CalledShot+1","hermit:Combo+1","hermit:Snipe+1"],"picked":"SKIP","floor":47},{"not_picked":["hermit:SprayPray+1","hermit:BodyArmor+1","hermit:Vantage+1"],"picked":"SKIP","floor":48},{"not_picked":["hermit:OverwhelmingPower","hermit:Roughhouse","hermit:DeadOrAlive"],"picked":"SKIP","floor":54},{"not_picked":["hermit:Virtue+1","hermit:HoleUp+1","hermit:Headshot+1"],"picked":"SKIP","floor":54}],"player_experience":2078058,"relics_obtained":[{"floor":6.0,"key":"Blood Vial"},{"floor":8.0,"key":"conspire:BottledYoYo"},{"floor":9.0,"key":"trackpad:BottledTsunami"},{"floor":22,"key":"Onion Ring"},{"floor":23,"key":"vexMod:BerryBomb"},{"floor":26,"key":"vexMod:InvisibilityCloak"},{"floor":27,"key":"Toy Ornithopter"},{"floor":31,"key":"hermit:CharredGlove"},{"floor":40,"key":"vexMod:HeadHunter"},{"floor":43,"key":"halation:SwordOfLegend"},{"floor":43,"key":"hubris:GlazedTorus"},{"floor":44,"key":"halation:TwoAmDonut"},{"floor":47,"key":"hubris:Zylophone"},{"floor":54,"key":"StuffTheSpire:NeowsTribute"}],"event_choices":[{"damage_healed":0.0,"max_hp_gain":0.0,"max_hp_loss":8.0,"gold_gain":0.0,"event_name":"betterThird:BetterWriting","player_choice":"Simplicity","floor":0.0,"gold_loss":0.0,"damage_taken":0.0},{"damage_healed":0.0,"max_hp_gain":0.0,"max_hp_loss":0.0,"gold_gain":0.0,"event_name":"Upgrade Shrine","player_choice":"Upgraded","floor":0.0,"gold_loss":0.0,"damage_taken":0.0,"cards_upgraded":["hermit:Snapshot"]},{"damage_healed":0.0,"max_hp_gain":0.0,"max_hp_loss":0.0,"gold_gain":0.0,"event_name":"Upgrade Shrine","player_choice":"Upgraded","floor":0.0,"gold_loss":0.0,"damage_taken":0.0,"cards_upgraded":["hermit:Covet"]},{"damage_healed":0.0,"max_hp_gain":0.0,"max_hp_loss":0.0,"gold_gain":0.0,"event_name":"Menagerie:CorruptingLight","player_choice":"Enter","floor":7.0,"gold_loss":0.0,"damage_taken":0.0,"cards_upgraded":[],"relics_obtained":["Menagerie:MalignantTentacle"]},{"damage_healed":0.0,"max_hp_gain":0.0,"max_hp_loss":0.0,"gold_gain":225.0,"event_name":"Menagerie:SpiderNest","player_choice":"Raid","floor":12.0,"gold_loss":0.0,"damage_taken":0.0,"cards_obtained":["Shame"]},{"damage_healed":0,"gold_gain":0,"player_choice":"Peek","damage_taken":0,"max_hp_gain":0,"max_hp_loss":0,"event_name":"Menagerie:OvergrownLibrary","floor":14,"gold_loss":0},{"damage_healed":0,"gold_gain":0,"player_choice":"Embrace","damage_taken":0,"max_hp_gain":0,"max_hp_loss":0,"event_name":"Elementarium:VoidShrine","floor":19,"gold_loss":0,"cards_obtained":["Doubt","hermit:Snipe"]},{"damage_healed":0,"gold_gain":0,"player_choice":"Dive in","damage_taken":0,"max_hp_gain":0,"max_hp_loss":10,"event_name":"Elementarium:FountainOfGold","floor":24,"gold_loss":0,"cards_obtained":["Elementarium:GildedForm"]},{"damage_healed":0,"gold_gain":0,"player_choice":"Sacrifice","damage_taken":17,"max_hp_gain":5,"max_hp_loss":0,"event_name":"Elementarium:RadiantAltar","floor":25,"gold_loss":0},{"damage_healed":0,"gold_gain":3,"player_choice":"2","damage_taken":0,"max_hp_gain":0,"max_hp_loss":24,"event_name":"betterStone:BetterStone","floor":36,"gold_loss":0}],"is_beta":false,"boss_relics":[{"not_picked":["hubris:GrandSneckoEye","Empty Cage","halation:PlatinumPhoenix","Honey Jar"]},{"not_picked":["halation:SmartPhone","beaked:SacredDeck","jedi:hotpepper"],"picked":"hermit:DentedPlate"}],"items_purged_floors":[13],"is_endless":false,"potions_floor_spawned":[5,8,11,20,23,29,31,33,35,39,44,48],"killed_by":"The Heart","ascension_level":2}}