{"host":"4nnhb5rglsgyie7t","time":1608369355,"event":{"mods":["Act Like it!","BaseMod","Challenge The Spire","Gensokyo","Koishi","Marisa（F雨　魔理沙）","Minty Spire (QoL Compilation)","Prisma Mod","Remilia（蕾米莉亚）","Replay The Spire","Shop Mod","StSLib","Td1madao Mod","The Servant 0.9.4","Youmu（魂魄妖梦）","Yuyuko","【东方二次创作】八云紫mod","【功能Mod】聪明的最终Boss","【角色mod】十八桐人"],"gold_per_floor":[124,156,194,226,226,278,278,65,88,137,173,173,173,203,203,325,325,354,354,354,354,66,66,66,124,124,169,206,229,283,62,62,86,86],"floor_reached":33,"playtime":3083,"items_purged":[],"score":316,"play_id":"b60707c6-b026-454d-9a8e-891983fbc1b6","local_time":"20201219171555","is_ascension_mode":false,"campfire_choices":[{"floor":7.0,"key":"RECALL"},{"floor":15.0,"key":"REST"},{"data":"TheWorld","floor":24.0,"key":"SMITH"},{"floor":32.0,"key":"REST"}],"circlet_count":0,"master_deck":["Strike_S","Strike_S","Defend_S","Defend_S+1","Defend_S","Defend_S","KidneyShot","Exchange","SurpressingFire","Starlight","Revamp","Revamp+1","Dilation","LightFlow","BestPractice","TheWorld+1","CurseOfTheBell","Defy+1","Gensokyo:FourOfAKind","Gensokyo:FourOfAKind","Gensokyo:FourOfAKind","Gensokyo:FourOfAKind","Gensokyo:SpontaneousHumanCombustion","FlawlessForm","Comet","SilverBlades"],"relics":["Uniform","Replay:Bandana","Juzu Bracelet","ClockworkSouvenir","Pet Ghost","Pocketwatch","Gensokyo:NagashiBinaDoll","Calling Bell","Omamori","Divine Protection","CaptainsWheel","ReplayFunnel","MerchantsRug","Strawberry","Art of War","War Paint","Anchor"],"acts_visited":["Exordium","Gensokyo:Gensokyo"],"potions_floor_usage":[],"damage_taken":[{"damage":11.0,"enemies":"Gensokyo:3_Fairies","floor":1.0,"turns":5.0},{"damage":0.0,"enemies":"Gensokyo:Python","floor":2.0,"turns":4.0},{"damage":0.0,"enemies":"Gensokyo:Gryphon","floor":4.0,"turns":3.0},{"damage":5.0,"enemies":"Gensokyo:Aya","floor":6.0,"turns":6.0},{"damage":5.0,"enemies":"Gensokyo:Mamizou","floor":10.0,"turns":11.0},{"damage":0.0,"enemies":"Gensokyo:2_Rabbits","floor":11.0,"turns":1.0},{"damage":3.0,"enemies":"Gensokyo:3_Kodama","floor":14.0,"turns":2.0},{"damage":2.0,"enemies":"Gensokyo:Reimu","floor":16.0,"turns":9.0},{"damage":6.0,"enemies":"Gensokyo:3_Dogs","floor":18.0,"turns":6.0},{"damage":6.0,"enemies":"Gensokyo:Reisen","floor":25.0,"turns":2.0},{"damage":0.0,"enemies":"Gensokyo:CosmicMonolith","floor":28.0,"turns":2.0},{"damage":5.0,"enemies":"Gensokyo:Wraith","floor":29.0,"turns":5.0},{"damage":25.0,"enemies":"Gensokyo:Tenshi","floor":30.0,"turns":3.0},{"damage":47,"enemies":"Gensokyo:Eternal_Rivals","floor":33,"turns":3}],"seed_played":"4623426561196539301","potions_obtained":[{"floor":1.0,"key":"Weak Potion"},{"floor":3.0,"key":"LiquidBronze"},{"floor":3.0,"key":"Elixir"},{"floor":3.0,"key":"BlessingOfTheForge"},{"floor":6.0,"key":"Explosive Potion"},{"floor":14.0,"key":"Ancient Potion"},{"floor":18.0,"key":"LifebloodPotion"},{"floor":29.0,"key":"SpeedPotion"},{"floor":30.0,"key":"SpeedPotion"}],"is_trial":false,"path_per_floor":["M","M","?","M","?","E","R","$","T","E","M","?","?","M","R","B",null,"M","?","?","?","$","?","R","E","T","T","M","M","E","$","R","B"],"character_chosen":"THE_SERVANT","items_purchased":["Dilation","ClockworkSouvenir","ReplayFunnel","MerchantsRug","SilverBlades","Anchor"],"campfire_rested":2,"item_purchase_floors":[8,8,22,22,31,31],"current_hp_per_floor":[54,54,28,28,28,23,23,23,23,18,18,18,18,15,34,32,65,59,46,42,42,42,42,42,43,43,43,43,38,13,13,27,0,0],"gold":86,"neow_bonus":"RANDOM_COMMON_RELIC","is_daily":false,"chose_seed":false,"campfire_upgraded":1,"win_rate":0.0,"timestamp":1608369355,"path_taken":["M","M","?","?","?","E","R","$","T","E","M","?","?","M","R","BOSS","M","?","?","?","$","?","R","E","T","?","M","M","E","?","R","BOSS"],"items_purchased_type":["Card","Relic","Relic","Relic","Card","Relic"],"build_version":"2020-12-13","purchased_purges":0,"victory":false,"max_hp_per_floor":[65,65,65,65,65,65,65,65,65,65,65,65,65,65,65,65,65,65,46,42,42,42,42,42,49,49,49,49,49,49,49,49,49,49],"card_choices":[{"not_picked":["Sabotage","Starlight"],"picked":"SurpressingFire","floor":1.0},{"not_picked":["TimeWarp","Rearm"],"picked":"Starlight","floor":2.0},{"not_picked":["Desolation","Unruled"],"picked":"Revamp","floor":3.0},{"not_picked":["Spin","Defy"],"picked":"Sabotage","floor":4.0},{"not_picked":["Defy","Misdirection"],"picked":"Revamp","floor":6.0},{"not_picked":["Snipe","Shuttle"],"picked":"LightFlow","floor":10.0},{"not_picked":["Replace","BottledTime"],"picked":"BestPractice","floor":11.0},{"not_picked":["Replace","DualDimension","FanOfKnives"],"picked":"SKIP","floor":14.0},{"not_picked":["MurderousAura","FloweringNight"],"picked":"TheWorld","floor":16.0},{"not_picked":["FastForward","BottledTime"],"picked":"Defy+1","floor":18.0},{"not_picked":["Gensokyo:Doppelganger","Gensokyo:ManorOfTheDishes"],"picked":"Gensokyo:SpontaneousHumanCombustion","floor":20.0},{"not_picked":["Collapse+1","ForgedInTime"],"picked":"FlawlessForm","floor":25.0},{"not_picked":["Rearm+1","Ricochet"],"picked":"Comet","floor":28.0},{"not_picked":["Alleviate","Replace+1","SurpressingFire"],"picked":"SKIP","floor":29.0},{"not_picked":["FastForward","Defy","Comet+1"],"picked":"SKIP","floor":30.0}],"player_experience":119088,"relics_obtained":[{"floor":6.0,"key":"Juzu Bracelet"},{"floor":9.0,"key":"Pet Ghost"},{"floor":10.0,"key":"Pocketwatch"},{"floor":17.0,"key":"Omamori"},{"floor":17.0,"key":"Divine Protection"},{"floor":17.0,"key":"CaptainsWheel"},{"floor":25.0,"key":"Strawberry"},{"floor":27.0,"key":"Art of War"},{"floor":30.0,"key":"War Paint"}],"event_choices":[],"is_beta":false,"boss_relics":[{"not_picked":["Painkiller Herb","Ring of Chaos"],"picked":"Calling Bell"}],"items_purged_floors":[],"is_endless":false,"potions_floor_spawned":[1,4,6,14,18,29,30],"killed_by":"Gensokyo:Eternal_Rivals","ascension_level":0}}