{"host":"dh4nu8nelr2izibb","time":1608342551,"event":{"mods":["Act Like it!","BaseMod","Better Third Choice","Card Forge","Displayed Cursed Tome","HololiveMod","Marisa????????","Minty Spire (QoL Compilation)","Puzzle Mod","Quick Restart","Relic Filter","StSLib","The Poker Player","The Servant 0.9.4","WarShipGirlsR/????R mod","???????????mod"],"gold_per_floor":[110,125,135,149,166,166,186,218,266,236,30,30,42,55,55,130,130,146,61,61,71,81,81,111,111,163,163,191,211,77,89,89,163,163,178,178,190,206,224,224,238,238,238,272,272,56,56,76,76,76,76,76],"floor_reached":51,"playtime":2195,"items_purged":["Strike_G","Strike_G"],"score":1346,"play_id":"c29551a2-70f8-47fa-b9d6-305563db5fb7","local_time":"20201218204911","is_ascension_mode":true,"campfire_choices":[{"data":"Neutralize","floor":6.0,"key":"SMITH"},{"data":"Cloak And Dagger","floor":12.0,"key":"SMITH"},{"data":"Malaise","floor":15.0,"key":"SMITH"},{"floor":23.0,"key":"REST"},{"floor":25.0,"key":"REST"},{"data":"Leg Sweep","floor":27.0,"key":"SMITH"},{"floor":32.0,"key":"REST"},{"floor":40.0,"key":"REST"},{"data":"Envenom","floor":45.0,"key":"SMITH"},{"floor":49,"key":"REST"}],"circlet_count":0,"master_deck":["AscendersBane","Defend_G","Defend_G","Survivor","Neutralize+1","Terror","Cloak And Dagger+1","Dagger Throw","All Out Attack+1","Backstab","Acrobatics","Dagger Throw","Dagger Spray","Noxious Fumes","Malaise+1","Prepared","Burst+1","Bouncing Flask+1","Backflip","Acrobatics","Leg Sweep+1","Poisoned Stab","Deflect+1","Envenom+1","Bane+1","After Image+1","Phantasmal Killer+1","Eviscerate","Sucker Punch+1","Underhanded Strike+1","Catalyst+1","Footwork+1","Leg Sweep"],"relics":["Ring of the Snake","Hammer of Thor","Seething Fire","Anvil of the Gods","Torii","Lantern","Snake Skull","Sozu","Lizard Tail","Matryoshka","Gremlin Horn","Bronze Scales","Potion Belt","Astrolabe","PreservedInsect","Darkstone Periapt","Bottled Tornado"],"acts_visited":["Exordium","TheCity","TheBeyond"],"potions_floor_usage":[],"damage_taken":[{"damage":3.0,"enemies":"Jaw Worm","floor":1.0,"turns":6.0},{"damage":1.0,"enemies":"Small Slimes","floor":2.0,"turns":4.0},{"damage":0.0,"enemies":"2 Louse","floor":3.0,"turns":4.0},{"damage":3.0,"enemies":"Looter","floor":4.0,"turns":3.0},{"damage":0.0,"enemies":"Blue Slaver","floor":5.0,"turns":4.0},{"damage":1.0,"enemies":"Exordium Wildlife","floor":7.0,"turns":2.0},{"damage":5.0,"enemies":"3 Sentries","floor":8.0,"turns":6.0},{"damage":1.0,"enemies":"Large Slime","floor":13.0,"turns":5.0},{"damage":0.0,"enemies":"3 Louse","floor":14.0,"turns":2.0},{"damage":1.0,"enemies":"The Guardian","floor":16.0,"turns":10.0},{"damage":0.0,"enemies":"3 Byrds","floor":18.0,"turns":4.0},{"damage":2.0,"enemies":"Chosen","floor":21.0,"turns":4.0},{"damage":14.0,"enemies":"3 Cultists","floor":22.0,"turns":4.0},{"damage":26.0,"enemies":"Gremlin Leader","floor":24.0,"turns":6.0},{"damage":20.0,"enemies":"Slavers","floor":28.0,"turns":5.0},{"damage":1.0,"enemies":"Centurion and Healer","floor":29.0,"turns":5.0},{"damage":0.0,"enemies":"Snake Plant","floor":31.0,"turns":5.0},{"damage":21.0,"enemies":"Collector","floor":33.0,"turns":9.0},{"damage":0.0,"enemies":"3 Shapes","floor":35.0,"turns":4.0},{"damage":12.0,"enemies":"Orb Walker","floor":37.0,"turns":4.0},{"damage":19.0,"enemies":"3 Darklings","floor":38.0,"turns":3.0},{"damage":6.0,"enemies":"Transient","floor":39.0,"turns":6.0},{"damage":13.0,"enemies":"4 Shapes","floor":41.0,"turns":4.0},{"damage":3.0,"enemies":"Nemesis","floor":44.0,"turns":7.0},{"damage":10,"enemies":"Sphere and 2 Shapes","floor":48,"turns":4},{"damage":54,"enemies":"Donu and Deca","floor":50,"turns":10},{"damage":24,"enemies":"Awakened One","floor":51,"turns":3}],"seed_played":"7907387395338908804","potions_obtained":[{"floor":1.0,"key":"FearPotion"},{"floor":3.0,"key":"SneckoOil"},{"floor":5.0,"key":"PowerPotion"},{"floor":13.0,"key":"EssenceOfSteel"},{"floor":16.0,"key":"Swift Potion"}],"is_trial":false,"path_per_floor":["M","M","M","M","M","R","M","E","T","?","$","R","M","M","R","B",null,"M","?","?","M","M","R","E","R","T","R","E","M","$","M","R","B",null,"M","?","M","M","M","R","M","?","T","E","R","$","?","M","R","B","B"],"character_chosen":"THE_SILENT","items_purchased":["Snake Skull","Noxious Fumes","Poisoned Stab","Footwork","Leg Sweep"],"campfire_rested":5,"item_purchase_floors":[11,11,30,46,46],"current_hp_per_floor":[62,61,61,58,58,58,57,52,52,52,52,52,51,51,51,50,67,67,67,47,45,31,54,28,51,51,51,31,30,30,30,53,32,66,66,66,54,35,29,52,39,39,39,36,36,36,36,26,49,38,14,14],"gold":76,"neow_bonus":"TEN_PERCENT_HP_BONUS","is_daily":false,"chose_seed":false,"campfire_upgraded":5,"win_rate":0.0,"timestamp":1608342551,"path_taken":["M","M","M","M","M","R","M","E","T","?","$","R","M","M","R","BOSS","M","?","?","M","M","R","E","R","T","R","E","M","$","M","R","BOSS","M","?","M","M","M","R","M","?","T","E","R","?","?","M","R","BOSS","BOSS"],"items_purchased_type":["Relic","Card","Card","Card","Card"],"build_version":"2020-12-13","purchased_purges":2,"victory":false,"max_hp_per_floor":[72,72,72,72,72,72,72,72,72,72,72,72,72,72,72,72,72,72,72,77,77,77,77,77,77,77,77,77,77,77,77,77,77,77,77,77,77,77,77,77,77,77,77,77,77,77,77,77,77,77,77,77],"card_choices":[{"not_picked":["Dagger Spray","Concentrate"],"picked":"Terror","floor":1.0},{"not_picked":["Leg Sweep","Quick Slash"],"picked":"Cloak And Dagger","floor":2.0},{"not_picked":["Sucker Punch","Skewer"],"picked":"Dagger Throw","floor":3.0},{"not_picked":["Blur","Flying Knee"],"picked":"Backflip","floor":4.0},{"not_picked":["Slice","Expertise"],"picked":"All Out Attack","floor":5.0},{"not_picked":["Well Laid Plans","Reflex"],"picked":"Backstab","floor":7.0},{"not_picked":["Deadly Poison","Dagger Throw"],"picked":"Acrobatics","floor":8.0},{"not_picked":[],"picked":"Dagger Throw","floor":10.0},{"not_picked":[],"picked":"Dagger Spray","floor":10.0},{"not_picked":["Cloak And Dagger","Dagger Throw"],"picked":"Malaise","floor":13.0},{"not_picked":["Finisher","Choke"],"picked":"Prepared","floor":14.0},{"not_picked":["Die Die Die","Venomology"],"picked":"Burst","floor":16.0},{"not_picked":["Crippling Poison","Flying Knee"],"picked":"Bouncing Flask","floor":18.0},{"not_picked":["Prepared","Dagger Throw"],"picked":"Backflip","floor":21.0},{"not_picked":["Prepared","Heel Hook"],"picked":"Acrobatics","floor":22.0},{"not_picked":["Predator","Underhanded Strike"],"picked":"Leg Sweep","floor":24.0},{"not_picked":["Caltrops","Skewer","Setup"],"picked":"SKIP","floor":28.0},{"not_picked":["Blur","Calculated Gamble+1","Escape Plan"],"picked":"SKIP","floor":29.0},{"not_picked":["Choke","Slice+1"],"picked":"Deflect+1","floor":31.0},{"not_picked":["Malaise","Grand Finale"],"picked":"Envenom","floor":33.0},{"not_picked":["Backstab","Acrobatics","Deadly Poison+1"],"picked":"SKIP","floor":35.0},{"not_picked":["Predator","Backflip"],"picked":"Eviscerate","floor":37.0},{"not_picked":["Deadly Poison","Dodge and Roll"],"picked":"Sucker Punch+1","floor":38.0},{"not_picked":["Accuracy+1","Backstab","Sucker Punch"],"picked":"SKIP","floor":39.0},{"not_picked":["Poisoned Stab+1","Bouncing Flask"],"picked":"Underhanded Strike+1","floor":41.0},{"not_picked":["All Out Attack","Outmaneuver+1"],"picked":"Catalyst","floor":44.0},{"not_picked":["Footwork+1","Dagger Throw","Blade Dance"],"picked":"SKIP","floor":48}],"player_experience":1103973,"relics_obtained":[{"floor":8.0,"key":"Torii"},{"floor":9.0,"key":"Lantern"},{"floor":24.0,"key":"Matryoshka"},{"floor":26.0,"key":"Gremlin Horn"},{"floor":26.0,"key":"Bronze Scales"},{"floor":28.0,"key":"Potion Belt"},{"floor":43.0,"key":"PreservedInsect"},{"floor":43.0,"key":"Darkstone Periapt"},{"floor":44.0,"key":"Bottled Tornado"}],"event_choices":[{"damage_healed":0.0,"max_hp_gain":0.0,"max_hp_loss":0.0,"gold_gain":0.0,"event_name":"Addict","player_choice":"Obtained Relic","floor":19.0,"gold_loss":85.0,"damage_taken":0.0,"relics_obtained":["Lizard Tail"]},{"damage_healed":0.0,"max_hp_gain":5.0,"max_hp_loss":0.0,"gold_gain":0.0,"event_name":"Forgotten Altar","player_choice":"Shed Blood","floor":20.0,"gold_loss":0.0,"damage_taken":25.0},{"cards_removed":["Backflip"],"damage_healed":0.0,"max_hp_gain":0.0,"max_hp_loss":0.0,"gold_gain":0.0,"event_name":"Falling","player_choice":"Removed Skill","floor":36.0,"gold_loss":0.0,"damage_taken":0.0},{"damage_healed":0.0,"max_hp_gain":0.0,"max_hp_loss":0.0,"gold_gain":0.0,"event_name":"OrinTheCat","player_choice":"Ignored","floor":42.0,"gold_loss":0.0,"damage_taken":0.0}],"is_beta":false,"boss_relics":[{"not_picked":["Hololive_TopUpMoneyS","Ring of the Serpent"],"picked":"Sozu"},{"not_picked":["Velvet Choker","Calling Bell"],"picked":"Astrolabe"}],"items_purged_floors":[30,46],"is_endless":false,"potions_floor_spawned":[1,3,5,13,16,18,22,24,28,37,44,48],"killed_by":"Awakened One","ascension_level":20}}