{"host":"szbnbddwah33j004","time":1608378117,"event":{"mods":["2.2 Compatiblity","AchievementEnabler","Act Like it!","BaseMod","BetterRewards","Colored Map","Colored Powertips","Conspire","Energized Spire","Hubris","Minty Spire (QoL Compilation)","Replay The Spire","Shop Mod","StSLib"],"gold_per_floor":[109,129,129,129,150,188,188,226,307,322,322,353,353,367,367,495,495,518,593,593,614,91,91,91,91,91,91,112,112,137,161,161,282,282,301,317,21,21,21,21,21,46,46,46,46,62,87,101,101,101,101],"floor_reached":50,"playtime":3827,"items_purged":["hubris:Gluttony"],"score":666,"play_id":"d11d00d7-00c4-4c03-865b-e1951be6e45b","local_time":"20201219054157","is_ascension_mode":true,"campfire_choices":[{"data":"Recycle","floor":7.0,"key":"SMITH"},{"floor":11.0,"key":"REST"},{"floor":13.0,"key":"REST"},{"floor":23,"key":"REST"},{"floor":27,"key":"REST"},{"floor":32,"key":"REST"},{"floor":40,"key":"REST"},{"floor":44,"key":"REST"}],"circlet_count":0,"master_deck":["Strike_B+1","Strike_B+1","Strike_B+1","Strike_B+1","Defend_B+1","Defend_B+1","Defend_B+1","Defend_B+1","Zap","Dualcast","Redo","Streamline","Panic Button","Recycle+1","Machine Learning+1","Undo","Go for the Eyes","Conserve Battery","BasicCrystalCard","Echo Form","Coolheaded+1","Conserve Battery+1","Beam Cell+1","ReplayTheSpireMod:Dual Polarity+1","ReplayTheSpireMod:Private Reserves","Blizzard","Ball Lightning","Ball Lightning","BasicCrystalCard","Cold Snap+1","Lockon+1","Buffer+1","Stack+1","Compile Driver+1","Swift Strike+1","Swift Strike+1","Thunder Strike+1","Genetic Algorithm+1","Parasite","Redo+1","Melter+1","Self Repair+1"],"relics":["Cracked Core","NeowsBlessing","Golden Idol","TungstenRod","Blue Doll","hubris:RGBLights","Pantograph","hubris:TerracottaHorce","Oddly Smooth Stone","Membership Card","Replay:Mystery Machine","MerchantsRug","Molten Egg 2","ReplayTheSpireMod:Lightbulb","hubris:ScarierMask","OrangePellets","hubris:BundleOfHerbs","Toxic Egg 2","Frozen Egg 2"],"acts_visited":["Exordium","TheCity","TheBeyond"],"potions_floor_usage":[16,16,18,21,28,50],"damage_taken":[{"damage":0.0,"enemies":"Small Slimes","floor":1.0,"turns":1.0},{"damage":0.0,"enemies":"2 Louse","floor":2.0,"turns":1.0},{"damage":0.0,"enemies":"Cultist","floor":5.0,"turns":1.0},{"damage":21.0,"enemies":"Gremlin Nob","floor":6.0,"turns":4.0},{"damage":25.0,"enemies":"3 Sentries","floor":8.0,"turns":7.0},{"damage":4.0,"enemies":"Looter","floor":10.0,"turns":4.0},{"damage":28.0,"enemies":"Lagavulin","floor":12.0,"turns":7.0},{"damage":7.0,"enemies":"3 Louse","floor":14.0,"turns":3.0},{"damage":36,"enemies":"The Guardian","floor":16,"turns":14},{"damage":5,"enemies":"Chosen","floor":18,"turns":5},{"damage":16,"enemies":"Shell Parasite","floor":21,"turns":10},{"damage":8,"enemies":"Centurion and Healer","floor":28,"turns":3},{"damage":23,"enemies":"Cultist and Chosen","floor":30,"turns":7},{"damage":69,"enemies":"Pondfish","floor":33,"turns":11},{"damage":21,"enemies":"Orb Walker","floor":35,"turns":4},{"damage":14,"enemies":"3 Darklings","floor":36,"turns":4},{"damage":0,"enemies":"Sphere and 2 Shapes","floor":42,"turns":2},{"damage":29,"enemies":"Writhing Mass","floor":46,"turns":7},{"damage":33,"enemies":"Jaw Worm Horde","floor":47,"turns":3},{"damage":59,"enemies":"Transient","floor":48,"turns":5},{"damage":81,"enemies":"conspire:OrnateMirror","floor":50,"turns":5}],"seed_played":"-8704844769886404304","potions_obtained":[{"floor":5.0,"key":"Explosive Potion"},{"floor":6.0,"key":"SpeedPotion"},{"floor":14.0,"key":"Adrenaline Potion"},{"floor":15.0,"key":"FairyPotion"},{"floor":15.0,"key":"SkillPotion"},{"floor":16,"key":"Flashbang"},{"floor":18,"key":"Elixir"},{"floor":19,"key":"Regen Potion"},{"floor":47,"key":"Strength Potion"},{"floor":48,"key":"LiquidMemories"}],"is_trial":false,"path_per_floor":["M","M","?","?","M","E","R","E","T","M","R","E","R","M","R_BF","B",null,"M","?","T","M","$","R","?","?","T","R","M","?","M","T","R","B",null,"M","M","$","?","T","R","?","M","T","R","?","M","M","M","R_BF","B"],"character_chosen":"DEFECT","items_purchased":["Membership Card","ReplayTheSpireMod:Dual Polarity+1","ReplayTheSpireMod:Private Reserves","Blizzard","Ball Lightning","BasicCrystalCard","Replay:Mystery Machine","ColorlessPotion","MerchantsRug","OrangePellets","hubris:BundleOfHerbs","Swift Strike+1","Thunder Strike+1"],"campfire_rested":7,"item_purchase_floors":[22,22,22,22,22,22,22,22,22,37,37,37,37],"current_hp_per_floor":[75,75,57,57,57,36,36,11,11,7,29,1,23,16,16,5,58,53,24,24,23,23,45,45,45,45,67,59,59,36,36,58,6,58,37,23,23,23,23,45,45,45,45,67,67,38,17,6,75,0,0],"gold":101,"neow_bonus":"THREE_ENEMY_KILL","is_daily":false,"chose_seed":false,"campfire_upgraded":1,"win_rate":0.0,"timestamp":1608378117,"path_taken":["M","M","?","?","?","E","R","E","T","M","R","E","R","M","R_BF","BOSS","M","?","?","M","$","R","?","?","T","R","M","?","M","?","R","BOSS","M","M","$","?","?","R","?","M","T","R","?","M","M","M","R_BF","BOSS"],"items_purchased_type":["Relic","Card","Card","Card","Card","Card","Relic","Potion","Relic","Relic","Relic","Card","Card"],"build_version":"2020-12-13","purchased_purges":1,"victory":false,"max_hp_per_floor":[75,75,75,75,75,75,75,75,75,75,75,75,75,75,75,75,75,75,75,75,75,75,75,75,75,75,75,75,75,75,75,75,75,75,75,75,75,75,75,75,75,75,75,75,75,75,75,75,75,75,75],"card_choices":[{"not_picked":["Leap","Go for the Eyes"],"picked":"Redo","floor":1.0},{"not_picked":["Double Energy","Stack"],"picked":"Streamline","floor":2.0},{"not_picked":["Turbo","Gash"],"picked":"Recycle","floor":5.0},{"not_picked":["Double Energy","All For One"],"picked":"Machine Learning","floor":6.0},{"not_picked":["Compile Driver","Steam Power"],"picked":"Undo","floor":8.0},{"not_picked":["Turbo","Conserve Battery"],"picked":"Go for the Eyes","floor":10.0},{"not_picked":["Steam Power","Redo"],"picked":"Conserve Battery","floor":12.0},{"not_picked":["Crystallizer","Steam"],"picked":"BasicCrystalCard","floor":14.0},{"not_picked":["Seek","Fission"],"picked":"Echo Form","floor":16},{"not_picked":["Beam Cell","Turbo"],"picked":"Coolheaded+1","floor":18},{"not_picked":["ReplaySort","Barrage+1"],"picked":"Conserve Battery+1","floor":19},{"not_picked":["Coolheaded","Conserve Battery"],"picked":"Beam Cell+1","floor":21},{"not_picked":["Gash+1","Heatsinks"],"picked":"Cold Snap+1","floor":28},{"not_picked":["Hello World","Ball Lightning+1"],"picked":"Lockon+1","floor":30},{"not_picked":["Thunder Strike+1","hubris:SpecializedCircuitry"],"picked":"Buffer","floor":33},{"not_picked":["Ball Lightning+1","Leap"],"picked":"Stack+1","floor":35},{"not_picked":["Streamline+1","FTL+1"],"picked":"Compile Driver+1","floor":36},{"not_picked":["Ball Lightning+1","Meteor Strike+1"],"picked":"Genetic Algorithm+1","floor":42},{"not_picked":["BasicCrystalCard+1","Steam+1"],"picked":"Redo+1","floor":46},{"not_picked":["Streamline+1","hubris:PowerSurge+1"],"picked":"Melter+1","floor":47},{"not_picked":["Rebound+1","Beam Cell+1"],"picked":"Self Repair+1","floor":48}],"player_experience":74006,"relics_obtained":[{"floor":6.0,"key":"TungstenRod"},{"floor":8.0,"key":"Blue Doll"},{"floor":9.0,"key":"hubris:RGBLights"},{"floor":12.0,"key":"Pantograph"},{"floor":20,"key":"Oddly Smooth Stone"},{"floor":26,"key":"Molten Egg 2"},{"floor":31,"key":"ReplayTheSpireMod:Lightbulb"},{"floor":39,"key":"Toxic Egg 2"},{"floor":43,"key":"Frozen Egg 2"}],"event_choices":[{"damage_healed":0.0,"max_hp_gain":0.0,"max_hp_loss":0.0,"gold_gain":0.0,"event_name":"Golden Idol","player_choice":"Take Damage","floor":3.0,"gold_loss":0.0,"damage_taken":18.0,"relics_obtained":["Golden Idol"]},{"damage_healed":0.0,"max_hp_gain":0.0,"max_hp_loss":0.0,"gold_gain":0.0,"event_name":"Match and Keep!","player_choice":"3 cards matched","floor":4.0,"gold_loss":0.0,"damage_taken":0.0,"cards_obtained":["hubris:Gluttony","Panic Button","Zap"]},{"damage_healed":0,"gold_gain":0,"player_choice":"Ignored","damage_taken":0,"max_hp_gain":0,"max_hp_loss":0,"event_name":"Beggar","floor":25,"gold_loss":0},{"damage_healed":0,"gold_gain":0,"player_choice":"Simplicity","damage_taken":0,"max_hp_gain":0,"max_hp_loss":0,"event_name":"Back to Basics","floor":29,"gold_loss":0,"cards_upgraded":["Strike_B","Strike_B","Strike_B","Strike_B","Defend_B","Defend_B","Defend_B","Defend_B"]},{"cards_removed":["Zap"],"damage_healed":0,"gold_gain":0,"player_choice":"Removed Skill","damage_taken":0,"max_hp_gain":0,"max_hp_loss":0,"event_name":"Falling","floor":38,"gold_loss":0},{"damage_healed":0,"gold_gain":0,"player_choice":"Upgraded","damage_taken":0,"max_hp_gain":0,"max_hp_loss":0,"event_name":"Upgrade Shrine","floor":45,"gold_loss":0,"cards_upgraded":["Buffer"]},{"damage_healed":69,"gold_gain":0,"player_choice":"Full Heal","damage_taken":0,"max_hp_gain":0,"max_hp_loss":0,"event_name":"Wheel of Change","floor":49,"gold_loss":0}],"is_beta":false,"boss_relics":[{"not_picked":["energizedSpire:EnergizedDie","hubris:CrackedHourglass"],"picked":"hubris:TerracottaHorce"},{"not_picked":["conspire:RoyalGoblet","Fusion Hammer"],"picked":"hubris:ScarierMask"}],"items_purged_floors":[22],"is_endless":false,"potions_floor_spawned":[5,6,14,16,18,47,48],"killed_by":"conspire:OrnateMirror","ascension_level":1}}