{"host":"h15mxg6fckhg46bu","time":1608367993,"event":{"mods":["BaseMod","Block Reminder","Minty Spire (QoL Compilation)","StSLib"],"gold_per_floor":[99,99,99,99,99,99,99,99,99,99,99,99,99,99,99,99,99,99,99,29,29,29,29,14,14,14,14,14,14,14,14,14,14,14,14,14,14,14,14,14,14,14,14,14,14,14,14,14,14,14],"floor_reached":51,"playtime":4268,"items_purged":[],"score":1108,"play_id":"1b2113e7-6fb7-4499-976e-d7a8a8fac0d4","local_time":"20201219025313","is_ascension_mode":true,"campfire_choices":[{"data":"Neutralize","floor":6.0,"key":"SMITH"},{"data":"Tools of the Trade","floor":8.0,"key":"SMITH"},{"floor":12.0,"key":"REST"},{"data":"1","floor":15.0,"key":"LIFT"},{"data":"2","floor":25.0,"key":"LIFT"},{"data":"3","floor":29.0,"key":"LIFT"},{"floor":32.0,"key":"REST"},{"floor":41,"key":"REST"},{"floor":49,"key":"REST"}],"circlet_count":0,"master_deck":["Strike_G+1","Strike_G+1","Strike_G+1","Strike_G+1","Strike_G+1","Defend_G+1","Defend_G+1","Defend_G+1","Defend_G+1","Survivor","Neutralize+1","Reflex","All Out Attack","Dagger Throw","Prepared","Tools of the Trade+1","Backstab","Predator","Backflip","Die Die Die","Crippling Poison","Dagger Throw","Acrobatics","Trip","Dagger Spray","Dodge and Roll+1","Pain","Unload","Flechettes","Dagger Throw","Backflip+1","Phantasmal Killer","CurseOfTheBell","Flying Knee+1","Leg Sweep+1","Footwork+1","Deflect+1","Quick Slash+1","Quick Slash","Shame","Quick Slash","Dash+1","Malaise","Underhanded Strike","Footwork+1"],"relics":["Ectoplasm","Pen Nib","Meat on the Bone","CeramicFish","Girya","Juzu Bracelet","Cursed Key","Bag of Marbles","Regal Pillow","Tiny Chest","Calling Bell","Bronze Scales","Frozen Egg 2","Ice Cream","Mango","Bottled Tornado","Blood Vial","Happy Flower","Peace Pipe","Akabeko"],"acts_visited":["Exordium","TheCity","TheBeyond"],"potions_floor_usage":[39,42,47,48,50],"damage_taken":[{"damage":0.0,"enemies":"2 Louse","floor":1.0,"turns":3.0},{"damage":1.0,"enemies":"Cultist","floor":2.0,"turns":4.0},{"damage":8.0,"enemies":"Jaw Worm","floor":3.0,"turns":4.0},{"damage":0.0,"enemies":"Red Slaver","floor":4.0,"turns":4.0},{"damage":1.0,"enemies":"2 Fungi Beasts","floor":5.0,"turns":4.0},{"damage":9.0,"enemies":"3 Sentries","floor":7.0,"turns":8.0},{"damage":6.0,"enemies":"Gremlin Nob","floor":11.0,"turns":3.0},{"damage":9.0,"enemies":"3 Sentries","floor":13.0,"turns":7.0},{"damage":0.0,"enemies":"3 Louse","floor":14.0,"turns":3.0},{"damage":21.0,"enemies":"The Guardian","floor":16.0,"turns":8.0},{"damage":4.0,"enemies":"Shell Parasite","floor":18.0,"turns":3.0},{"damage":21.0,"enemies":"Slavers","floor":23.0,"turns":3.0},{"damage":0.0,"enemies":"2 Thieves","floor":24.0,"turns":2.0},{"damage":2.0,"enemies":"Book of Stabbing","floor":27.0,"turns":3.0},{"damage":24.0,"enemies":"Snake Plant","floor":30.0,"turns":2.0},{"damage":0.0,"enemies":"3 Cultists","floor":31.0,"turns":1.0},{"damage":20.0,"enemies":"Champ","floor":33.0,"turns":8.0},{"damage":9,"enemies":"3 Shapes","floor":35,"turns":3},{"damage":1,"enemies":"Orb Walker","floor":36,"turns":2},{"damage":3,"enemies":"3 Darklings","floor":37,"turns":3},{"damage":11,"enemies":"Mind Bloom Boss Battle","floor":39,"turns":3},{"damage":13,"enemies":"Reptomancer","floor":40,"turns":5},{"damage":11,"enemies":"Nemesis","floor":42,"turns":5},{"damage":0,"enemies":"Giant Head","floor":44,"turns":6},{"damage":0,"enemies":"Maw","floor":45,"turns":6},{"damage":20,"enemies":"Reptomancer","floor":46,"turns":4},{"damage":28,"enemies":"Jaw Worm Horde","floor":47,"turns":3},{"damage":23,"enemies":"4 Shapes","floor":48,"turns":2},{"damage":78,"enemies":"Donu and Deca","floor":50,"turns":8}],"seed_played":"-8658888463263022874","potions_obtained":[{"floor":1.0,"key":"AttackPotion"},{"floor":2.0,"key":"BlessingOfTheForge"},{"floor":4.0,"key":"ColorlessPotion"},{"floor":7.0,"key":"SkillPotion"},{"floor":11.0,"key":"LiquidMemories"},{"floor":16.0,"key":"CunningPotion"},{"floor":18.0,"key":"Poison Potion"},{"floor":23.0,"key":"CultistPotion"},{"floor":33.0,"key":"Block Potion"},{"floor":35,"key":"Dexterity Potion"},{"floor":39,"key":"Explosive Potion"},{"floor":44,"key":"Regen Potion"}],"is_trial":false,"path_per_floor":["M","M","M","M","M","R","E","R","T","?","E","R","E","M","R","B",null,"M","?","$","?","?","E","M","R","T","E","?","R","M","M","R","B",null,"M","M","M","?","?","E","R","E","T","E","M","E","M","M","R","B",null],"character_chosen":"THE_SILENT","items_purchased":["Dagger Throw","Acrobatics"],"campfire_rested":4,"item_purchase_floors":[20,20],"current_hp_per_floor":[63,62,54,54,53,53,44,44,44,26,32,53,44,44,44,35,61,57,57,57,45,45,36,36,36,36,46,46,46,34,46,70,50,65,56,55,52,52,55,54,84,73,73,75,77,59,45,41,81,17],"gold":14,"neow_bonus":"BOSS_RELIC","is_daily":false,"chose_seed":false,"campfire_upgraded":2,"win_rate":0.0,"timestamp":1608367993,"path_taken":["M","M","M","M","M","R","E","R","T","?","E","R","E","M","R","BOSS","M","?","$","?","?","E","M","R","T","E","?","R","M","M","R","BOSS","M","M","M","?","?","E","R","E","T","E","M","E","M","M","R","BOSS"],"items_purchased_type":["Card","Card"],"build_version":"2020-12-13","purchased_purges":0,"victory":true,"max_hp_per_floor":[70,70,70,70,70,70,70,70,70,70,70,70,70,70,70,70,70,70,70,70,70,70,70,70,70,70,70,70,70,70,70,70,70,70,70,70,70,70,84,84,84,84,84,84,84,84,84,84,84,84],"card_choices":[{"not_picked":["Skewer","Slice"],"picked":"Reflex","floor":1.0},{"not_picked":["Outmaneuver","Poisoned Stab"],"picked":"All Out Attack","floor":2.0},{"not_picked":["Sucker Punch","Footwork"],"picked":"Dagger Throw","floor":3.0},{"not_picked":["Setup","Catalyst"],"picked":"Prepared","floor":4.0},{"not_picked":["Sucker Punch","Outmaneuver"],"picked":"Prepared","floor":5.0},{"not_picked":["Blade Dance","Dagger Spray"],"picked":"Tools of the Trade","floor":7.0},{"not_picked":["Quick Slash","Dagger Spray"],"picked":"Backstab","floor":11.0},{"not_picked":["Dodge and Roll","Deadly Poison"],"picked":"Predator","floor":13.0},{"not_picked":["Deadly Poison","Dagger Spray"],"picked":"Backflip","floor":14.0},{"not_picked":["Doppelganger","Corpse Explosion"],"picked":"Die Die Die","floor":16.0},{"not_picked":["Poisoned Stab","Blade Dance+1"],"picked":"Crippling Poison","floor":18.0},{"not_picked":["Concentrate","Endless Agony"],"picked":"Dagger Spray","floor":23.0},{"not_picked":["Backflip","Deadly Poison"],"picked":"Dodge and Roll+1","floor":24.0},{"not_picked":["Accuracy","Terror"],"picked":"Unload","floor":27.0},{"not_picked":["Dagger Spray","Blade Dance"],"picked":"Dagger Throw","floor":30.0},{"not_picked":["Flying Knee+1","Dodge and Roll"],"picked":"Backflip+1","floor":31.0},{"not_picked":["Night Terror","Burst"],"picked":"Phantasmal Killer","floor":33.0},{"not_picked":["Cloak And Dagger+1","Catalyst"],"picked":"Flying Knee+1","floor":35},{"not_picked":["Prepared+1","Cloak And Dagger+1"],"picked":"Leg Sweep+1","floor":36},{"not_picked":["Slice+1","Eviscerate"],"picked":"Footwork+1","floor":37},{"not_picked":["Well Laid Plans+1","Slice"],"picked":"Deflect+1","floor":39},{"not_picked":["Flying Knee","Choke+1"],"picked":"Quick Slash+1","floor":40},{"not_picked":["Endless Agony+1","Masterful Stab"],"picked":"Quick Slash","floor":42},{"not_picked":["Deflect","Cloak And Dagger"],"picked":"Quick Slash","floor":44},{"not_picked":["Bane+1","Well Laid Plans+1"],"picked":"Dash+1","floor":45},{"not_picked":["Heel Hook+1","Adrenaline"],"picked":"Malaise","floor":46},{"not_picked":["Blade Dance","Backflip+1"],"picked":"Underhanded Strike","floor":47},{"not_picked":["Poisoned Stab","Flechettes+1"],"picked":"Footwork+1","floor":48}],"player_experience":3846743,"relics_obtained":[{"floor":7.0,"key":"Pen Nib"},{"floor":9.0,"key":"Meat on the Bone"},{"floor":11.0,"key":"Girya"},{"floor":13.0,"key":"Juzu Bracelet"},{"floor":23.0,"key":"Bag of Marbles"},{"floor":26.0,"key":"Regal Pillow"},{"floor":27.0,"key":"Tiny Chest"},{"floor":34,"key":"Bronze Scales"},{"floor":34,"key":"Frozen Egg 2"},{"floor":34,"key":"Ice Cream"},{"floor":39,"key":"Mango"},{"floor":40,"key":"Bottled Tornado"},{"floor":42,"key":"Blood Vial"},{"floor":43,"key":"Happy Flower"},{"floor":44,"key":"Peace Pipe"},{"floor":46,"key":"Akabeko"}],"event_choices":[{"damage_healed":0.0,"max_hp_gain":0.0,"max_hp_loss":0.0,"gold_gain":0.0,"event_name":"Scrap Ooze","player_choice":"Success","floor":10.0,"gold_loss":0.0,"damage_taken":18.0,"relics_obtained":["CeramicFish"]},{"damage_healed":0.0,"max_hp_gain":0.0,"max_hp_loss":0.0,"gold_gain":0.0,"event_name":"Back to Basics","player_choice":"Simplicity","floor":19.0,"gold_loss":0.0,"damage_taken":0.0,"cards_upgraded":["Strike_G","Strike_G","Strike_G","Strike_G","Strike_G","Defend_G","Defend_G","Defend_G","Defend_G","Defend_G"]},{"damage_healed":0.0,"max_hp_gain":0.0,"max_hp_loss":0.0,"gold_gain":0.0,"event_name":"Knowing Skull","player_choice":"CARD ","floor":21.0,"potions_obtained":[],"gold_loss":0.0,"damage_taken":12.0,"cards_obtained":["Trip"]},{"damage_healed":0.0,"max_hp_gain":0.0,"max_hp_loss":0.0,"gold_gain":0.0,"event_name":"Ghosts","player_choice":"Ignored","floor":22.0,"gold_loss":0.0,"damage_taken":0.0},{"damage_healed":0.0,"max_hp_gain":0.0,"max_hp_loss":0.0,"gold_gain":0.0,"cards_transformed":["Prepared"],"event_name":"Transmorgrifier","player_choice":"Transformed","floor":28.0,"gold_loss":0.0,"damage_taken":0.0,"cards_obtained":["Flechettes"]},{"cards_removed":["Defend_G"],"damage_healed":0,"gold_gain":0,"player_choice":"Removed Skill","damage_taken":0,"max_hp_gain":0,"max_hp_loss":0,"event_name":"Falling","floor":38,"gold_loss":0},{"damage_healed":0,"gold_gain":0,"player_choice":"Fight","damage_taken":0,"max_hp_gain":0,"max_hp_loss":0,"event_name":"MindBloom","floor":39,"gold_loss":0}],"is_beta":false,"boss_relics":[{"not_picked":["SlaversCollar","Runic Dome"],"picked":"Cursed Key"},{"not_picked":["Philosopher\u0027s Stone","WristBlade"],"picked":"Calling Bell"}],"items_purged_floors":[],"is_endless":false,"potions_floor_spawned":[1,2,4,7,11,16,18,23,33,35,39,44,46],"ascension_level":7}}