{"host":"gc0hqzwg2gd3zszy","time":1608371193,"event":{"mods":["BaseMod","DeckTracker","Minty Spire (QoL Compilation)","Relic Stats","SuperFastMode"],"gold_per_floor":[109,109,34,34,34,34,74,94,94,127,127,127,27,27,27,118,118,142,155,80,80,103,103,51,51,51,85,85,99,99,399,399,492,492,515,540,565,590,614,655,655,686,709,709,709,85,85,125,125,125,125,125,125,45,79,79],"floor_reached":57,"playtime":3343,"items_purged":["Strike_G","Strike_G","Defend_G"],"score":2839,"play_id":"a74a063e-0e46-4f61-9abb-f847028d2a68","local_time":"20201219184633","is_ascension_mode":true,"campfire_choices":[{"data":"Neutralize","floor":6.0,"key":"SMITH"},{"floor":11.0,"key":"REST"},{"floor":15.0,"key":"REST"},{"data":"Well Laid Plans","floor":23.0,"key":"SMITH"},{"floor":30.0,"key":"REST"},{"data":"After Image","floor":32.0,"key":"SMITH"},{"floor":41.0,"key":"RECALL"},{"floor":47.0,"key":"REST"},{"data":"Malaise","floor":49,"key":"SMITH"},{"data":"Footwork","floor":53,"key":"SMITH"}],"circlet_count":0,"master_deck":["AscendersBane","Defend_G","Survivor","Neutralize+1","Quick Slash","Grand Finale","Footwork+1","Dagger Throw","After Image+1","Outmaneuver+1","Prepared+1","Infinite Blades+1","Well Laid Plans+1","Backflip","Malaise+1","Backflip+1","Master of Strategy","Master of Strategy","Escape Plan"],"relics":["Ring of the Snake","NeowsBlessing","Golden Idol","Centennial Puzzle","Juzu Bracelet","Mummified Hand","Darkstone Periapt","Astrolabe","Frozen Egg 2","Omamori","Nunchaku","Old Coin","HoveringKite","Eternal Feather","Ginger","Strawberry","Gambling Chip","Medical Kit","Pear","Bottled Tornado"],"acts_visited":["Exordium","TheCity","TheBeyond","TheEnding"],"potions_floor_usage":[50,51],"damage_taken":[{"damage":0.0,"enemies":"Small Slimes","floor":1.0,"turns":1.0},{"damage":0.0,"enemies":"Lagavulin","floor":7.0,"turns":1.0},{"damage":0.0,"enemies":"Jaw Worm","floor":8.0,"turns":1.0},{"damage":30.0,"enemies":"3 Sentries","floor":10.0,"turns":6.0},{"damage":28.0,"enemies":"The Guardian","floor":16.0,"turns":11.0},{"damage":15.0,"enemies":"Shell Parasite","floor":18.0,"turns":3.0},{"damage":0.0,"enemies":"3 Byrds","floor":19.0,"turns":4.0},{"damage":6.0,"enemies":"Shelled Parasite and Fungi","floor":22.0,"turns":5.0},{"damage":17.0,"enemies":"Book of Stabbing","floor":27.0,"turns":5.0},{"damage":0.0,"enemies":"Centurion and Healer","floor":29.0,"turns":4.0},{"damage":26.0,"enemies":"Automaton","floor":33.0,"turns":8.0},{"damage":3.0,"enemies":"3 Shapes","floor":35.0,"turns":3.0},{"damage":0.0,"enemies":"Orb Walker","floor":36.0,"turns":4.0},{"damage":0.0,"enemies":"3 Darklings","floor":37.0,"turns":3.0},{"damage":10.0,"enemies":"Jaw Worm Horde","floor":38.0,"turns":2.0},{"damage":0.0,"enemies":"Maw","floor":39.0,"turns":5.0},{"damage":7.0,"enemies":"Reptomancer","floor":40.0,"turns":5.0},{"damage":0.0,"enemies":"Mind Bloom Boss Battle","floor":42.0,"turns":5.0},{"damage":0,"enemies":"Nemesis","floor":48,"turns":5},{"damage":0,"enemies":"Donu and Deca","floor":50,"turns":3},{"damage":27,"enemies":"Time Eater","floor":51,"turns":5},{"damage":0,"enemies":"Shield and Spear","floor":55,"turns":3},{"damage":67,"enemies":"The Heart","floor":56,"turns":6}],"seed_played":"4385297109553276332","potions_obtained":[{"floor":7.0,"key":"Strength Potion"},{"floor":8.0,"key":"Strength Potion"},{"floor":10.0,"key":"SkillPotion"},{"floor":19.0,"key":"AttackPotion"},{"floor":22.0,"key":"Explosive Potion"},{"floor":27.0,"key":"CunningPotion"},{"floor":33.0,"key":"Strength Potion"},{"floor":36.0,"key":"DuplicationPotion"},{"floor":39.0,"key":"Dexterity Potion"},{"floor":40.0,"key":"AttackPotion"},{"floor":42.0,"key":"Energy Potion"}],"is_trial":false,"path_per_floor":["M","?","$","?","?","R","E","M","T","E","R","T","$","?","R","B",null,"M","M","?","?","M","R","$","?","T","E","?","M","R","T","R","B",null,"M","M","M","M","M","E","R","?","T","?","?","$","R","E","R","B","B",null,"R","$","E","B",null],"character_chosen":"THE_SILENT","items_purchased":["Backflip","Gambling Chip","Medical Kit","Escape Plan"],"campfire_rested":4,"item_purchase_floors":[24,46,46,54],"current_hp_per_floor":[59,36,36,58,53,53,53,53,53,23,42,42,42,35,54,26,56,41,41,41,41,35,35,35,35,35,18,18,18,37,37,37,11,52,49,49,49,39,39,32,41,41,48,48,38,38,68,78,83,83,56,76,83,83,83,16],"gold":79,"neow_bonus":"THREE_ENEMY_KILL","is_daily":false,"chose_seed":false,"campfire_upgraded":5,"win_rate":0.0,"timestamp":1608371193,"path_taken":["M","?","$","?","?","R","E","M","T","E","R","?","$","?","R","BOSS","M","M","?","?","M","R","?","?","T","E","?","M","R","?","R","BOSS","M","M","M","M","M","E","R","?","T","?","?","$","R","E","R","BOSS","BOSS","R","$","E","BOSS"],"items_purchased_type":["Card","Relic","Relic","Card"],"build_version":"2020-12-13","purchased_purges":3,"victory":true,"max_hp_per_floor":[66,66,66,66,66,66,66,66,66,66,66,66,66,66,66,66,66,66,66,66,66,66,66,66,66,66,66,66,66,66,66,66,66,66,66,66,66,66,66,66,66,66,73,73,73,73,73,83,83,83,83,83,83,83,83,83],"relic_stats":{"Darkstone Periapt":0,"counters":[23,98],"Golden Idol":190,"Astrolabe":["Outmaneuver","Prepared","Infinite Blades"],"HoveringKite":[37],"Eternal Feather":30,"Juzu Bracelet":2,"Ginger":[4],"Medical Kit":[18],"Centennial Puzzle":[33],"Nunchaku":[21],"Mummified Hand":[69],"Gambling Chip":[20],"obtain_stats":[{"Darkstone Periapt":10,"Pear":48,"NeowsBlessing":0,"Golden Idol":2,"Astrolabe":17,"HoveringKite":34,"Eternal Feather":40,"Juzu Bracelet":7,"Omamori":27,"Ginger":42,"Frozen Egg 2":26,"Bottled Tornado":55,"Medical Kit":46,"Old Coin":31,"Centennial Puzzle":5,"Nunchaku":28,"Mummified Hand":9,"Strawberry":43,"Gambling Chip":46,"Ring of the Snake":0},{"Darkstone Periapt":4,"Pear":19,"NeowsBlessing":0,"Golden Idol":1,"Astrolabe":5,"HoveringKite":11,"Eternal Feather":17,"Juzu Bracelet":2,"Omamori":9,"Ginger":18,"Frozen Egg 2":8,"Bottled Tornado":22,"Medical Kit":18,"Old Coin":10,"Centennial Puzzle":1,"Nunchaku":9,"Mummified Hand":3,"Strawberry":18,"Gambling Chip":18,"Ring of the Snake":0},{"Darkstone Periapt":9,"Pear":81,"NeowsBlessing":0,"Golden Idol":1,"Astrolabe":20,"HoveringKite":49,"Eternal Feather":71,"Juzu Bracelet":2,"Omamori":37,"Ginger":76,"Frozen Egg 2":32,"Bottled Tornado":92,"Medical Kit":76,"Old Coin":41,"Centennial Puzzle":1,"Nunchaku":37,"Mummified Hand":3,"Strawberry":76,"Gambling Chip":76,"Ring of the Snake":0}],"Ring of the Snake":[46]},"card_choices":[{"not_picked":["Acrobatics","Blade Dance"],"picked":"Quick Slash","floor":1.0},{"not_picked":["Blade Dance","Acrobatics"],"picked":"Grand Finale","floor":7.0},{"not_picked":["PiercingWail","Flechettes"],"picked":"Footwork","floor":8.0},{"not_picked":["Slice","Heel Hook"],"picked":"Dagger Throw","floor":10.0},{"not_picked":["Phantasmal Killer","Doppelganger"],"picked":"After Image","floor":16.0},{"not_picked":["Outmaneuver","PiercingWail"],"picked":"Well Laid Plans","floor":18.0},{"not_picked":["Leg Sweep","Poisoned Stab","Cloak And Dagger+1"],"picked":"SKIP","floor":19.0},{"not_picked":["Sucker Punch","Deadly Poison","Cloak And Dagger"],"picked":"SKIP","floor":22.0},{"not_picked":["Outmaneuver","Concentrate","Sucker Punch"],"picked":"SKIP","floor":27.0},{"not_picked":["Masterful Stab","Storm of Steel","Prepared+1"],"picked":"SKIP","floor":29.0},{"not_picked":["Masterful Stab","Storm of Steel","Prepared+1"],"picked":"SKIP","floor":29.0},{"not_picked":["Burst","Grand Finale"],"picked":"Malaise","floor":33.0},{"not_picked":["Blade Dance","Deflect","Prepared"],"picked":"SKIP","floor":35.0},{"not_picked":["Leg Sweep","Noxious Fumes+1","Dodge and Roll+1"],"picked":"SKIP","floor":36.0},{"not_picked":["PiercingWail","Blade Dance","Tactician"],"picked":"SKIP","floor":37.0},{"not_picked":["Calculated Gamble","PiercingWail"],"picked":"Backflip+1","floor":38.0},{"not_picked":["Dagger Throw","Sucker Punch","Choke"],"picked":"SKIP","floor":39.0},{"not_picked":["Phantasmal Killer","Choke","Outmaneuver"],"picked":"SKIP","floor":40.0},{"not_picked":["HandOfGreed","Discovery"],"picked":"Master of Strategy","floor":45.0},{"not_picked":["Deep Breath","Enlightenment"],"picked":"Master of Strategy","floor":45.0},{"not_picked":["Slice+1","Bane","Corpse Explosion"],"picked":"SKIP","floor":48},{"not_picked":["Well Laid Plans+1","Backflip","Choke"],"picked":"SKIP","floor":55}],"player_experience":1309363,"relics_obtained":[{"floor":7.0,"key":"Juzu Bracelet"},{"floor":9.0,"key":"Mummified Hand"},{"floor":10.0,"key":"Darkstone Periapt"},{"floor":26.0,"key":"Frozen Egg 2"},{"floor":27.0,"key":"Omamori"},{"floor":31.0,"key":"Old Coin"},{"floor":40.0,"key":"Eternal Feather"},{"floor":42.0,"key":"Ginger"},{"floor":43.0,"key":"Strawberry"},{"floor":48,"key":"Pear"},{"floor":55,"key":"Bottled Tornado"}],"event_choices":[{"damage_healed":0.0,"max_hp_gain":0.0,"max_hp_loss":0.0,"gold_gain":0.0,"event_name":"Golden Idol","player_choice":"Take Damage","floor":2.0,"gold_loss":0.0,"damage_taken":23.0,"relics_obtained":["Golden Idol"]},{"damage_healed":22.0,"max_hp_gain":0.0,"max_hp_loss":0.0,"gold_gain":0.0,"event_name":"Big Fish","player_choice":"Banana","floor":4.0,"gold_loss":0.0,"damage_taken":0.0},{"damage_healed":0.0,"max_hp_gain":0.0,"max_hp_loss":0.0,"gold_gain":0.0,"event_name":"Scrap Ooze","player_choice":"Success","floor":5.0,"gold_loss":0.0,"damage_taken":5.0,"relics_obtained":["Centennial Puzzle"]},{"cards_removed":["Strike_G"],"damage_healed":0.0,"max_hp_gain":0.0,"max_hp_loss":0.0,"gold_gain":0.0,"event_name":"Golden Wing","player_choice":"Card Removal","floor":14.0,"gold_loss":0.0,"damage_taken":7.0},{"cards_removed":["Strike_G"],"damage_healed":0.0,"max_hp_gain":0.0,"max_hp_loss":0.0,"gold_gain":0.0,"event_name":"Beggar","player_choice":"Gave Gold","floor":20.0,"gold_loss":75.0,"damage_taken":0.0},{"damage_healed":0.0,"max_hp_gain":0.0,"max_hp_loss":0.0,"gold_gain":0.0,"event_name":"The Mausoleum","player_choice":"Ignored","floor":21.0,"gold_loss":0.0,"damage_taken":0.0},{"damage_healed":0.0,"max_hp_gain":0.0,"max_hp_loss":0.0,"gold_gain":0.0,"event_name":"Cursed Tome","player_choice":"Ignored","floor":25.0,"gold_loss":0.0,"damage_taken":0.0},{"damage_healed":0.0,"max_hp_gain":0.0,"max_hp_loss":0.0,"gold_gain":0.0,"event_name":"Addict","player_choice":"Stole Relic","floor":28.0,"gold_loss":0.0,"damage_taken":0.0,"relics_obtained":["Nunchaku"],"cards_obtained":["Shame"]},{"damage_healed":0.0,"max_hp_gain":0.0,"max_hp_loss":0.0,"gold_gain":0.0,"event_name":"MindBloom","player_choice":"Fight","floor":42.0,"gold_loss":0.0,"damage_taken":0.0},{"cards_removed":["Defend_G"],"damage_healed":0.0,"max_hp_gain":0.0,"max_hp_loss":0.0,"gold_gain":0.0,"event_name":"Purifier","player_choice":"Purged","floor":44.0,"gold_loss":0.0,"damage_taken":0.0},{"damage_healed":0.0,"max_hp_gain":0.0,"max_hp_loss":0.0,"gold_gain":0.0,"event_name":"SensoryStone","player_choice":"Memory 3","floor":45.0,"gold_loss":0.0,"damage_taken":10.0}],"is_beta":false,"boss_relics":[{"not_picked":["Coffee Dripper","Ectoplasm"],"picked":"Astrolabe"},{"not_picked":["Snecko Eye","WristBlade"],"picked":"HoveringKite"}],"items_purged_floors":[3,13,46],"is_endless":false,"potions_floor_spawned":[7,8,10,19,22,27,33,36,38,39,40,42],"ascension_level":20}}