{"host":"12piqfhmdln9x2la","time":1608399666,"event":{"mods":["2.2 Compatiblity","AchievementEnabler","BaseMod","BetterRewards","Colored Powertips","Minty Spire (QoL Compilation)","Quick Restart","SuperFastMode"],"gold_per_floor":[116,116,303,332,344,387,411,435,447,459,459],"floor_reached":10,"playtime":105,"items_purged":[],"score":93,"play_id":"d875f64a-2165-49b9-8eca-4694d899a69b","local_time":"20201220024106","is_ascension_mode":false,"campfire_choices":[],"circlet_count":0,"master_deck":["Strike_B","Strike_B","Strike_B","Strike_B","Defend_B","Defend_B","Defend_B","Defend_B","Zap","Dualcast","Compile Driver","Doubt","Recycle","Multi-Cast","Conserve Battery"],"relics":["Cracked Core","NeowsBlessing","MawBank","Bottled Lightning","Letter Opener"],"acts_visited":["Exordium"],"potions_floor_usage":[],"damage_taken":[{"damage":0,"enemies":"2 Louse","floor":1,"turns":1},{"damage":0,"enemies":"Small Slimes","floor":4,"turns":1},{"damage":0,"enemies":"3 Sentries","floor":6,"turns":1},{"damage":6,"enemies":"Cultist","floor":7,"turns":3},{"damage":16,"enemies":"3 Louse","floor":8,"turns":3},{"damage":0,"enemies":"Lagavulin","floor":10,"turns":1}],"seed_played":"8258493765153056134","potions_obtained":[{"floor":4,"key":"EssenceOfSteel"},{"floor":6,"key":"ColorlessPotion"},{"floor":7,"key":"EntropicBrew"}],"is_trial":false,"path_per_floor":["M","?","?","M","?","E","M","M","T","E"],"character_chosen":"DEFECT","items_purchased":[],"campfire_rested":0,"item_purchase_floors":[],"current_hp_per_floor":[75,75,75,75,75,75,69,53,53,53,53],"gold":459,"neow_bonus":"THREE_ENEMY_KILL","is_daily":false,"chose_seed":false,"campfire_upgraded":0,"win_rate":0.0,"timestamp":1608399666,"path_taken":["M","?","?","M","?","E","?","M","T","E"],"items_purchased_type":[],"build_version":"2020-12-13","purchased_purges":0,"victory":false,"max_hp_per_floor":[75,75,75,75,75,75,75,75,75,75,75],"card_choices":[{"not_picked":["Leap","Cold Snap"],"picked":"Compile Driver","floor":1},{"not_picked":["BootSequence","Sweeping Beam"],"picked":"Recycle","floor":4},{"not_picked":["Sweeping Beam","Hologram"],"picked":"Multi-Cast","floor":6},{"not_picked":["Sunder","Reinforced Body"],"picked":"Conserve Battery","floor":7},{"not_picked":["Sweeping Beam","Steam","Beam Cell"],"picked":"SKIP","floor":8}],"player_experience":106965,"relics_obtained":[{"floor":6,"key":"Bottled Lightning"},{"floor":9,"key":"Letter Opener"}],"event_choices":[{"damage_healed":0,"gold_gain":0,"player_choice":"Box","damage_taken":0,"relics_obtained":["MawBank"],"max_hp_gain":0,"max_hp_loss":0,"event_name":"Big Fish","floor":2,"gold_loss":0,"cards_obtained":["Regret"]},{"damage_healed":0,"gold_gain":175,"player_choice":"AGREE","damage_taken":0,"max_hp_gain":0,"max_hp_loss":0,"event_name":"Liars Game","floor":3,"gold_loss":0,"cards_obtained":["Doubt"]},{"cards_removed":["Regret"],"damage_healed":0,"gold_gain":0,"player_choice":"Card Removal","damage_taken":0,"max_hp_gain":0,"max_hp_loss":0,"event_name":"Wheel of Change","floor":5,"gold_loss":0}],"is_beta":false,"boss_relics":[],"items_purged_floors":[],"is_endless":false,"potions_floor_spawned":[4,6,7],"killed_by":"Lagavulin","ascension_level":0}}