{"host":"y76clbnovzmw9ubx","time":1608338512,"event":{"mods":["AchievementEnabler","BaseMod","Minty Spire (QoL Compilation)","Permanent Neow","Relic Stats"],"gold_per_floor":[217,231,231,231,256,256,299,299,325,325,325,349,374,102,102,207,207,241,263,297,324,348,348,381,381,381],"floor_reached":25,"playtime":1750,"items_purged":["Strike_G"],"score":414,"play_id":"2cda3c5b-c897-4a72-8d81-a28deb0145ea","local_time":"20201218194152","is_ascension_mode":true,"campfire_choices":[{"data":"All Out Attack","floor":6,"key":"SMITH"},{"floor":10,"key":"REST"},{"data":"Well Laid Plans","floor":15,"key":"SMITH"},{"floor":23,"key":"REST"}],"circlet_count":0,"master_deck":["AscendersBane","Strike_G","Strike_G","Strike_G","Strike_G","Defend_G","Defend_G","Defend_G","Defend_G","Defend_G","Survivor+1","Neutralize","Flying Knee","All Out Attack+1","Venomology","Finisher+1","Sucker Punch","Well Laid Plans+1","Die Die Die","Dodge and Roll+1","Catalyst","Backflip","Cloak And Dagger+1","Backflip","Deadly Poison"],"relics":["Ring of the Snake","Golden Idol","Toy Ornithopter","CeramicFish","Centennial Puzzle","Cursed Key"],"acts_visited":["Exordium","TheCity"],"potions_floor_usage":[7,12,13,16,16,16,16,16,18,19,20,21,21,22,22,24],"damage_taken":[{"damage":2,"enemies":"Jaw Worm","floor":1,"turns":6},{"damage":0,"enemies":"2 Louse","floor":2,"turns":4},{"damage":0,"enemies":"Small Slimes","floor":5,"turns":4},{"damage":52,"enemies":"Gremlin Nob","floor":7,"turns":5},{"damage":12,"enemies":"Exordium Thugs","floor":12,"turns":5},{"damage":3,"enemies":"Large Slime","floor":13,"turns":7},{"damage":30,"enemies":"Slime Boss","floor":16,"turns":9},{"damage":19,"enemies":"Spheric Guardian","floor":18,"turns":4},{"damage":4,"enemies":"Chosen","floor":19,"turns":6},{"damage":6,"enemies":"Centurion and Healer","floor":20,"turns":6},{"damage":41,"enemies":"Shelled Parasite and Fungi","floor":21,"turns":8},{"damage":4,"enemies":"3 Cultists","floor":22,"turns":5},{"damage":26,"enemies":"Snake Plant","floor":24,"turns":4},{"damage":14,"enemies":"Gremlin Leader","floor":25,"turns":1}],"seed_played":"8294204511280301262","potions_obtained":[{"floor":2,"key":"Swift Potion"},{"floor":7,"key":"Block Potion"},{"floor":12,"key":"Weak Potion"},{"floor":16,"key":"Fruit Juice"},{"floor":18,"key":"Strength Potion"}],"is_trial":false,"path_per_floor":["M","M","?","?","M","R","E","?","T","R","?","M","M","$","R","B",null,"M","M","M","M","M","R","M","E"],"character_chosen":"THE_SILENT","items_purchased":["Well Laid Plans","Centennial Puzzle"],"campfire_rested":2,"item_purchase_floors":[14,14],"current_hp_per_floor":[57,57,57,57,57,57,5,5,5,23,23,16,18,18,18,18,53,39,40,39,8,14,33,12,0,0],"gold":381,"neow_bonus":"HUNDRED_GOLD","is_daily":false,"chose_seed":false,"campfire_upgraded":2,"win_rate":0.0,"timestamp":1608338512,"path_taken":["M","M","?","?","M","R","E","?","T","R","?","M","M","$","R","BOSS","M","M","M","?","M","R","M","E"],"items_purchased_type":["Card","Relic"],"build_version":"2020-12-13","purchased_purges":1,"victory":false,"max_hp_per_floor":[66,66,60,60,60,60,60,60,60,60,60,60,60,60,60,65,65,65,65,65,65,65,65,65,65,65],"relic_stats":{"Centennial Puzzle":[24],"counters":[14,74],"Golden Idol":66,"CeramicFish":81,"Cursed Key":0,"obtain_stats":[{"Centennial Puzzle":14,"Golden Idol":3,"CeramicFish":9,"Cursed Key":17,"Toy Ornithopter":7,"Ring of the Snake":0},{"Centennial Puzzle":6,"Golden Idol":2,"CeramicFish":4,"Cursed Key":7,"Toy Ornithopter":4,"Ring of the Snake":0},{"Centennial Puzzle":31,"Golden Idol":10,"CeramicFish":19,"Cursed Key":40,"Toy Ornithopter":19,"Ring of the Snake":0}],"Toy Ornithopter":75,"Ring of the Snake":[28]},"card_choices":[{"not_picked":["PiercingWail","Deflect"],"picked":"Flying Knee","floor":1},{"not_picked":["Crippling Poison","Dodge and Roll"],"picked":"All Out Attack","floor":2},{"not_picked":["Dagger Spray","Deadly Poison"],"picked":"Venomology","floor":5},{"not_picked":["Slice","Prepared"],"picked":"Finisher","floor":7},{"not_picked":["Flying Knee","Prepared","Outmaneuver"],"picked":"SKIP","floor":12},{"not_picked":["Prepared","Choke"],"picked":"Sucker Punch","floor":13},{"not_picked":["Unload","Adrenaline"],"picked":"Die Die Die","floor":16},{"not_picked":["Deflect","Dash"],"picked":"Dodge and Roll+1","floor":18},{"not_picked":["Backflip","Backstab"],"picked":"Catalyst","floor":19},{"not_picked":["Acrobatics","Outmaneuver"],"picked":"Backflip","floor":20},{"not_picked":["Poisoned Stab","Dodge and Roll"],"picked":"Cloak And Dagger+1","floor":21},{"not_picked":["Dodge and Roll","Masterful Stab"],"picked":"Backflip","floor":22},{"not_picked":["Blur","Backflip+1"],"picked":"Deadly Poison","floor":24}],"player_experience":2902278,"relics_obtained":[{"floor":7,"key":"Toy Ornithopter"},{"floor":9,"key":"CeramicFish"}],"event_choices":[{"damage_healed":0,"gold_gain":0,"player_choice":"Lose Max HP","damage_taken":0,"relics_obtained":["Golden Idol"],"max_hp_gain":0,"max_hp_loss":6,"event_name":"Golden Idol","floor":3,"gold_loss":0},{"damage_healed":0,"gold_gain":0,"player_choice":"Ignored","damage_taken":0,"max_hp_gain":0,"max_hp_loss":0,"event_name":"Liars Game","floor":4,"gold_loss":0},{"damage_healed":0,"gold_gain":0,"player_choice":"Grow","damage_taken":0,"max_hp_gain":0,"max_hp_loss":0,"event_name":"Living Wall","floor":8,"gold_loss":0,"cards_upgraded":["Finisher"]},{"damage_healed":0,"gold_gain":0,"player_choice":"Upgraded","damage_taken":0,"max_hp_gain":0,"max_hp_loss":0,"event_name":"Upgrade Shrine","floor":11,"gold_loss":0,"cards_upgraded":["Survivor"]}],"is_beta":false,"boss_relics":[{"not_picked":["Black Star","Empty Cage"],"picked":"Cursed Key"}],"items_purged_floors":[14],"is_endless":false,"potions_floor_spawned":[2,7,12,16,18],"killed_by":"Gremlin Leader","ascension_level":20}}