{"host":"tnhjz9cb8p0320p2","time":1608341770,"event":{"mods":["BaseMod","Better Third Choice","Downfall","Hermit","Marisa????????","Minty Spire (QoL Compilation)","Relic Stats","Replay The Spire","Shade Mod","StSLib","The Construct","The Cursed","The Jungle","The Runesmith"],"gold_per_floor":[99,99,130,580,580,610,610,640,656,684,698,197,211,221,240,342,342,342,367,377,377,406,406,406,426,526,553,263,273,106,126,144,245,245,245,263,282,207,307,307,307,336,227,77,87,87,97,115,129,129,129,158,13,13,13],"floor_reached":56,"playtime":11036,"items_purged":["Slimebound:Icky","Slimebound:Icky","Slimebound:Icky"],"score":1382,"play_id":"55c4ba37-2549-433c-a375-6b18725dccd0","local_time":"20201218193610","is_ascension_mode":false,"campfire_choices":[{"data":"champ:Execute","floor":1,"key":"SMITH"},{"data":"champ:FocusedDefense","floor":5,"key":"SMITH"},{"data":"champ:PerfectForm","floor":18,"key":"SMITH"},{"data":"champ:CalledShot","floor":21,"key":"SMITH"},{"floor":23,"key":"REST"},{"floor":35,"key":"RECALL"},{"data":"expansioncontent:DashGenerateEvil","floor":38,"key":"SMITH"},{"data":"champ:HoldFirm","floor":40,"key":"SMITH"},{"data":"champ:DefensiveStyle","floor":44,"key":"SMITH"},{"floor":54,"key":"REST"}],"circlet_count":0,"master_deck":["champ:Strike","champ:Strike","champ:Strike","champ:Strike","champ:Defend","champ:Defend","champ:Defend","champ:Defend","champ:Execute+1","champ:Taunt","champ:Circumvent","champ:FocusedDefense+1","champ:Devastate","champ:CrookedStrike","champ:TornadoPunch","champ:VampiricStrike","champ:EnGarde","champ:Devastate","champ:Haymaker","champ:FocusedDefense","champ:GladiatorsShout","champ:PerfectForm+1","AbeCurse","champ:CalledShot+1","champ:RapidStrikes+1","champ:VampiricStrike","champ:DefensiveStyle+1","champ:CalledShot+1","expansioncontent:DashGenerateEvil+1","champ:FocusedDefense","champ:ShieldSlam","champ:ShieldWall+1","Magnetism+1","champ:RecklessLeap","champ:GutPunch+1","champ:LastStand+1","champ:ShieldWall+1","champ:Riposte+1","champ:HoldFirm+1","champ:DefensiveStyle+1","champ:Backstep","Spreading Infection","champ:Taunt","Flash of Steel","champ:SkillfulDodge","champ:IgnorePain+1","champ:Shatter+1","champ:Duel","champ:LastStand+1","champ:BringItOn+1","champ:CalledShot+1","champ:IgnorePain","champ:DefensiveStyle+1"],"relics":["champ:ChampionCrown","downfall:HeartsMalice","Mango","StrikeDummy","Question Card","Bag of Preparation","Iron Hammer","DollysMirror","Abe\u0027s Treasure","Orichalcum","champ:DefensiveTrainingManual","Vajra","Frozen Egg 2","ClockworkSouvenir","Replay:Fungal Core","downfall:HeartBlessingRed","downfall:GremlinSack","Pet Ghost","downfall:HeartBlessingGreen","downfall:HeartBlessingBlue","downfall:TeleportStone","construct:FoamFinger"],"acts_visited":["Exordium","Exordium","TheBeyond","TheEnding"],"potions_floor_usage":[12,16,22,31,33,42,42,52,55,55,55,55,55],"damage_taken":[{"damage":0,"enemies":"Cultist","floor":2,"turns":1},{"damage":0,"enemies":"Lagavulin","floor":3,"turns":1},{"damage":0,"enemies":"Replay:BlueRogue","floor":8,"turns":1},{"damage":6,"enemies":"Jaw Worm","floor":9,"turns":3},{"damage":29,"enemies":"Lagavulin","floor":10,"turns":8},{"damage":5,"enemies":"2 Louse","floor":11,"turns":2},{"damage":10,"enemies":"downfall:FleeingMerchant","floor":12,"turns":4},{"damage":4,"enemies":"Exordium Thugs","floor":13,"turns":3},{"damage":0,"enemies":"Gremlin Gang","floor":14,"turns":4},{"damage":0,"enemies":"Exordium Wildlife","floor":15,"turns":3},{"damage":73,"enemies":"downfall:Defect","floor":16,"turns":7},{"damage":14,"enemies":"theJungle:MamaSnecko","floor":19,"turns":4},{"damage":15,"enemies":"theJungle:GiantWrat","floor":20,"turns":4},{"damage":63,"enemies":"theJungle:2_Phrogs","floor":22,"turns":10},{"damage":20,"enemies":"theJungle:Flameango_and_Byrd","floor":25,"turns":4},{"damage":16,"enemies":"theJungle:Cassacara","floor":27,"turns":5},{"damage":6,"enemies":"downfall:FleeingMerchant","floor":28,"turns":4},{"damage":40,"enemies":"theJungle:JungleHuntersEncounter","floor":29,"turns":5},{"damage":9,"enemies":"downfall:FleeingMerchant","floor":30,"turns":3},{"damage":11,"enemies":"theJungle:SlimyTreeVines","floor":31,"turns":4},{"damage":36,"enemies":"theJungle:2_Snecko_Cultists","floor":32,"turns":4},{"damage":40,"enemies":"downfall:Ironclad","floor":33,"turns":5},{"damage":0,"enemies":"3 Shapes","floor":36,"turns":3},{"damage":0,"enemies":"Orb Walker","floor":37,"turns":1},{"damage":20,"enemies":"Orb Walker","floor":39,"turns":2},{"damage":63,"enemies":"Reptomancer","floor":42,"turns":6},{"damage":13,"enemies":"Jaw Worm Horde","floor":45,"turns":4},{"damage":11,"enemies":"Maw","floor":47,"turns":6},{"damage":44,"enemies":"3 Darklings","floor":48,"turns":6},{"damage":3,"enemies":"4 Shapes","floor":49,"turns":3},{"damage":49,"enemies":"downfall:Watcher","floor":50,"turns":8},{"damage":97,"enemies":"downfall:CharBossMerchant","floor":52,"turns":9},{"damage":70,"enemies":"downfall:NeowBoss","floor":55,"turns":25}],"seed_played":"2459975460124752308","potions_obtained":[{"floor":9,"key":"Milkshake"},{"floor":10,"key":"FearPotion"},{"floor":11,"key":"LiquidBronze"},{"floor":13,"key":"AttackPotion"},{"floor":19,"key":"DuplicationPotion"},{"floor":20,"key":"Flashbang"},{"floor":29,"key":"DistilledChaos"},{"floor":32,"key":"AttackPotion"},{"floor":33,"key":"LifebloodPotion"},{"floor":36,"key":"Adrenaline Potion"},{"floor":48,"key":"Explosive Potion"},{"floor":52,"key":"EntropicBrew"}],"is_trial":false,"path_per_floor":["R","M","E","?","R","?","T","E","M","E","M","$","M","M","M","B",null,"R","E","M","R","E","R","T","M","?","E","$","M","$","M","M","B",null,"R","M","M","R","?","R","T","E","$","R","M","?","M","M","M","B",null,"E","$","R","B",null],"character_chosen":"THE_CHAMP","items_purchased":["Iron Hammer","DollysMirror","expansioncontent:DashGenerateEvil","champ:ShieldWall+1","Magnetism+1","ClockworkSouvenir","champ:IgnorePain+1","champ:IgnorePain","champ:DefensiveStyle+1"],"campfire_rested":2,"item_purchase_floors":[12,12,28,30,30,30,43,53,53],"current_hp_per_floor":[90,90,104,104,104,104,104,104,98,74,74,93,104,104,104,54,104,104,104,104,104,52,83,83,101,94,104,104,88,84,104,104,92,104,104,104,104,104,104,104,104,83,83,93,101,101,114,91,108,95,114,32,32,66,100],"gold":13,"neow_bonus":"THREE_ENEMY_KILL","is_daily":false,"chose_seed":false,"campfire_upgraded":7,"win_rate":0.0,"timestamp":1608341770,"path_taken":["R","?","E","?","R","?","T","E","M","E","M","$","?","?","M","BOSS","R","E","M","R","E","R","T","M","?","E","$","M","$","M","M","BOSS","R","M","M","R","?","R","T","E","$","R","?","?","M","M","M","BOSS","E","$","R","BOSS"],"items_purchased_type":["Relic","Relic","Card","Card","Card","Relic","Card","Card","Card"],"build_version":"2020-12-13","purchased_purges":3,"victory":true,"max_hp_per_floor":[90,90,104,104,104,104,104,104,104,104,104,104,104,104,104,104,104,104,104,104,104,104,104,104,104,104,104,104,104,104,104,104,104,104,104,104,104,104,104,104,104,104,104,114,114,114,114,114,114,114,114,114,114,114,114],"relic_stats":{"counters":[33,159],"Bag of Preparation":[56],"Orichalcum":[96],"Question Card":28,"obtain_stats":[{"construct:FoamFinger":52,"Replay:Fungal Core":34,"downfall:HeartBlessingRed":38,"Vajra":24,"champ:ChampionCrown":0,"downfall:HeartsMalice":0,"Mango":3,"downfall:HeartBlessingGreen":44,"downfall:TeleportStone":46,"Bag of Preparation":10,"Orichalcum":19,"Frozen Egg 2":27,"Question Card":8,"Pet Ghost":42,"ClockworkSouvenir":30,"downfall:GremlinSack":39,"DollysMirror":12,"champ:DefensiveTrainingManual":22,"downfall:HeartBlessingBlue":44,"Iron Hammer":12,"StrikeDummy":7,"Abe\u0027s Treasure":17},{"construct:FoamFinger":32,"Replay:Fungal Core":22,"downfall:HeartBlessingRed":24,"Vajra":14,"champ:ChampionCrown":0,"downfall:HeartsMalice":0,"Mango":2,"downfall:HeartBlessingGreen":26,"downfall:TeleportStone":27,"Bag of Preparation":5,"Orichalcum":12,"Frozen Egg 2":16,"Question Card":3,"Pet Ghost":26,"ClockworkSouvenir":19,"downfall:GremlinSack":25,"DollysMirror":7,"champ:DefensiveTrainingManual":14,"downfall:HeartBlessingBlue":26,"Iron Hammer":7,"StrikeDummy":2,"Abe\u0027s Treasure":11},{"construct:FoamFinger":134,"Replay:Fungal Core":86,"downfall:HeartBlessingRed":90,"Vajra":52,"champ:ChampionCrown":0,"downfall:HeartsMalice":0,"Mango":0,"downfall:HeartBlessingGreen":98,"downfall:TeleportStone":102,"Bag of Preparation":11,"Orichalcum":38,"Frozen Egg 2":61,"Question Card":0,"Pet Ghost":98,"ClockworkSouvenir":73,"downfall:GremlinSack":92,"DollysMirror":17,"champ:DefensiveTrainingManual":52,"downfall:HeartBlessingBlue":98,"Iron Hammer":17,"StrikeDummy":0,"Abe\u0027s Treasure":34}]},"card_choices":[{"not_picked":["champ:BladeFlurry","champ:Haymaker"],"picked":"champ:Circumvent","floor":2},{"not_picked":["champ:Riposte","champ:PerfectedStrike"],"picked":"champ:FocusedDefense","floor":3},{"not_picked":["champ:StanceDance","champ:BerserkerStyle"],"picked":"champ:Devastate","floor":8},{"not_picked":["champ:BladeFlurry","champ:AdrenalArmor","champ:Encircle"],"picked":"champ:CrookedStrike","floor":9},{"not_picked":["champ:BladeFlurry","champ:FlashCut","champ:AdrenalArmor"],"picked":"champ:TornadoPunch","floor":10},{"not_picked":["champ:FlashCut","champ:StanceDance","champ:DefensiveShout"],"picked":"champ:VampiricStrike","floor":11},{"not_picked":["champ:DefensiveShout","champ:FocusedGladiator","champ:CrookedStrike"],"picked":"champ:EnGarde","floor":12},{"not_picked":["champ:GladiatorsShout","champ:BladeFlurry","champ:BringItOn"],"picked":"champ:Haymaker","floor":13},{"not_picked":["champ:DefensiveShout","champ:ViciousMockery","champ:PerfectedStrike"],"picked":"champ:FocusedDefense","floor":14},{"not_picked":["champ:Circumvent","champ:Shatter","champ:Encircle"],"picked":"champ:GladiatorsShout","floor":15},{"not_picked":["champ:Devastate","champ:HeavySlash","champ:SwordThrow"],"picked":"champ:PerfectForm","floor":16},{"not_picked":["champ:FightOn","champ:Shatter","champ:RisingSlash"],"picked":"champ:CalledShot","floor":19},{"not_picked":["champ:Haymaker","champ:Encircle","champ:GladiatorsShout"],"picked":"champ:RapidStrikes+1","floor":20},{"not_picked":["champ:EnragedBash","champ:Haymaker+1","champ:DeathBlow"],"picked":"champ:VampiricStrike","floor":22},{"not_picked":["champ:PerfectedStrike","champ:ShieldWall","champ:CrookedStrike"],"picked":"champ:DefensiveStyle","floor":25},{"not_picked":["champ:BladeFlurry","champ:AdrenalArmor","champ:CrownThrow"],"picked":"champ:CalledShot+1","floor":27},{"not_picked":["champ:FlashCut","champ:PerfectedStrike","champ:BerserkersShout","champ:Haymaker"],"picked":"SKIP","floor":28},{"not_picked":["champ:AdrenalArmor","champ:GladiatorsShout","champ:EnragedBash+1"],"picked":"champ:FocusedDefense","floor":29},{"not_picked":["champ:Circumvent","champ:DefensiveShout","champ:BerserkersShout"],"picked":"champ:ShieldSlam","floor":30},{"not_picked":["champ:FaceSlap","champ:GladiatorStyle+1","champ:BerserkersShout+1"],"picked":"champ:RecklessLeap","floor":31},{"not_picked":["champ:FocusedGladiator","champ:Circumvent","champ:PerfectedStrike"],"picked":"champ:GutPunch+1","floor":32},{"not_picked":["champ:Devastate","champ:PerfectForm+1","champ:ShieldSlam"],"picked":"champ:LastStand+1","floor":33},{"not_picked":["champ:Backstep","champ:CrookedStrike+1","champ:Haymaker+1","champ:FlashCut+1"],"picked":"SKIP","floor":36},{"not_picked":["champ:GladiatorsShout+1","champ:TornadoPunch+1","champ:FlashCut"],"picked":"champ:ShieldWall+1","floor":37},{"not_picked":["champ:DeathBlow","champ:FocusedDefense","champ:BringItOn+1"],"picked":"champ:Riposte+1","floor":39},{"not_picked":["champ:PerfectedStrike","champ:AdrenalArmor+1","champ:FlashCut"],"picked":"champ:SkillfulDodge","floor":42},{"not_picked":["champ:Backstep","champ:CrookedStrike+1","champ:GladiatorsShout"],"picked":"champ:Shatter+1","floor":45},{"not_picked":["champ:Encircle+1","champ:EnragedBash+1","champ:AdrenalArmor"],"picked":"champ:Duel","floor":47},{"not_picked":["champ:BladeFlurry","champ:BringItOn","champ:EndlessRage+1"],"picked":"champ:LastStand+1","floor":48},{"not_picked":["champ:FanOfKnives","champ:Backstep+1","champ:GladiatorsShout"],"picked":"champ:BringItOn+1","floor":49},{"not_picked":["champ:EndlessRage+1","champ:AdrenalArmor","champ:BerserkersShout"],"picked":"champ:CalledShot+1","floor":52}],"player_experience":2048670,"relics_obtained":[{"floor":3,"key":"Mango"},{"floor":7,"key":"StrikeDummy"},{"floor":8,"key":"Question Card"},{"floor":10,"key":"Bag of Preparation"},{"floor":19,"key":"Orichalcum"},{"floor":22,"key":"champ:DefensiveTrainingManual"},{"floor":24,"key":"Vajra"},{"floor":27,"key":"Frozen Egg 2"},{"floor":39,"key":"downfall:GremlinSack"},{"floor":42,"key":"Pet Ghost"},{"floor":52,"key":"construct:FoamFinger"}],"event_choices":[],"is_beta":false,"boss_relics":[{"not_picked":["Replay:Drink Me","Busted Crown"],"picked":"Abe\u0027s Treasure"},{"not_picked":["Snecko Heart","Astrolabe"],"picked":"Replay:Fungal Core"}],"items_purged_floors":[12,28,30],"is_endless":false,"potions_floor_spawned":[9,10,11,13,14,15,19,20,29,32,33,36,39,48,52],"ascension_level":0}}