{"host":"ds28d883r3sz42zs","time":1608345788,"event":{"mods":["2.2 Compatiblity","AchievementEnabler","Act Like it!","Aspiration","BaseMod","Bestiary","Better Match","Better Sensory Stone","Better Silent Start","Better Third Choice","Better-Laid Plans","BetterRewards","Block Reminder","Challenge The Spire","Colored Map","Colored Powertips","Conspire","DeckTracker","Defuse TimeMaze Blight","Disable Question Mark Monsters","Displayed Cursed Tome","Emptier Cage","GifTheSpireLib","Gold Saver","Hubris","Infinite Spire","Minty Spire (QoL Compilation)","Permanent Neow","Practice Mode","Quick Restart","Random Character Button","Rare Cards Sparkle","Relic Filter","Relic Sorter","Relic Stats","Replay The Spire","SacredBarkPlus","StSLib","Stuff the Spire","SuperFastMode","The Jungle","Uncapped","Unknown Chances"],"gold_per_floor":[1956,1118,1118,1131,1145,1180,1180,1222,1249,1328,1372,1372,1415,1415,1415,1578,1578,1648,1728,1753,1753],"floor_reached":20,"playtime":619,"items_purged":["Strike_G"],"score":322,"play_id":"5508d96e-1cff-4881-bbba-f4326c29e2c0","local_time":"20201218214308","is_ascension_mode":true,"campfire_choices":[{"data":"StuffTheSpire:Injection","floor":7,"key":"SMITH"},{"data":"Dash","floor":12,"key":"SMITH"},{"floor":15,"key":"DIG"}],"circlet_count":0,"master_deck":["AscendersBane","Strike_G","Strike_G","Defend_G","Defend_G","Defend_G","Defend_G","Dash+1","StuffTheSpire:Injection+1","Backstab+1","Leg Sweep","Backstab+1","Terror","Leap","Beam Cell","Bane"],"relics":["Ring of the Snake","Replay:Bottled Eggs","Lee\u0027s Waffle","conspire:Boomerang","Replay:Bandana","ReplayTheSpireMod:Lightbulb","aspiration:TomeofQuesting","hubris:OldNail","conspire:SpecialSausage","Shuriken"],"acts_visited":["Exordium","Exordium"],"potions_floor_usage":[16,19,19],"damage_taken":[{"damage":0,"enemies":"2 Louse","floor":1,"turns":3},{"damage":0,"enemies":"Cultist","floor":4,"turns":3},{"damage":0,"enemies":"Small Slimes","floor":5,"turns":3},{"damage":7,"enemies":"Lagavulin","floor":6,"turns":6},{"damage":0,"enemies":"3 Louse","floor":8,"turns":2},{"damage":8,"enemies":"Gremlin Nob","floor":10,"turns":4},{"damage":0,"enemies":"2 Fungi Beasts","floor":11,"turns":2},{"damage":0,"enemies":"Lots of Slimes","floor":13,"turns":3},{"damage":2,"enemies":"The Guardian","floor":16,"turns":10},{"damage":17,"enemies":"theJungle:Flameango_and_Byrd","floor":18,"turns":5},{"damage":47,"enemies":"JungleHuntersEvent","floor":19,"turns":15},{"damage":5,"enemies":"theJungle:5_Spyders","floor":20,"turns":2}],"seed_played":"-6635321566414218689","potions_obtained":[{"floor":1,"key":"SmokeBomb"},{"floor":4,"key":"DuplicationPotion"},{"floor":10,"key":"PowerPotion"},{"floor":16,"key":"Weak Potion"},{"floor":19,"key":"Swift Potion"}],"is_trial":false,"path_per_floor":["M","$","?","M","M","E","R","M","T","E","M","R","M","?","R_BF","B",null,"M","?","M"],"character_chosen":"THE_SILENT","items_purchased":["Backstab","Replay:Bottled Eggs","Lee\u0027s Waffle","conspire:Boomerang"],"campfire_rested":0,"item_purchase_floors":[2,2,2,2],"current_hp_per_floor":[59,73,73,73,73,66,66,66,66,58,58,58,58,58,58,56,69,52,5,0,0],"gold":1753,"neow_bonus":"THREE_CARDS","is_daily":false,"chose_seed":false,"campfire_upgraded":2,"win_rate":0.0,"timestamp":1608345788,"path_taken":["M","$","?","?","M","E","R","M","T","E","M","R","M","?","R_BF","BOSS","M","?","M"],"items_purchased_type":["Card","Relic","Relic","Relic"],"build_version":"2020-12-13","purchased_purges":1,"victory":false,"max_hp_per_floor":[66,73,73,73,73,73,73,73,73,73,73,73,73,73,73,73,73,73,73,73,73],"relic_stats":{"Lee\u0027s Waffle":14,"counters":[12,58],"Shuriken":[1],"obtain_stats":[{"Lee\u0027s Waffle":2,"Replay:Bandana":6,"Shuriken":19,"aspiration:TomeofQuesting":10,"conspire:SpecialSausage":17,"conspire:Boomerang":2,"Replay:Bottled Eggs":2,"ReplayTheSpireMod:Lightbulb":9,"hubris:OldNail":15,"Ring of the Snake":0},{"Lee\u0027s Waffle":1,"Replay:Bandana":4,"Shuriken":11,"aspiration:TomeofQuesting":6,"conspire:SpecialSausage":9,"conspire:Boomerang":1,"Replay:Bottled Eggs":1,"ReplayTheSpireMod:Lightbulb":5,"hubris:OldNail":8,"Ring of the Snake":0},{"Lee\u0027s Waffle":3,"Replay:Bandana":15,"Shuriken":56,"aspiration:TomeofQuesting":21,"conspire:SpecialSausage":36,"conspire:Boomerang":3,"Replay:Bottled Eggs":3,"ReplayTheSpireMod:Lightbulb":17,"hubris:OldNail":26,"Ring of the Snake":0}],"Ring of the Snake":[60]},"card_choices":[{"not_picked":["Bane","Deflect"],"picked":"Dash","floor":0},{"not_picked":["Sucker Punch","StuffTheSpire:BumpUp"],"picked":"StuffTheSpire:Injection","floor":1},{"not_picked":["Doppelganger","Predator","hubris:Sniper"],"picked":"SKIP","floor":4},{"not_picked":["Hidden Blade","StuffTheSpire:Sprint"],"picked":"Backstab","floor":5},{"not_picked":["Underhanded Strike","Prepared","Accuracy"],"picked":"SKIP","floor":6},{"not_picked":["Blade Dance","Dodge and Roll","ReplayTheSpireMod:Scrap Shanks"],"picked":"SKIP","floor":8},{"not_picked":["Slice","Night Terror"],"picked":"Terror","floor":10},{"not_picked":["Deadly Poison","Blur","PiercingWail"],"picked":"SKIP","floor":11},{"not_picked":["Underhanded Strike","hubris:SlightOfHand","Blade Dance"],"picked":"SKIP","floor":13},{"not_picked":["Slice","Outmaneuver","Backflip"],"picked":"SKIP","floor":18},{"not_picked":["Prepared+1","Concentrate"],"picked":"Bane","floor":19}],"player_experience":679642,"relics_obtained":[{"floor":6,"key":"Replay:Bandana"},{"floor":9,"key":"ReplayTheSpireMod:Lightbulb"},{"floor":10,"key":"aspiration:TomeofQuesting"},{"floor":15,"key":"hubris:OldNail"},{"floor":19,"key":"Shuriken"}],"event_choices":[{"damage_healed":0,"gold_gain":0,"cards_transformed":["Strike_G"],"player_choice":"Transformed","damage_taken":0,"max_hp_gain":0,"max_hp_loss":0,"event_name":"Transmorgrifier","floor":3,"gold_loss":0,"cards_obtained":["Leg Sweep"]}],"is_beta":false,"boss_relics":[{"not_picked":["hubris:Stopwatch","hubris:TerracottaHorce"],"picked":"conspire:SpecialSausage"}],"items_purged_floors":[2],"is_endless":false,"potions_floor_spawned":[1,4,6,10,16,19],"killed_by":"theJungle:5_Spyders","ascension_level":15}}