{"host":"Limoen","time":1608367647,"event":{"mods":["Aspiration","BaseMod","CCEM","Colored Powertips","Conspire","Downfall","Halation","Hubris","Infinite Spire","Mimic Mod","Minty Spire (QoL Compilation)","Quick Restart","RatMod","Relic Sorter","Replay The Spire","Spicy Shops","Spikes Relics","StSLib","The Blue Laboratory","Trackpad","vexMod"],"gold_per_floor":[99,46,46,105,105,105,143,156,176,176,276,295,307,7,26,130,130,130],"floor_reached":17,"playtime":608,"items_purged":[],"score":170,"play_id":"26908975-f1b1-4597-a56b-95a1a91581d1","local_time":"20201219094727","is_ascension_mode":false,"campfire_choices":[{"floor":1,"key":"DIG"},{"data":"sneckomod:UnknownCommonSkill","floor":3,"key":"SMITH"},{"data":"infinitespire:SevenWalls","floor":5,"key":"SMITH"},{"data":"sneckomod:SnekBite","floor":10,"key":"SMITH"}],"circlet_count":0,"master_deck":["infinitespire:SevenWalls+1","sneckomod:Strike","sneckomod:Strike","sneckomod:Strike","sneckomod:Defend","sneckomod:Defend","sneckomod:Defend","sneckomod:TailWhip","sneckomod:SnekBite+1","sneckomod:Unknown","sneckomod:Unknown","sneckomod:SnekBeam","sneckomod:UnknownCommonSkill+1","sneckomod:Nope","sneckomod:UnknownClassGUARDIAN","sneckomod:UnknownClassBLUE","sneckomod:WideSting","sneckomod:SnekBeam","sneckomod:UnknownExhaust","sneckomod:UnknownVulnerable","sneckomod:UnlimitedRolls","sneckomod:UnknownBlock","sneckomod:UnknownRarePower"],"relics":["sneckomod:SneckoSoul","downfall:HeartsMalice","halation:IllGainedPizza","MiniBlackHole","hubris:FunFungus","SlaversCollar"],"acts_visited":["Exordium","TheCity"],"potions_floor_usage":[16,16,16],"damage_taken":[{"damage":0,"enemies":"downfall:FleeingMerchant","floor":2,"turns":1},{"damage":0,"enemies":"Lagavulin Event","floor":4,"turns":1},{"damage":0,"enemies":"2 Louse","floor":7,"turns":1},{"damage":18,"enemies":"2 Louse","floor":8,"turns":3},{"damage":0,"enemies":"Small Slimes","floor":9,"turns":3},{"damage":0,"enemies":"Cultist","floor":12,"turns":3},{"damage":12,"enemies":"Blue Slaver","floor":13,"turns":3},{"damage":20,"enemies":"downfall:FleeingMerchant","floor":14,"turns":4},{"damage":16,"enemies":"Large Slime","floor":15,"turns":4},{"damage":29,"enemies":"downfall:Ironclad","floor":16,"turns":4}],"seed_played":"4222115884521499814","potions_obtained":[{"floor":8,"key":"Venom Potion"},{"floor":9,"key":"Guardian:BlockOnCardUsePotion"},{"floor":12,"key":"Dexterity Potion"},{"floor":16,"key":"Explosive Potion"}],"is_trial":false,"path_per_floor":["R","$","R","?","R","?","MIM","M","M","R","?","M","M","$","M","B",null],"character_chosen":"THE_SNECKO","items_purchased":["sneckomod:UnknownCommonSkill","hubris:FunFungus"],"campfire_rested":0,"item_purchase_floors":[2,14],"current_hp_per_floor":[90,91,91,97,97,98,99,81,81,81,81,82,71,51,36,9,103,103],"gold":130,"neow_bonus":"THREE_ENEMY_KILL","is_daily":false,"chose_seed":false,"campfire_upgraded":3,"win_rate":0.0,"timestamp":1608367647,"path_taken":["R","$","R","?","R","?","MIM","M","M","R","?","M","?","$","M","BOSS"],"items_purchased_type":["Card","Relic"],"build_version":"2020-12-17","purchased_purges":0,"victory":false,"max_hp_per_floor":[90,91,91,97,97,98,99,99,99,99,99,100,101,101,102,103,103,103],"card_choices":[{"not_picked":["sneckomod:WideSting","sneckomod:IronFang"],"picked":"sneckomod:SnekBeam","floor":2},{"not_picked":["sneckomod:DiceCrush","sneckomod:RainOfDice"],"picked":"sneckomod:Nope","floor":4},{"not_picked":["sneckomod:UnknownClassRED","sneckomod:SoulRoll"],"picked":"sneckomod:UnknownClassBLUE","floor":7},{"not_picked":["sneckomod:RainOfDice","sneckomod:QuickMove"],"picked":"sneckomod:WideSting","floor":8},{"not_picked":["sneckomod:SoulDraw","sneckomod:SlitherStrike"],"picked":"sneckomod:SnekBeam","floor":9},{"not_picked":["sneckomod:SoulDraw","sneckomod:DiceBoulder"],"picked":"sneckomod:UnknownExhaust","floor":12},{"not_picked":["sneckomod:SnekBeam","sneckomod:Unknown1Cost"],"picked":"sneckomod:UnknownVulnerable","floor":13},{"not_picked":["sneckomod:UnknownClassEV_BLUE_COLOR","sneckomod:UnknownCommonSkill"],"picked":"sneckomod:UnlimitedRolls","floor":14},{"not_picked":["sneckomod:UnknownUncommonSkill","sneckomod:IronFang"],"picked":"sneckomod:UnknownBlock","floor":15},{"not_picked":["sneckomod:Unknown3Cost","sneckomod:Mudshield"],"picked":"sneckomod:UnknownRarePower","floor":16}],"player_experience":401125,"relics_obtained":[{"floor":1,"key":"halation:IllGainedPizza"},{"floor":4,"key":"vexMod:BerryBomb"},{"floor":7,"key":"MiniBlackHole"}],"event_choices":[{"damage_healed":0,"gold_gain":100,"player_choice":"Gold","damage_taken":0,"max_hp_gain":0,"max_hp_loss":0,"event_name":"Wheel of Change","floor":11,"gold_loss":0}],"is_beta":true,"boss_relics":[{"not_picked":["ChewingGum","vexMod:CursedCompass"],"picked":"SlaversCollar"}],"items_purged_floors":[],"is_endless":false,"potions_floor_spawned":[8,9,12,16],"ascension_level":0}}