{"host":"oamyyaqfhwqk734h","time":1608416877,"event":{"mods":["2.2 Compatiblity","AchievementEnabler","Act Like it!","AlwaysNeverKeys","Aspiration","Bard","BaseMod","Beaked The Cultist","BetterRewards","Block Reminder","CCEM","Card Forge","Clawfect","Colored Map","Colored Powertips","Conspire","DeckTracker","Dio Mod","Downfall","Friendly Minions","GifTheSpireLib","Googly Eyes","Gremlin Mod","Halation","Highlight Path","Hubris","Hunter ??","Infinite Spire","Jedi Mod","Mad Scientist","Marisa????????","Mimic Mod","Minty Spire (QoL Compilation)","Permanent Neow","Quick Restart","Rare Cards Sparkle","Replay The Spire","Shop Mod","Small Relic Pack","StSLib","Stuff the Spire","SuperFastMode","Synergy Search","The Administrix","The Animator","The Blackbeard","The Bug Knight","The Construct","The Cursed","The Disciple","The Forsaken","The Gatherer","The Hierophant","The IronCluck","The Jungle","The Mystic","The Necromancer","The Problem Sleuth","The Runesmith","The Servant 0.9.4","The Spell Scribe","TheBandit","Unceasing Turn Reminder","[IsaacMod]????"],"gold_per_floor":[99,99,119,139,152,276,302,402,252,368,368,382,382,392,408,505,505,430,446,446,446,578,598,598,598,598,698,710,720,720,736,748,748,748],"floor_reached":33,"playtime":2650,"items_purged":["Guardian:TwinSlam","Guardian:Strike_Guardian"],"score":309,"play_id":"b8157b5c-5b07-4b99-884d-d8fd5b36bd55","local_time":"20201219232757","is_ascension_mode":false,"campfire_choices":[{"floor":1.0,"key":"DIG"},{"floor":9,"key":"RECALL"},{"floor":18,"key":"REST"},{"floor":26,"key":"REST"}],"circlet_count":0,"master_deck":["Guardian:Strike_Guardian","Guardian:Strike_Guardian","Guardian:Strike_Guardian","Guardian:Defend_Guardian","Guardian:Defend_Guardian","Guardian:Defend_Guardian","Guardian:Defend_Guardian","Guardian:CurlUp","Guardian:BronzeOrb","Guardian:ShieldCharger","hubris:DuctTapeCard","Guardian:MultiBeam","Guardian:Gem_Cyan","expansioncontent:StudyTheSpire","Guardian:RevengeProtocol","Guardian:ExploitGems","Impatience","Guardian:ChargeUp","Guardian:DecasProtection","Guardian:Gem_Lightblue","Guardian:VentSteam+1","Guardian:TimeBomb","Guardian:TimeSifter","Guardian:TimeSifter","Guardian:Gem_Purple","Guardian:Emergency+1","Guardian:Gem_Cyan","Guardian:SphericShield","infinitespire:SealOfDarkness+","Guardian:Gem_Cyan","Guardian:PrismaticBarrier"],"relics":["Guardian:ModeShifter","Hammer of Thor","Seething Fire","Anvil of the Gods","HushsDoor","StuffTheSpire:TintedRock","Leech","Simple Rune","Matryoshka","hubris:DuctTape","Dream Catcher","downfall:HeartBlessingBlue","downfall:HeartBlessingGreen","aspiration:SeaSaltIceCream","aspiration:Nostalgia","mysticmod:SpellBook","Potion Belt","relicPack:ShieldShield","JudasShadow","downfall:HeartBlessingRed","hubris:Reverence","infinitespire:BottledMercury","hubris:MedicalManual","StuffTheSpire:RubySignet"],"acts_visited":["Exordium","TheCity"],"potions_floor_usage":[10,10,16,16,27,27,27],"damage_taken":[{"damage":0.0,"enemies":"Cultist","floor":3.0,"turns":2.0},{"damage":13.0,"enemies":"Jaw Worm","floor":4.0,"turns":2.0},{"damage":0.0,"enemies":"2 Louse","floor":5.0,"turns":2.0},{"damage":14.0,"enemies":"3 Sentries","floor":6.0,"turns":4.0},{"damage":16,"enemies":"Gremlin Nob","floor":8,"turns":4},{"damage":8,"enemies":"Lagavulin","floor":10,"turns":5},{"damage":0,"enemies":"Red Slaver","floor":12,"turns":1},{"damage":0,"enemies":"3 Louse","floor":14,"turns":3},{"damage":0,"enemies":"Gremlin Gang","floor":15,"turns":3},{"damage":20,"enemies":"downfall:Watcher","floor":16,"turns":6},{"damage":0,"enemies":"Shell Parasite","floor":19,"turns":5},{"damage":19,"enemies":"Replay:Snechameleon","floor":22,"turns":6},{"damage":11,"enemies":"Snecko","floor":23,"turns":5},{"damage":42,"enemies":"Nightmare","floor":27,"turns":9},{"damage":0,"enemies":"Shelled Parasite and Fungi","floor":28,"turns":6},{"damage":0,"enemies":"Centurion and Healer","floor":29,"turns":8},{"damage":0,"enemies":"Snake Plant","floor":31,"turns":3},{"damage":0,"enemies":"Shelled Parasite and Fungi","floor":32,"turns":7},{"damage":1,"enemies":"downfall:Ironclad","floor":33,"turns":4}],"seed_played":"1911153355981359970","potions_obtained":[{"floor":4.0,"key":"champ:CounterPotion"},{"floor":5.0,"key":"jedi:tentaclejuice"},{"floor":6.0,"key":"ColorlessPotion"},{"floor":10,"key":"AttackPotion"},{"floor":14,"key":"sneckomod:MuddlingPotion"},{"floor":19,"key":"Languid Potion"},{"floor":22,"key":"jedi:StrikingPotion"},{"floor":28,"key":"SpeedPotion"},{"floor":29,"key":"FearPotion"}],"is_trial":false,"path_per_floor":["R_BF","?","M","M","M","E","T","E","R","E","?","M","?","M","M","B",null,"R_BF","M","?","?","E","M","T","?","R","NM","M","M","AVR","M","M","B"],"character_chosen":"GUARDIAN","items_purchased":["expansioncontent:StudyTheSpire","Guardian:RevengeProtocol","Guardian:ExploitGems","Impatience","Guardian:ChargeUp","JudasShadow"],"campfire_rested":2,"item_purchase_floors":[17,17,17,17,17,17],"current_hp_per_floor":[80,80,80,68,69,59,59,46,56,53,53,54,39,41,44,30,55,55,55,47,32,19,12,12,12,28,1,1,1,1,1,1,0,0],"gold":748,"neow_bonus":"RANDOM_COMMON_RELIC","is_daily":false,"chose_seed":false,"campfire_upgraded":0,"win_rate":0.0,"timestamp":1608416877,"path_taken":["R_BF","?","M","M","M","E","T","E","R","E","?","M","?","M","M","BOSS","R_BF","M","?","?","E","M","T","?","R","NM","M","M","AVR","M","M","BOSS"],"items_purchased_type":["Card","Card","Card","Card","Card","Relic"],"build_version":"2020-12-13","purchased_purges":2,"victory":false,"max_hp_per_floor":[80,80,80,80,80,80,80,80,90,90,90,90,90,90,90,90,55,55,55,55,55,55,55,55,55,55,1,1,1,1,1,1,1,1],"card_choices":[{"not_picked":[],"picked":"DoctorFetus","floor":0.0},{"not_picked":["Guardian:TemporalStrike","Guardian:Gem_Green"],"picked":"Guardian:Gem_Crimson","floor":3.0},{"not_picked":["Guardian:SpikerProtocol","Guardian:Reroute"],"picked":"Guardian:BronzeOrb","floor":4.0},{"not_picked":["Guardian:Harden","Guardian:RollAttack"],"picked":"Guardian:ShieldCharger","floor":5.0},{"not_picked":["Guardian:Suspension","Guardian:Gem_Green"],"picked":"Guardian:TimeSifter","floor":6.0},{"not_picked":["Guardian:Incinerate","Guardian:SphericShield"],"picked":"Guardian:MultiBeam","floor":8},{"not_picked":["Guardian:VentSteam","Guardian:ChargeCore"],"picked":"Guardian:Gem_Cyan","floor":10},{"not_picked":["Guardian:PiercingHide","Guardian:Suspension"],"picked":"Guardian:Gem_Cyan","floor":12},{"not_picked":["Guardian:PiercingHide","Guardian:WalkerClaw","Guardian:PolyBeam"],"picked":"SKIP","floor":14},{"not_picked":["Guardian:PiercingHide","Guardian:ShieldSpikes","Guardian:Planning"],"picked":"SKIP","floor":15},{"not_picked":["Guardian:HyperBeam_Guardian","Guardian:RevengeProtocol"],"picked":"Guardian:Gem_Orange","floor":16},{"not_picked":["Guardian:CrystalBeam","Guardian:Suspension+1"],"picked":"Guardian:DecasProtection","floor":18},{"not_picked":["Guardian:ChargeUp+1","Guardian:RollAttack"],"picked":"Guardian:Gem_Lightblue","floor":19},{"not_picked":["Guardian:Gem_Fragmented","Guardian:WalkerClaw"],"picked":"Guardian:VentSteam+1","floor":20},{"not_picked":["Guardian:WalkerClaw","Guardian:CrystalBeam+1"],"picked":"Guardian:TimeBomb","floor":22},{"not_picked":["Guardian:RefractedBeam+1","Guardian:ShieldSpikes"],"picked":"Guardian:TimeSifter","floor":23},{"not_picked":["Guardian:Harden","Guardian:Planning"],"picked":"Guardian:Gem_Purple","floor":26},{"not_picked":["Guardian:WalkerClaw","Guardian:VentSteam"],"picked":"Guardian:Emergency+1","floor":27},{"not_picked":["Guardian:VentSteam","Guardian:ChargeCore"],"picked":"Guardian:Gem_Cyan","floor":28},{"not_picked":["Guardian:Preprogram","Guardian:Recover"],"picked":"Guardian:SphericShield","floor":29},{"not_picked":["Guardian:Planning+1","Guardian:Gem_Lightblue"],"picked":"Guardian:Gem_Cyan","floor":31},{"not_picked":["Guardian:Recover","Guardian:ShieldSpikes"],"picked":"Guardian:PrismaticBarrier","floor":32}],"player_experience":183964,"relics_obtained":[{"floor":1.0,"key":"Simple Rune"},{"floor":6.0,"key":"Matryoshka"},{"floor":7.0,"key":"hubris:DuctTape"},{"floor":8,"key":"Dream Catcher"},{"floor":10,"key":"aspiration:SeaSaltIceCream"},{"floor":22,"key":"hubris:Reverence"},{"floor":24,"key":"halation:IllGainedPizza"},{"floor":24,"key":"infinitespire:BottledMercury"},{"floor":27,"key":"hubris:MedicalManual"}],"event_choices":[{"cards_removed":["Regret"],"damage_healed":0,"gold_gain":0,"player_choice":"Card Removal","damage_taken":0,"max_hp_gain":0,"max_hp_loss":0,"event_name":"Wheel of Change","floor":11,"gold_loss":0}],"is_beta":false,"boss_relics":[{"not_picked":["jedi:hotpepper","hubris:Backtick"],"picked":"relicPack:ShieldShield"},{"not_picked":[]}],"items_purged_floors":[17,30],"is_endless":false,"potions_floor_spawned":[4,5,6,10,14,19,22,28,29],"killed_by":"downfall:Ironclad","ascension_level":0}}