{"host":"k6v1xkuzrj71f4ss","time":1608351319,"event":{"mods":["Act Like it!","BaseMod","Bestiary","BetterRewards","Block Reminder","Colored Map","Colored Powertips","Curses Come First","Hubris","Minty Spire (QoL Compilation)","Quick Restart","Relic Stats","Remove Card Discount Mod","Spicy Shops","StSLib","óô»ðÖ¸ÄÏ"],"gold_per_floor":[20,5657,5668,5685,5696,5696,6024,6044,6044,6044,6069,6080,6112,6129,6129,6232,6232,6243,6254,6254,6270,6289,6320,4797,4809,4883,4902,4937,4950,4950,4983,4983,5081,5081,5096,5116,5416,4698,4710,4745,4745,4761,4761,4789,4789,4789,4789,4835,4025,4025],"floor_reached":51,"playtime":4879,"items_purged":["Strike_R","Strike_R","Strike_R","Strike_R","Sword Boomerang","Strike_R","Defend_R","Pain","Madness","Madness","Warcry+1","Madness"],"score":1053,"play_id":"c6eb49b3-046b-4749-bf3b-621bb55c7bd3","local_time":"20201219121519","is_ascension_mode":true,"campfire_choices":[{"data":"Double Tap","floor":6.0,"key":"SMITH"},{"data":"Limit Break","floor":15.0,"key":"SMITH"},{"data":"hubris:StunningStrike","floor":32.0,"key":"SMITH"},{"data":"Double Tap","floor":41.0,"key":"SMITH"},{"data":"Anger","floor":45.0,"key":"SMITH"},{"data":"Heavy Blade","floor":47.0,"key":"SMITH"}],"circlet_count":0,"master_deck":["Defend_R","Defend_R","Defend_R+1","Bash","Double Tap+1","Anger+1","Cleave","Thunderclap","hubris:CleavingFinish","Limit Break+1","Heavy Blade+1","Pommel Strike","Headbutt+1","Double Tap+1","hubris:CleavingFinish+1","Flex+1","Whirlwind+1","Rage+1","Anger","hubris:StunningStrike+1","Feed","Bloodletting","Sword Boomerang+1","RitualDagger","Feed","Sword Boomerang+1","Cleave","Parasite","Anger","Offering"],"relics":["Burning Blood","Sling","Pantograph","Torii","Bag of Preparation","Old Coin","Ornamental Fan","Potion Belt","Champion Belt","Coffee Dripper","Strawberry","Whetstone","Vajra","Lantern","HandDrill","HornCleat","Bottled Lightning","hubris:Reverence","Sundial","Busted Crown","Pen Nib","Matryoshka","Nunchaku","DollysMirror","Frozen Eye","hubris:IronBody","War Paint","Bottled Flame","Boot","hubris:BundleOfHerbs","hubris:Metronome","Shuriken","Strange Spoon","Oddly Smooth Stone"],"acts_visited":["Exordium","TheCity","TheBeyond"],"potions_floor_usage":[50,50],"damage_taken":[{"damage":6.0,"enemies":"Cultist","floor":1.0,"turns":3.0},{"damage":0.0,"enemies":"Small Slimes","floor":3.0,"turns":2.0},{"damage":7.0,"enemies":"2 Louse","floor":4.0,"turns":2.0},{"damage":21.0,"enemies":"Gremlin Gang","floor":5.0,"turns":5.0},{"damage":0.0,"enemies":"Gremlin Nob","floor":7.0,"turns":2.0},{"damage":14.0,"enemies":"Blue Slaver","floor":8.0,"turns":3.0},{"damage":1.0,"enemies":"Lagavulin","floor":11.0,"turns":3.0},{"damage":7.0,"enemies":"3 Louse","floor":12.0,"turns":4.0},{"damage":10.0,"enemies":"3 Sentries","floor":13.0,"turns":3.0},{"damage":0.0,"enemies":"Gremlin Gang","floor":14.0,"turns":2.0},{"damage":14.0,"enemies":"Slime Boss","floor":16.0,"turns":7.0},{"damage":21.0,"enemies":"2 Thieves","floor":18.0,"turns":4.0},{"damage":0.0,"enemies":"Chosen","floor":19.0,"turns":3.0},{"damage":22.0,"enemies":"Snake Plant","floor":21.0,"turns":4.0},{"damage":26.0,"enemies":"Cultist and Chosen","floor":22.0,"turns":5.0},{"damage":13.0,"enemies":"Book of Stabbing","floor":23.0,"turns":3.0},{"damage":0.0,"enemies":"Centurion and Healer","floor":25.0,"turns":3.0},{"damage":0.0,"enemies":"Snake Plant","floor":27.0,"turns":3.0},{"damage":0.0,"enemies":"Slavers","floor":28.0,"turns":2.0},{"damage":0.0,"enemies":"Snecko","floor":29.0,"turns":2.0},{"damage":0.0,"enemies":"Gremlin Leader","floor":31.0,"turns":2.0},{"damage":1.0,"enemies":"Collector","floor":33.0,"turns":7.0},{"damage":0.0,"enemies":"3 Darklings","floor":35.0,"turns":1.0},{"damage":0.0,"enemies":"Orb Walker","floor":36.0,"turns":1.0},{"damage":1.0,"enemies":"Writhing Mass","floor":39.0,"turns":3.0},{"damage":3.0,"enemies":"Reptomancer","floor":40.0,"turns":2.0},{"damage":0.0,"enemies":"Transient","floor":42.0,"turns":5.0},{"damage":3.0,"enemies":"Nemesis","floor":44.0,"turns":1.0},{"damage":6.0,"enemies":"2 Orb Walkers","floor":48.0,"turns":1.0},{"damage":17,"enemies":"Awakened One","floor":50,"turns":7}],"seed_played":"2179450583355726000","potions_obtained":[{"floor":4.0,"key":"Fruit Juice"},{"floor":5.0,"key":"Fruit Juice"},{"floor":8.0,"key":"LiquidMemories"},{"floor":11.0,"key":"Ancient Potion"},{"floor":16.0,"key":"BlessingOfTheForge"},{"floor":21.0,"key":"Weak Potion"},{"floor":27.0,"key":"LiquidBronze"},{"floor":28.0,"key":"ElixirPotion"},{"floor":31.0,"key":"SkillPotion"},{"floor":48.0,"key":"BloodPotion"}],"is_trial":false,"path_per_floor":["M","$","M","M","M","R","E","M","T","T","E","M","E","M","R","B",null,"M","M","?","M","M","E","$","M","T","M","E","M","?","E","R","B",null,"M","M","?","$","M","E","R","M","T","E","R","?","R","?","R","B",null],"character_chosen":"IRONCLAD","items_purchased":["Cleave","Sling","Pantograph","Torii","Bag of Preparation","Madness","Whetstone","Vajra","Lantern","HandDrill","HornCleat","hubris:StunningStrike","Feed","Bloodletting","Pen Nib","Matryoshka","Nunchaku","DollysMirror","Frozen Eye","hubris:Metronome","Shuriken","Strange Spoon","Oddly Smooth Stone"],"campfire_rested":0,"item_purchase_floors":[2,2,2,2,2,2,24,24,24,24,24,24,24,24,38,38,38,38,38,49,49,49,49],"current_hp_per_floor":[80,80,80,84,69,74,80,72,72,72,77,76,72,78,78,82,90,75,81,90,74,54,54,54,60,60,66,75,81,75,81,81,100,100,100,100,100,100,100,100,100,100,100,100,100,87,87,87,87,89],"gold":4025,"neow_bonus":"THREE_RARE_CARDS","is_daily":false,"chose_seed":false,"campfire_upgraded":6,"win_rate":0.0,"timestamp":1608351319,"path_taken":["M","$","?","M","?","R","E","?","T","?","E","?","E","M","R","BOSS","M","M","?","M","M","E","?","?","T","M","E","M","?","E","R","BOSS","M","M","?","$","M","E","R","?","T","E","R","?","R","?","R","BOSS"],"items_purchased_type":["Card","Relic","Relic","Relic","Relic","Card","Relic","Relic","Relic","Relic","Relic","Card","Card","Card","Relic","Relic","Relic","Relic","Relic","Relic","Relic","Relic","Relic"],"build_version":"2020-12-13","purchased_purges":12,"victory":true,"max_hp_per_floor":[80,80,80,85,85,90,90,90,90,90,90,90,90,90,90,90,90,90,90,90,90,90,97,97,97,97,97,100,100,100,100,100,100,100,100,100,100,100,100,100,100,100,100,100,100,100,100,100,100,100],"relic_stats":{"Torii":23,"counters":[30,95],"Pen Nib":[6],"Bag of Preparation":[58],"Whetstone":["Whirlwind","Headbutt"],"War Paint":["Warcry","Defend_R"],"Boot":[0],"Burning Blood":140,"Strange Spoon":[0],"Nunchaku":[6],"Busted Crown":14,"Ornamental Fan":[228],"Sundial":[0],"Shuriken":[5],"Pantograph":44,"HandDrill":[28],"Champion Belt":[50],"obtain_stats":[{"Lantern":24,"hubris:Metronome":49,"Torii":2,"Vajra":24,"Bag of Preparation":2,"Whetstone":24,"Sling":2,"Boot":44,"Burning Blood":0,"Old Coin":7,"Frozen Eye":38,"Nunchaku":38,"HornCleat":24,"Matryoshka":38,"Sundial":31,"DollysMirror":38,"Pantograph":2,"Strawberry":23,"hubris:IronBody":40,"HandDrill":24,"Potion Belt":10,"Oddly Smooth Stone":49,"Pen Nib":38,"War Paint":43,"Strange Spoon":49,"Bottled Flame":43,"Busted Crown":34,"Ornamental Fan":9,"Shuriken":49,"hubris:BundleOfHerbs":48,"Coffee Dripper":17,"Champion Belt":11,"Bottled Lightning":26,"hubris:Reverence":28},{"Lantern":16,"hubris:Metronome":29,"Torii":1,"Vajra":16,"Bag of Preparation":1,"Whetstone":16,"Sling":1,"Boot":28,"Burning Blood":0,"Old Coin":5,"Frozen Eye":24,"Nunchaku":24,"HornCleat":16,"Matryoshka":24,"Sundial":21,"DollysMirror":24,"Pantograph":1,"Strawberry":16,"hubris:IronBody":26,"HandDrill":16,"Potion Belt":6,"Oddly Smooth Stone":29,"Pen Nib":24,"War Paint":27,"Strange Spoon":29,"Bottled Flame":27,"Busted Crown":22,"Ornamental Fan":6,"Shuriken":29,"hubris:BundleOfHerbs":29,"Coffee Dripper":11,"Champion Belt":7,"Bottled Lightning":17,"hubris:Reverence":19},{"Lantern":55,"hubris:Metronome":88,"Torii":3,"Vajra":55,"Bag of Preparation":3,"Whetstone":55,"Sling":3,"Boot":87,"Burning Blood":0,"Old Coin":14,"Frozen Eye":76,"Nunchaku":76,"HornCleat":55,"Matryoshka":76,"Sundial":67,"DollysMirror":76,"Pantograph":3,"Strawberry":55,"hubris:IronBody":81,"HandDrill":55,"Potion Belt":17,"Oddly Smooth Stone":88,"Pen Nib":76,"War Paint":86,"Strange Spoon":88,"Bottled Flame":86,"Busted Crown":74,"Ornamental Fan":17,"Shuriken":88,"hubris:BundleOfHerbs":88,"Coffee Dripper":36,"Champion Belt":20,"Bottled Lightning":58,"hubris:Reverence":63}]},"card_choices":[{"not_picked":["Demon Form","Exhume"],"picked":"Double Tap","floor":0.0},{"not_picked":["Wild Strike","Combust"],"picked":"Anger","floor":1.0},{"not_picked":["Sentinel","hubris:ReadiedAction"],"picked":"Thunderclap","floor":3.0},{"not_picked":["Body Slam","Iron Wave"],"picked":"Warcry","floor":4.0},{"not_picked":["Pommel Strike","Twin Strike"],"picked":"hubris:CleavingFinish","floor":5.0},{"not_picked":["Pummel","Clash"],"picked":"Limit Break","floor":7.0},{"not_picked":["Armaments","Wild Strike","Twin Strike"],"picked":"SKIP","floor":8.0},{"not_picked":["Spot Weakness","Disarm"],"picked":"Heavy Blade","floor":11.0},{"not_picked":["Havoc","Cleave"],"picked":"Pommel Strike","floor":12.0},{"not_picked":["hubris:ReadiedAction","Shrug It Off","Feel No Pain"],"picked":"SKIP","floor":13.0},{"not_picked":["Twin Strike","Juggernaut"],"picked":"Headbutt","floor":14.0},{"not_picked":["Immolate","Brutality"],"picked":"Double Tap","floor":16.0},{"not_picked":["Armaments","Wild Strike"],"picked":"hubris:CleavingFinish+1","floor":18.0},{"not_picked":["Heavy Blade","Reckless Charge"],"picked":"Flex+1","floor":19.0},{"not_picked":["True Grit","Headbutt"],"picked":"Whirlwind","floor":21.0},{"not_picked":["Clash","Power Through"],"picked":"Rage+1","floor":22.0},{"not_picked":["Second Wind","Clothesline+1"],"picked":"Anger","floor":23.0},{"not_picked":["hubris:SharpeningStone","Bludgeon"],"picked":"Sword Boomerang","floor":25.0},{"not_picked":["Shrug It Off","Pommel Strike","Armaments"],"picked":"SKIP","floor":27.0},{"not_picked":["Disarm","Armaments"],"picked":"Sword Boomerang+1","floor":28.0},{"not_picked":["Shrug It Off","Cleave+1","Iron Wave"],"picked":"SKIP","floor":29.0},{"not_picked":["Twin Strike","Immolate","Thunderclap"],"picked":"SKIP","floor":31.0},{"not_picked":["Brutality","Immolate"],"picked":"Feed","floor":33.0},{"not_picked":[],"picked":"Sword Boomerang+1","floor":35.0},{"not_picked":["Spot Weakness"],"picked":"SKIP","floor":36.0},{"not_picked":[],"picked":"Anger","floor":39.0},{"not_picked":[],"picked":"Offering","floor":40.0},{"not_picked":["Anger"],"picked":"SKIP","floor":42.0},{"not_picked":["Rupture"],"picked":"SKIP","floor":44.0}],"player_experience":90119,"relics_obtained":[{"floor":7.0,"key":"Old Coin"},{"floor":9.0,"key":"Ornamental Fan"},{"floor":10.0,"key":"Potion Belt"},{"floor":11.0,"key":"Champion Belt"},{"floor":23.0,"key":"Strawberry"},{"floor":26.0,"key":"Bottled Lightning"},{"floor":28.0,"key":"hubris:Reverence"},{"floor":31.0,"key":"Sundial"},{"floor":40.0,"key":"hubris:IronBody"},{"floor":43.0,"key":"War Paint"},{"floor":43.0,"key":"Bottled Flame"},{"floor":44.0,"key":"Boot"},{"floor":48.0,"key":"hubris:BundleOfHerbs"}],"event_choices":[{"damage_healed":9.0,"max_hp_gain":0.0,"max_hp_loss":0.0,"gold_gain":0.0,"event_name":"Wheel of Change","player_choice":"Full Heal","floor":20.0,"gold_loss":0.0,"damage_taken":0.0},{"damage_healed":0.0,"max_hp_gain":0.0,"max_hp_loss":0.0,"gold_gain":0.0,"event_name":"Nest","player_choice":"Joined the Cult","floor":30.0,"gold_loss":0.0,"damage_taken":6.0,"cards_obtained":["RitualDagger"]},{"damage_healed":0.0,"max_hp_gain":0.0,"max_hp_loss":0.0,"gold_gain":300.0,"event_name":"Wheel of Change","player_choice":"Gold","floor":37.0,"gold_loss":0.0,"damage_taken":0.0},{"damage_healed":0.0,"max_hp_gain":0.0,"max_hp_loss":0.0,"gold_gain":0.0,"event_name":"Winding Halls","player_choice":"Embrace Madness","floor":46.0,"gold_loss":0.0,"damage_taken":13.0,"cards_obtained":["Madness","Madness"]},{"damage_healed":0.0,"max_hp_gain":0.0,"max_hp_loss":0.0,"gold_gain":0.0,"event_name":"Mysterious Sphere","player_choice":"Fight","floor":48.0,"gold_loss":0.0,"damage_taken":0.0}],"is_beta":false,"boss_relics":[{"not_picked":["Cursed Key","hubris:Backtick"],"picked":"Coffee Dripper"},{"not_picked":["hubris:GrandSneckoEye","hubris:BlackHole"],"picked":"Busted Crown"}],"items_purged_floors":[2,2,2,24,38,38,38,38,49,49,49,49],"is_endless":false,"potions_floor_spawned":[4,5,8,11,16,21,27,28,31,36,48],"ascension_level":2}}