{"host":"hfvpa4llnnjpeawn","time":1608413901,"event":{"mods":["2.2 Compatiblity","AchievementEnabler","Act Like it!","Aspiration","Bard","BaseMod","Beaked The Cultist","Better Sensory Stone","Better Skull","Better Third Choice","BetterRewards","CapriCore","Conspire","Downfall","Elementarium","Energized Spire","Hermit","Hubris","Jorbs\u0027s Wanderer Trilogy","Koishi","Lobotomy","LobotomyExtend","Minty Spire (QoL Compilation)","Replay The Spire","Shade Mod","Spicy Shops","StSLib","The Bladedancer","The Factory","The Gatherer","The Jungle","Waifu the Spire","Wandering Minibosses"],"gold_per_floor":[277,18,37,52,65,65,90,90,90,90,90],"floor_reached":10,"playtime":436,"items_purged":["Normality"],"score":78,"play_id":"5768be7f-daf2-4cd2-a435-da39148c7641","local_time":"20201219163821","is_ascension_mode":true,"campfire_choices":[{"data":"Heavy Blade","floor":6,"key":"SMITH"},{"data":"Carnage","floor":8,"key":"SMITH"}],"circlet_count":0,"master_deck":["Strike_R","Strike_R","Strike_R","Strike_R","Strike_R","Defend_R","Defend_R","Defend_R","Defend_R","Bash","CrumblingArmor","Cleave","Flex","Shrug It Off","Pommel Strike+1","Iron Wave","Forethought","Woodsman","Perfected Strike","FairyFestival","Carnage+1","Wellcheers","Heavy Blade+1","PunishingBird"],"relics":["Burning Blood","CogitoBucket","LetterFromLob","BargainBundle","Anchor","Tiny Chest","hubris:IronBody"],"acts_visited":["Exordium"],"potions_floor_usage":[7,7],"damage_taken":[{"damage":6,"enemies":"2 Louse","floor":1,"turns":4},{"damage":2,"enemies":"Jaw Worm","floor":3,"turns":2},{"damage":1,"enemies":"Cultist","floor":4,"turns":3},{"damage":4,"enemies":"3 Louse","floor":5,"turns":3},{"damage":24,"enemies":"3 Sentries","floor":7,"turns":4},{"damage":90,"enemies":"Lagavulin","floor":10,"turns":1}],"seed_played":"-4203660769489072235","potions_obtained":[{"floor":1,"key":"SpeedPotion"},{"floor":3,"key":"Venom Potion"}],"is_trial":false,"path_per_floor":["M","$","M","M","M","R","E","R","T","E"],"character_chosen":"IRONCLAD","items_purchased":["BargainBundle","Anchor","Regen Potion","champ:CounterPotion","Flex","Shrug It Off","Pommel Strike+1","Iron Wave","Forethought"],"campfire_rested":0,"item_purchase_floors":[2,2,2,2,2,2,2,2,2],"current_hp_per_floor":[80,80,80,80,80,80,76,76,76,0,0],"gold":90,"neow_bonus":"","is_daily":false,"chose_seed":false,"campfire_upgraded":2,"win_rate":0.0,"timestamp":1608413901,"path_taken":["M","$","M","M","M","R","E","R","T","E"],"items_purchased_type":["Relic","Relic","Potion","Potion","Card","Card","Card","Card","Card"],"build_version":"2020-12-13","purchased_purges":1,"victory":false,"max_hp_per_floor":[80,80,80,80,80,80,80,80,80,80,80],"card_choices":[{"not_picked":["Murderer","CherryBlossoms","MHz"],"picked":"Singing Bowl","floor":1},{"not_picked":["LongBird","Wellcheers"],"picked":"CrumblingArmor","floor":1},{"not_picked":["Clash","Dual Wield"],"picked":"Cleave","floor":1},{"not_picked":["ShyLook","Scorched"],"picked":"Woodsman","floor":3},{"not_picked":["ReplayTheSpireMod:Corrosion Curse","Clash"],"picked":"Perfected Strike","floor":3},{"not_picked":["MHz","MeatLantern"],"picked":"FairyFestival","floor":4},{"not_picked":["Replay:Undeath\u0027s Touch","Iron Wave"],"picked":"Carnage","floor":4},{"not_picked":["WallGazer","Murderer","SpiderBud"],"picked":"Singing Bowl","floor":5},{"not_picked":["MeatLantern","MHz"],"picked":"Wellcheers","floor":5},{"not_picked":["ReplayTheSpireMod:Strike From Hell","Sword Boomerang"],"picked":"Heavy Blade","floor":5},{"not_picked":["GreedKing","OldLady"],"picked":"PunishingBird","floor":7},{"not_picked":["Burning Pact","Headbutt","True Grit"],"picked":"SKIP","floor":7},{"not_picked":["Burning Pact","Headbutt","True Grit"],"picked":"SKIP","floor":7}],"player_experience":279719,"relics_obtained":[{"floor":1,"key":"LetterFromLob"},{"floor":7,"key":"Tiny Chest"},{"floor":9,"key":"hubris:IronBody"}],"event_choices":[],"is_beta":false,"boss_relics":[],"items_purged_floors":[2],"is_endless":false,"potions_floor_spawned":[1,3,5],"killed_by":"Lagavulin","ascension_level":3}}