{"host":"wppa8gky53tnknhf","time":1608375812,"event":{"mods":["AchievementEnabler","Act Like it!","BaseMod","Better Third Choice","BetterRewards","Card Forge","Colored Powertips","Energized Spire","Hubris","Infinite Spire","Marked Mod","Minty Spire (QoL Compilation)","Permanent Neow","Quick Restart","Rare Cards Sparkle","Relic Stats","Remove Card Discount Mod","Replay The Spire","Spikes Relics","Spire Birthday Party","StSLib"],"gold_per_floor":[114,127,127,141,141,167,167,195,195,213,213,213,248,9,9,110,110,124,141,91,104,117,149,168,168,168,186,186,213,213,247,247,351,351,364,381,395,405,331,357,376,410,433,433,466,481,501,501,501,501,501,501,276,307,307,307],"floor_reached":55,"playtime":1838,"items_purged":[],"score":1057,"play_id":"5864acf7-7149-47f6-a34f-b89837d02891","local_time":"20201219110332","is_ascension_mode":true,"campfire_choices":[{"floor":15,"key":"RECALL"},{"floor":25,"key":"REST"},{"floor":30,"key":"REST"},{"floor":32,"key":"REST"},{"floor":44,"key":"REST"},{"floor":49,"key":"REST"},{"floor":52,"key":"REST"}],"circlet_count":0,"master_deck":["Strike_R+1","Strike_R+1","Strike_R+1","Strike_R+1","Strike_R+1","Defend_R+1","Defend_R+1","Defend_R+1","Defend_R+1","Body Slam+1","Sword Boomerang+1","Bash+1","ReplayReversal+1","Thunderclap+1","Clash+1","Reaper+1","Clash+1","Cleave+1","Sword Boomerang+1","Berserk+1","Iron Wave+1","Heavy Blade+1","Flame Barrier+1","Shrug It Off+1","Thunderclap+1","Sword Boomerang+1","Bludgeon+1","Seeing Red+1","Flex+1","Heavy Blade+1","Twin Strike+1","Rampage+1","Demon Form+1","Sword Boomerang+1","Clash+1","Barricade+1"],"relics":["Burning Blood","Hammer of Thor","Seething Fire","Anvil of the Gods","hubris:Towel","Replay:Ringing Soul","Bag of Marbles","Kunai","BranchBurnRelic","hubris:Backtick","hubris:Potato","energizedSpire:HugeHouse","hubris:MedicalManual","ReplayTheSpireMod:TigerMarble","Mercury Hourglass","White Beast Statue","Replay:Kaleidoscope","hubris:ScarierMask","infinitespire:FocusingShard","infinitespire:Golems Mask","RoseTintedShades","Replay:Baseball","Strawberry","Membership Card","Anchor"],"acts_visited":["Exordium","TheCity","TheBeyond","TheEnding"],"potions_floor_usage":[18,18,23,23,23,33,33,38,38,41,41,45,46,47,47,50,54,55,55],"damage_taken":[{"damage":0,"enemies":"Small Slimes","floor":1,"turns":3},{"damage":0,"enemies":"Cultist","floor":2,"turns":2},{"damage":0,"enemies":"2 Louse","floor":4,"turns":2},{"damage":2,"enemies":"Gremlin Nob","floor":6,"turns":3},{"damage":25,"enemies":"Lagavulin","floor":8,"turns":6},{"damage":0,"enemies":"Looter","floor":10,"turns":2},{"damage":0,"enemies":"3 Sentries","floor":13,"turns":4},{"damage":51,"enemies":"Hexaghost","floor":16,"turns":6},{"damage":6,"enemies":"Chosen","floor":18,"turns":3},{"damage":11,"enemies":"2 Thieves","floor":19,"turns":3},{"damage":0,"enemies":"Centurion and Healer","floor":21,"turns":3},{"damage":13,"enemies":"Snake Plant","floor":22,"turns":2},{"damage":30,"enemies":"Gremlin Leader","floor":23,"turns":6},{"damage":30,"enemies":"Shelled Parasite and Fungi","floor":24,"turns":5},{"damage":3,"enemies":"Snecko","floor":27,"turns":4},{"damage":0,"enemies":"Replay:Snechameleon","floor":29,"turns":3},{"damage":25,"enemies":"Slavers","floor":31,"turns":5},{"damage":80,"enemies":"Champ","floor":33,"turns":9},{"damage":0,"enemies":"3 Darklings","floor":35,"turns":2},{"damage":0,"enemies":"3 Shapes","floor":36,"turns":2},{"damage":0,"enemies":"3 Darklings","floor":37,"turns":2},{"damage":15,"enemies":"Writhing Mass","floor":38,"turns":2},{"damage":45,"enemies":"Nemesis","floor":40,"turns":7},{"damage":16,"enemies":"Transient","floor":41,"turns":5},{"damage":58,"enemies":"Giant Head","floor":42,"turns":7},{"damage":0,"enemies":"R_Hoarder","floor":45,"turns":6},{"damage":7,"enemies":"Jaw Worm Horde","floor":46,"turns":2},{"damage":11,"enemies":"Writhing Mass","floor":47,"turns":4},{"damage":112,"enemies":"infinitespire:MassOfShapes","floor":50,"turns":10},{"damage":22,"enemies":"Shield and Spear","floor":54,"turns":3},{"damage":144,"enemies":"The Heart","floor":55,"turns":9}],"seed_played":"-5633915171726596393","potions_obtained":[{"floor":1,"key":"SpeedPotion"},{"floor":8,"key":"Venom Potion"},{"floor":10,"key":"Weak Potion"},{"floor":13,"key":"Toxic Potion"},{"floor":21,"key":"SpeedPotion"},{"floor":22,"key":"EntropicBrew"},{"floor":24,"key":"Cursed Concoction"},{"floor":27,"key":"DuplicationPotion"},{"floor":33,"key":"Weak Potion"},{"floor":35,"key":"SmokeBomb"},{"floor":36,"key":"SpeedPotion"},{"floor":37,"key":"HeartOfIron"},{"floor":38,"key":"BloodPotion"},{"floor":40,"key":"Weak Potion"},{"floor":41,"key":"PowerPotion"},{"floor":42,"key":"Weak Potion"},{"floor":45,"key":"SteroidPotion"},{"floor":46,"key":"Weak Potion"},{"floor":47,"key":"Dexterity Potion"},{"floor":54,"key":"GamblersBrew"}],"is_trial":false,"path_per_floor":["M","M","?","M","?","E","?","E","T","M","?","?","E","$","R","B",null,"M","M","AVR","M","M","E","M","R","T","M","?","E","R","E","R","B",null,"M","M","M","M","?","E","M","E","T","R","E","M","M","?","R","B",null,"R","$","E","B"],"character_chosen":"IRONCLAD","items_purchased":["Kunai","Membership Card","Block Potion","Flashbang"],"campfire_rested":6,"item_purchase_floors":[14,53,53,53],"current_hp_per_floor":[80,80,80,80,80,80,80,61,61,70,73,73,79,79,79,50,89,92,90,93,96,92,78,57,88,88,106,106,111,111,104,114,53,117,117,120,123,117,117,87,105,62,62,100,131,133,133,136,148,71,148,148,148,135,0,0],"gold":307,"neow_bonus":"THREE_RARE_CARDS","is_daily":false,"chose_seed":false,"campfire_upgraded":0,"win_rate":0.0,"timestamp":1608375812,"path_taken":["M","M","?","?","?","E","?","E","T","M","?","?","E","$","R","BOSS","M","M","AVR","M","M","E","M","R","T","M","?","E","R","E","R","BOSS","M","M","M","M","?","E","M","E","T","R","E","?","M","?","R","BOSS","R","$","E","BOSS"],"items_purchased_type":["Relic","Relic","Potion","Potion"],"build_version":"2020-12-13","purchased_purges":0,"victory":false,"max_hp_per_floor":[80,80,80,80,80,80,80,80,80,83,86,86,86,86,86,89,89,92,95,93,96,99,102,105,105,105,108,108,111,111,114,114,117,117,117,120,123,126,126,126,129,129,129,129,139,142,145,148,148,148,148,148,148,151,151,151],"relic_stats":{"counters":[31,132],"Kunai":[60],"obtain_stats":[{"RoseTintedShades":42,"Hammer of Thor":0,"Burning Blood":0,"Replay:Ringing Soul":8,"BranchBurnRelic":15,"hubris:Backtick":17,"Strawberry":45,"hubris:ScarierMask":34,"infinitespire:Golems Mask":40,"energizedSpire:HugeHouse":20,"Kunai":14,"Dead Branch":6,"hubris:MedicalManual":20,"infinitespire:FocusingShard":39,"Seething Fire":0,"Replay:Kaleidoscope":31,"hubris:Towel":7,"White Beast Statue":29,"Mercury Hourglass":26,"Replay:Baseball":43,"Anchor":54,"Anvil of the Gods":0,"Bag of Marbles":11,"ReplayTheSpireMod:TigerMarble":23,"Membership Card":53,"hubris:Potato":17},{"RoseTintedShades":25,"Hammer of Thor":0,"Burning Blood":0,"Replay:Ringing Soul":5,"BranchBurnRelic":7,"hubris:Backtick":8,"Strawberry":26,"hubris:ScarierMask":18,"infinitespire:Golems Mask":23,"energizedSpire:HugeHouse":10,"Kunai":7,"Dead Branch":4,"hubris:MedicalManual":10,"infinitespire:FocusingShard":22,"Seething Fire":0,"Replay:Kaleidoscope":17,"hubris:Towel":4,"White Beast Statue":16,"Mercury Hourglass":14,"Replay:Baseball":25,"Anchor":30,"Anvil of the Gods":0,"Bag of Marbles":6,"ReplayTheSpireMod:TigerMarble":13,"Membership Card":29,"hubris:Potato":8},{"RoseTintedShades":98,"Hammer of Thor":0,"Burning Blood":0,"Replay:Ringing Soul":16,"BranchBurnRelic":22,"hubris:Backtick":28,"Strawberry":104,"hubris:ScarierMask":71,"infinitespire:Golems Mask":86,"energizedSpire:HugeHouse":34,"Kunai":22,"Dead Branch":10,"hubris:MedicalManual":34,"infinitespire:FocusingShard":79,"Seething Fire":0,"Replay:Kaleidoscope":62,"hubris:Towel":10,"White Beast Statue":57,"Mercury Hourglass":50,"Replay:Baseball":98,"Anchor":123,"Anvil of the Gods":0,"Bag of Marbles":18,"ReplayTheSpireMod:TigerMarble":45,"Membership Card":120,"hubris:Potato":28}],"Burning Blood":126,"Mercury Hourglass":[273]},"card_choices":[{"not_picked":["Immolate","Impervious"],"picked":"Berserk","floor":0},{"not_picked":["Ghostly Armor","Armaments","Pommel Strike"],"picked":"SKIP","floor":1},{"not_picked":["Uppercut","Life Link"],"picked":"Body Slam","floor":2},{"not_picked":["Invigoration","Pommel Strike"],"picked":"Sword Boomerang","floor":4},{"not_picked":["Replay:Undeath\u0027s Touch","ReplayTheSpireMod:Muscle Training"],"picked":"ReplayReversal","floor":6},{"not_picked":["Anger","Run Through"],"picked":"Thunderclap","floor":8},{"not_picked":["Pummel","Combust"],"picked":"Clash","floor":10},{"not_picked":["Anger","Exhume","ReplayTheSpireMod:Corrosion Curse"],"picked":"SKIP","floor":13},{"not_picked":["Double Tap","Exhume"],"picked":"Reaper","floor":16},{"not_picked":["Wild Strike","Uppercut"],"picked":"Clash","floor":18},{"not_picked":["Carnage","Invigoration"],"picked":"Cleave","floor":19},{"not_picked":["Thunderclap","ReplayTheSpireMod:Corrosion Curse"],"picked":"Sword Boomerang+1","floor":21},{"not_picked":["Warcry","Invigoration"],"picked":"Iron Wave","floor":22},{"not_picked":["Intimidate","Anger+1"],"picked":"Heavy Blade","floor":23},{"not_picked":["Perfected Strike","Cleave"],"picked":"Flame Barrier","floor":24},{"not_picked":["Pummel","True Grit"],"picked":"Shrug It Off","floor":27},{"not_picked":["hubris:ReadiedAction+1","ReplayTheSpireMod:Strike From Hell"],"picked":"Thunderclap","floor":29},{"not_picked":["ReplayTheSpireMod:Strike From Hell","Feed"],"picked":"Sword Boomerang+1","floor":31},{"not_picked":["Feed","Brutality"],"picked":"Bludgeon","floor":33},{"not_picked":["Pommel Strike","Wild Strike","Dual Wield+1"],"picked":"SKIP","floor":35},{"not_picked":["Dropkick","Feel No Pain+1"],"picked":"Seeing Red","floor":36},{"not_picked":["ReplayTheSpireMod:Limb From Limb","hubris:ReadiedAction+1"],"picked":"Flex+1","floor":37},{"not_picked":["ReplayTheSpireMod:Strike From Hell","Thunderclap"],"picked":"Heavy Blade+1","floor":38},{"not_picked":["Headbutt+1","Fire Breathing","hubris:ReadiedAction"],"picked":"SKIP","floor":40},{"not_picked":["Headbutt","Seeing Red"],"picked":"Twin Strike+1","floor":41},{"not_picked":["Fiend Fire","Burning Pact+1","Replay:Undeath\u0027s Touch"],"picked":"SKIP","floor":42},{"not_picked":["True Grit+1","Ghostly Armor+1"],"picked":"Rampage+1","floor":45},{"not_picked":["Cleave+1","Shrug It Off"],"picked":"Demon Form","floor":46},{"not_picked":["hubris:ReadiedAction","Run Through"],"picked":"Sword Boomerang","floor":47},{"not_picked":["Havoc","Dual Wield+1"],"picked":"Barricade","floor":54}],"player_experience":669586,"relics_obtained":[{"floor":6,"key":"Dead Branch"},{"floor":8,"key":"Replay:Ringing Soul"},{"floor":23,"key":"ReplayTheSpireMod:TigerMarble"},{"floor":26,"key":"Mercury Hourglass"},{"floor":29,"key":"White Beast Statue"},{"floor":31,"key":"Replay:Kaleidoscope"},{"floor":40,"key":"infinitespire:Golems Mask"},{"floor":42,"key":"RoseTintedShades"},{"floor":43,"key":"Replay:Baseball"},{"floor":45,"key":"Strawberry"},{"floor":54,"key":"Anchor"}],"event_choices":[{"damage_healed":0,"gold_gain":0,"player_choice":"Ignored","damage_taken":0,"max_hp_gain":0,"max_hp_loss":0,"event_name":"NoteForYourself","floor":3,"gold_loss":0},{"damage_healed":0,"gold_gain":0,"player_choice":"Box","damage_taken":0,"relics_obtained":["Bag of Marbles"],"max_hp_gain":0,"max_hp_loss":0,"event_name":"Big Fish","floor":11,"gold_loss":0,"cards_obtained":["Regret"]},{"damage_healed":73,"gold_gain":0,"player_choice":"Leave","damage_taken":0,"max_hp_gain":0,"max_hp_loss":86,"event_name":"betterThird:BetterShining","floor":12,"gold_loss":0},{"damage_healed":0,"gold_gain":0,"player_choice":"Simplicity","damage_taken":0,"max_hp_gain":0,"max_hp_loss":0,"event_name":"betterThird:BetterWriting","floor":28,"gold_loss":0},{"damage_healed":0,"gold_gain":0,"player_choice":"Paid Gold","damage_taken":0,"relics_obtained":["infinitespire:FocusingShard"],"max_hp_gain":0,"max_hp_loss":0,"event_name":"WeMeetAgain","floor":39,"gold_loss":74}],"is_beta":false,"boss_relics":[{"not_picked":["Astrolabe","Replay:Bronze Core"],"picked":"hubris:Backtick"},{"not_picked":["hubris:GrandSneckoEye","hubris:TerracottaHorce"],"picked":"hubris:ScarierMask"}],"items_purged_floors":[],"is_endless":false,"potions_floor_spawned":[1,8,10,13,21,22,24,27,29,31,33,35,36,37,38,40,41,42,45,46,47,54],"killed_by":"The Heart","ascension_level":1}}