{"host":"jgyoyy5iuhtvyvtg","time":1608354207,"event":{"mods":["2.2 Compatiblity","BaseMod","Challenge The Spire","Colored Map","Conspire","Downfall","Hermit","Highlight Path","Infinite Spire","Lobotomy","LobotomyExtend","Minty Spire (QoL Compilation)","Quick Restart","Replay The Spire","Spikes Relics","StSLib","The Construct","The Disciple","The Jungle","Yuri Mod"],"gold_per_floor":[118,130,130,144,154,154,154,173,197,24,24,43,43,56,56,153,153,163,183,183,183,201,201,215,215,264,287,309,321,209,225,225,330,330,347,94,94,114,114,127,127,145,168,179,179,28,28,42,42,42,42],"floor_reached":52,"playtime":2343,"items_purged":["Strike_P"],"score":675,"play_id":"0170e275-0e0a-4c27-8402-97de6ee0ba94","local_time":"20201218210327","is_ascension_mode":false,"campfire_choices":[{"data":"TalkToTheHand","floor":6,"key":"SMITH"},{"data":"Replay:SS_hec_2","floor":13,"key":"SMITH"},{"data":"Study","floor":15,"key":"SMITH"},{"data":"Fasting2","floor":23,"key":"SMITH"},{"data":"Ragnarok","floor":25,"key":"SMITH"},{"data":"Prostrate","floor":29,"key":"SMITH"},{"data":"Prostrate","floor":32,"key":"SMITH"},{"data":"Worship","floor":41,"key":"SMITH"},{"floor":45,"key":"REST"},{"data":"Blasphemy","floor":47,"key":"SMITH"},{"floor":49,"key":"REST"}],"circlet_count":0,"master_deck":["Strike_P+1","Strike_P","Defend_P+1","Defend_P","Defend_P","Vigilance+1","Prostrate+1","TalkToTheHand+1","Prostrate","Replay:SS_hec_2+1","Inflame","Study+1","UniverseFragment","CrushJoints","Ragnarok+1","Fasting2+1","Prostrate+1","Consecrate+1","LikeWater+1","SashWhip","Perseverance","Wish","AbeCurse","FollowUp+1","Worship+1","LikeWater","Doubt","Blasphemy+1","Pray+1","Ragnarok"],"relics":["PureWater","CogitoBucket","LetterFromLob","MiniBlackHole","TreeSap","conspire:SpecialSausage","FleshIdol","MawBank","Abe\u0027s Treasure","BehaviorAdjustment","AtMidnight","champ:Barbells","Ring of Fury","Blue Doll","ClockworkSouvenir"],"acts_visited":["Exordium","Exordium","TheBeyond"],"potions_floor_usage":[12,16,16,35,42,50,50],"damage_taken":[{"damage":5,"enemies":"Jaw Worm","floor":1,"turns":6},{"damage":0,"enemies":"Small Slimes","floor":2,"turns":3},{"damage":0,"enemies":"Cultist","floor":4,"turns":3},{"damage":5,"enemies":"3 Louse","floor":5,"turns":2},{"damage":9,"enemies":"Exordium Thugs","floor":8,"turns":6},{"damage":0,"enemies":"Looter","floor":12,"turns":5},{"damage":0,"enemies":"Blue Slaver","floor":14,"turns":5},{"damage":2,"enemies":"Hexaghost","floor":16,"turns":15},{"damage":13,"enemies":"theJungle:Flameango_and_Byrd","floor":18,"turns":7},{"damage":0,"enemies":"theJungle:5_Spyders","floor":19,"turns":9},{"damage":27,"enemies":"theJungle:JungleHuntersEncounter","floor":22,"turns":5},{"damage":9,"enemies":"theJungle:Snecko_Cultist_And_Trap","floor":24,"turns":7},{"damage":9,"enemies":"Snake Plant","floor":27,"turns":5},{"damage":0,"enemies":"theJungle:Lyon","floor":28,"turns":4},{"damage":19,"enemies":"theJungle:JungleHuntersEncounter","floor":31,"turns":6},{"damage":13,"enemies":"theJungle:QueenSpyder","floor":33,"turns":13},{"damage":0,"enemies":"3 Shapes","floor":35,"turns":5},{"damage":11,"enemies":"3 Darklings","floor":38,"turns":8},{"damage":28,"enemies":"Spire Growth","floor":40,"turns":5},{"damage":49,"enemies":"4 Shapes","floor":42,"turns":6},{"damage":20,"enemies":"Sphere and 2 Shapes","floor":44,"turns":8},{"damage":1,"enemies":"3 Darklings","floor":48,"turns":4},{"damage":51,"enemies":"Awakened One","floor":50,"turns":15}],"seed_played":"-3184471374755572967","potions_obtained":[{"floor":2,"key":"ColorlessPotion"},{"floor":5,"key":"Adrenaline Potion"},{"floor":8,"key":"Weak Potion"},{"floor":12,"key":"champ:CounterPotion"},{"floor":16,"key":"Flashbang"},{"floor":24,"key":"Weak Potion"},{"floor":28,"key":"FairyPotion"},{"floor":38,"key":"Regen Potion"},{"floor":48,"key":"Languid Potion"}],"is_trial":false,"path_per_floor":["M","M","?","M","M","R","E","M","T","$","?","M","R","M","R","B",null,"M","M","?","?","M","R","M","R","T","M","M","R","$","M","R","B",null,"M","$","?","M","?","M","R","M","T","M","R","$","R","M","R","B",null,null],"character_chosen":"WATCHER","items_purchased":["Replay:SS_hec_2","LikeWater","SashWhip","Worship","LikeWater","champ:Barbells","ClockworkSouvenir"],"campfire_rested":2,"item_purchase_floors":[10,30,30,36,36,36,46],"current_hp_per_floor":[67,67,67,67,62,62,62,53,53,53,53,53,53,53,53,51,72,59,59,59,59,47,47,42,42,42,33,33,33,33,31,31,42,72,72,72,72,67,67,39,39,31,31,17,34,34,34,33,50,31,31],"gold":42,"neow_bonus":"","is_daily":false,"chose_seed":false,"campfire_upgraded":9,"win_rate":0.0,"timestamp":1608354207,"path_taken":["M","M","?","M","M","R","E","M","T","$","?","?","R","M","R","BOSS","M","M","?","?","M","R","M","R","T","M","M","R","$","M","R","BOSS","M","$","?","M","?","M","R","M","T","?","R","?","R","M","R","BOSS"],"items_purchased_type":["Card","Card","Card","Card","Card","Relic","Relic"],"build_version":"2020-12-13","purchased_purges":1,"victory":true,"max_hp_per_floor":[72,72,72,72,72,72,72,72,72,72,72,72,72,72,72,72,72,72,72,72,72,72,72,72,72,72,72,72,72,72,72,72,72,72,72,72,72,72,72,72,72,57,57,57,57,57,57,57,57,57,57],"card_choices":[{"not_picked":["MHz","Scorched","ShyLook"],"picked":"Singing Bowl","floor":1},{"not_picked":["FlyingSleeves","BowlingBash"],"picked":"Prostrate","floor":1},{"not_picked":["Murderer","Bloodbath","ShyLook"],"picked":"Singing Bowl","floor":2},{"not_picked":["Wish","ClearTheMind"],"picked":"TalkToTheHand","floor":2},{"not_picked":["Scorched","NakedNest","SpiderBud"],"picked":"Singing Bowl","floor":4},{"not_picked":["CarveReality","FollowUp"],"picked":"Consecrate","floor":4},{"not_picked":["FairyFestival","CrumblingArmor","ShyLook"],"picked":"Singing Bowl","floor":5},{"not_picked":["PathToVictory","ClearTheMind","ThirdEye"],"picked":"SKIP","floor":5},{"not_picked":["SilentOrchestra","WallGazer","Bloodbath"],"picked":"Singing Bowl","floor":8},{"not_picked":["DeceiveReality","FlurryOfBlows"],"picked":"Prostrate","floor":8},{"not_picked":["SingingMachine","WallGazer","BigBadWolf"],"picked":"Singing Bowl","floor":12},{"not_picked":["EmptyBody","Replay:AtTheReady"],"picked":"Study","floor":12},{"not_picked":["MeatLantern","Bloodbath"],"picked":"UniverseFragment","floor":14},{"not_picked":["Replay:AtTheReady","Indignation"],"picked":"CrushJoints","floor":14},{"not_picked":["DreamingCurrent","DespairKnight","Bloodbath"],"picked":"Singing Bowl","floor":16},{"not_picked":["Establishment","Wish"],"picked":"Ragnarok","floor":16},{"not_picked":["CherryBlossoms","LaLuna","WhitesApple"],"picked":"Singing Bowl","floor":18},{"not_picked":["Meditate","FearNoEvil"],"picked":"Fasting2","floor":18},{"not_picked":["WhitesApple","Bloodbath","Woodsman"],"picked":"Singing Bowl","floor":19},{"not_picked":["EmptyMind","WheelKick"],"picked":"Prostrate","floor":19},{"not_picked":["Alriune","Woodsman","LittlePrince"],"picked":"Singing Bowl","floor":22},{"not_picked":["FlyingSleeves","JustLucky","Replay:AtTheReady"],"picked":"SKIP","floor":22},{"not_picked":["BlueStar","Mercenary","GalaxyChild"],"picked":"Singing Bowl","floor":24},{"not_picked":["Evaluate","ThirdEye","FearNoEvil+1"],"picked":"SKIP","floor":24},{"not_picked":["MeltingLove","Scorched","BlueStar"],"picked":"Singing Bowl","floor":27},{"not_picked":["FlurryOfBlows+1","ClearTheMind","EmptyFist"],"picked":"SKIP","floor":27},{"not_picked":["Yin","BeautyBeast","BigBadWolf"],"picked":"Singing Bowl","floor":28},{"not_picked":["SashWhip","Replay:Anticipation"],"picked":"Consecrate+1","floor":28},{"not_picked":["PunishingBird","RedShoes","MHz"],"picked":"Singing Bowl","floor":31},{"not_picked":["FearNoEvil","Evaluate"],"picked":"Perseverance","floor":31},{"not_picked":["Mercenary","HappyTeddy","NakedNest"],"picked":"Singing Bowl","floor":33},{"not_picked":["ConjureBlade","Judgement"],"picked":"Wish","floor":33},{"not_picked":["Alriune","Bloodbath","BigBird"],"picked":"Singing Bowl","floor":35},{"not_picked":["JustLucky+1","Crescendo"],"picked":"FollowUp+1","floor":35},{"not_picked":["ShyLook","SingingMachine","SilentOrchestra"],"picked":"Singing Bowl","floor":38},{"not_picked":["Replay:Hum","ForeignInfluence+1"],"picked":"Blasphemy","floor":38},{"not_picked":["OldLady","Freischutz","GreedKing"],"picked":"Singing Bowl","floor":40},{"not_picked":["CarveReality","FlurryOfBlows+1","MentalFortress"],"picked":"SKIP","floor":40},{"not_picked":["BlueStar","BigBird","BodiesMountain"],"picked":"Singing Bowl","floor":42},{"not_picked":["Evaluate+1","Study+1","Crescendo+1"],"picked":"SKIP","floor":42},{"not_picked":["SilentOrchestra","RedShoes","LaLuna"],"picked":"Singing Bowl","floor":44},{"not_picked":["FlurryOfBlows+1","FearNoEvil+1"],"picked":"Pray+1","floor":44},{"not_picked":["BlackSwan","NothingThere","BlueStar"],"picked":"Singing Bowl","floor":48},{"not_picked":["CrushJoints","Perseverance+1"],"picked":"Ragnarok","floor":48}],"player_experience":3164397,"relics_obtained":[{"floor":1,"key":"LetterFromLob"},{"floor":9,"key":"MiniBlackHole"},{"floor":26,"key":"MawBank"},{"floor":35,"key":"AtMidnight"},{"floor":37,"key":"Ring of Fury"},{"floor":43,"key":"Blue Doll"}],"event_choices":[{"damage_healed":0,"gold_gain":0,"player_choice":"Leave","damage_taken":0,"max_hp_gain":0,"max_hp_loss":0,"event_name":"conspire:Investor","floor":3,"gold_loss":0},{"cards_removed":["Eruption"],"damage_healed":0,"gold_gain":0,"player_choice":"Took Card","damage_taken":0,"max_hp_gain":0,"max_hp_loss":0,"event_name":"NoteForYourself","floor":11,"gold_loss":0,"cards_obtained":["Inflame"]}],"is_beta":false,"boss_relics":[{"not_picked":["CosmicIsotope","Honey Jar"],"picked":"conspire:SpecialSausage"},{"not_picked":["conspire:SlowCooker","Calling Bell"],"picked":"Abe\u0027s Treasure"}],"items_purged_floors":[10],"is_endless":false,"potions_floor_spawned":[2,5,8,12,16,24,28,31,33,38,40,48],"ascension_level":0}}