{"host":"nh1tx9wty0m9wedw","time":1608344717,"event":{"mods":["BaseMod","Colored Map","Colored Powertips","Minty Spire (QoL Compilation)"],"gold_per_floor":[109,184,184,184,196,231,231,262,287,317,69,69,107,130,130,251,251,270,270,270,281,43,43,43,43,43,53,87,15,33,33,33,33,33],"floor_reached":33,"playtime":1975,"items_purged":["Injury"],"score":318,"play_id":"0c4840bc-1bc9-484e-8323-40d890b1671e","local_time":"20201219032517","is_ascension_mode":true,"campfire_choices":[{"floor":7,"key":"REST"},{"floor":15,"key":"REST"},{"data":"Juggernaut","floor":23,"key":"SMITH"},{"floor":25,"key":"REST"},{"floor":32,"key":"REST"}],"circlet_count":0,"master_deck":["Bash","Thunderclap","Twin Strike","Iron Wave","Iron Wave","Juggernaut+1","Blood for Blood","Feel No Pain+1","Immolate","Rampage","Rupture+1","Seeing Red","Uppercut","Whirlwind","Warcry","Immolate","Iron Wave","Blood for Blood","Sadistic Nature+1","Seeing Red","Armaments+1"],"relics":["Burning Blood","Juzu Bracelet","Regal Pillow","Meat on the Bone","Tiny Chest","Art of War","Nunchaku","Frozen Egg 2","Bloody Idol","Unceasing Top","Pandora\u0027s Box","Ice Cream","Peace Pipe","Pantograph"],"acts_visited":["Exordium","TheCity"],"potions_floor_usage":[6,10,16,18,21,21,27,27,27,30,33],"damage_taken":[{"damage":1,"enemies":"Cultist","floor":1,"turns":3},{"damage":4,"enemies":"2 Louse","floor":5,"turns":3},{"damage":30,"enemies":"3 Sentries","floor":6,"turns":8},{"damage":23,"enemies":"Gremlin Nob","floor":8,"turns":4},{"damage":33,"enemies":"3 Sentries","floor":10,"turns":10},{"damage":22,"enemies":"Gremlin Nob","floor":13,"turns":4},{"damage":4,"enemies":"Jaw Worm","floor":14,"turns":4},{"damage":36,"enemies":"The Guardian","floor":16,"turns":11},{"damage":44,"enemies":"2 Thieves","floor":18,"turns":3},{"damage":12,"enemies":"Chosen","floor":21,"turns":3},{"damage":24,"enemies":"Snake Plant","floor":27,"turns":3},{"damage":58,"enemies":"Slavers","floor":28,"turns":4},{"damage":10,"enemies":"Cultist and Chosen","floor":30,"turns":5},{"damage":104,"enemies":"Champ","floor":33,"turns":9}],"seed_played":"5353238011342697092","potions_obtained":[{"floor":5,"key":"Explosive Potion"},{"floor":8,"key":"Regen Potion"},{"floor":13,"key":"Block Potion"},{"floor":16,"key":"Fire Potion"},{"floor":18,"key":"EntropicBrew"},{"floor":21,"key":"Explosive Potion"},{"floor":30,"key":"Regen Potion"}],"is_trial":false,"path_per_floor":["M","?","?","?","M","E","R","E","T","E","$","?","E","M","R","B",null,"M","?","T","M","$","R","?","R","T","M","E","$","M","?","R","B"],"character_chosen":"IRONCLAD","items_purchased":["Frozen Egg 2","Sadistic Nature+1","DistilledChaos"],"campfire_rested":4,"item_purchase_floors":[11,22,29],"current_hp_per_floor":[80,69,66,66,68,44,80,63,63,51,51,51,47,49,80,50,80,54,54,54,53,53,53,53,80,80,67,32,32,45,45,80,0,0],"gold":33,"neow_bonus":"RANDOM_COMMON_RELIC","is_daily":false,"chose_seed":false,"campfire_upgraded":1,"win_rate":0.0,"timestamp":1608344717,"path_taken":["M","?","?","?","M","E","R","E","T","E","?","?","E","M","R","BOSS","M","?","?","M","$","R","?","R","T","M","E","$","M","?","R","BOSS"],"items_purchased_type":["Relic","Card","Potion"],"build_version":"2020-12-13","purchased_purges":1,"victory":false,"max_hp_per_floor":[80,80,80,80,80,80,80,80,80,80,80,80,80,80,80,80,80,80,80,80,80,80,80,80,80,80,80,80,80,80,80,80,80,80],"card_choices":[{"not_picked":["True Grit","Warcry"],"picked":"Thunderclap","floor":1},{"not_picked":["Body Slam","Power Through"],"picked":"Twin Strike","floor":5},{"not_picked":["Thunderclap","Havoc"],"picked":"Iron Wave","floor":6},{"not_picked":["Bloodletting","Dark Embrace"],"picked":"Iron Wave","floor":8},{"not_picked":["Seeing Red","Flex"],"picked":"Juggernaut","floor":10},{"not_picked":["Shrug It Off","Havoc"],"picked":"Blood for Blood","floor":13},{"not_picked":["Rupture+1","Rampage"],"picked":"Feel No Pain+1","floor":14},{"not_picked":["Corruption+1","Bludgeon"],"picked":"Immolate","floor":16},{"not_picked":["Clothesline","Clash+1"],"picked":"Iron Wave","floor":18},{"not_picked":["Seeing Red","True Grit+1"],"picked":"Blood for Blood","floor":21},{"not_picked":["Sword Boomerang+1","True Grit","Wild Strike"],"picked":"SKIP","floor":27},{"not_picked":["Anger","Havoc"],"picked":"Seeing Red","floor":28},{"not_picked":["Dual Wield","Disarm"],"picked":"Armaments+1","floor":30}],"player_experience":564567,"relics_obtained":[{"floor":6,"key":"Meat on the Bone"},{"floor":8,"key":"Tiny Chest"},{"floor":9,"key":"Art of War"},{"floor":10,"key":"Nunchaku"},{"floor":13,"key":"Unceasing Top"},{"floor":20,"key":"Ice Cream"},{"floor":26,"key":"Peace Pipe"},{"floor":28,"key":"Pantograph"}],"event_choices":[{"damage_healed":0,"gold_gain":75,"player_choice":"Gather Gold","damage_taken":11,"max_hp_gain":0,"max_hp_loss":0,"event_name":"World of Goop","floor":2,"gold_loss":0},{"damage_healed":0,"gold_gain":0,"player_choice":"Success","damage_taken":3,"relics_obtained":["Regal Pillow"],"max_hp_gain":0,"max_hp_loss":0,"event_name":"Scrap Ooze","floor":3,"gold_loss":0},{"cards_removed":["Strike_R"],"damage_healed":0,"gold_gain":0,"player_choice":"Forget","damage_taken":0,"max_hp_gain":0,"max_hp_loss":0,"event_name":"Living Wall","floor":4,"gold_loss":0},{"damage_healed":0,"gold_gain":0,"player_choice":"Take Wound","damage_taken":0,"relics_obtained":["Golden Idol"],"max_hp_gain":0,"max_hp_loss":0,"event_name":"Golden Idol","floor":12,"gold_loss":0,"cards_obtained":["Injury"]},{"damage_healed":0,"gold_gain":0,"player_choice":"Gave Idol","damage_taken":0,"relics_obtained":["Bloody Idol"],"max_hp_gain":0,"max_hp_loss":0,"event_name":"Forgotten Altar","floor":19,"relics_lost":["Golden Idol"],"gold_loss":0},{"damage_healed":0,"gold_gain":0,"player_choice":"Ignored","damage_taken":0,"max_hp_gain":0,"max_hp_loss":0,"event_name":"Vampires","floor":24,"gold_loss":0},{"cards_removed":["Perfected Strike"],"damage_healed":0,"gold_gain":0,"player_choice":"Elegance","damage_taken":0,"max_hp_gain":0,"max_hp_loss":0,"event_name":"Back to Basics","floor":31,"gold_loss":0}],"is_beta":false,"boss_relics":[{"not_picked":["SlaversCollar","Tiny House"],"picked":"Pandora\u0027s Box"}],"items_purged_floors":[22],"is_endless":false,"potions_floor_spawned":[5,8,13,16,18,21,30],"killed_by":"Champ","ascension_level":2}}