{"host":"so6fnfq7th6ki9q5","time":1608412469,"event":{"mods":["AchievementEnabler","BaseMod","Colored Map","Colored Powertips","Minty Spire (QoL Compilation)","Quick Restart","StSLib"],"gold_per_floor":[119,119,119,119,137,170,170,204,204,234,244,258,258,268,268,373,373,383,11,11,110,110,110,144,144,144,144,44,44,70,70,70,175,175,190,65,65,65,146,146,146,0,0,0,12,12,30,0,0,0],"floor_reached":51,"playtime":1931,"items_purged":["Defend_G","Strike_G","Defend_G"],"score":997,"play_id":"563f9ec8-9b07-45a2-9846-db626ecb0886","local_time":"20201219151429","is_ascension_mode":true,"campfire_choices":[{"data":"Infinite Blades","floor":13.0,"key":"SMITH"},{"data":"Choke","floor":15.0,"key":"SMITH"},{"floor":23.0,"key":"DIG"},{"floor":25.0,"key":"DIG"},{"floor":27.0,"key":"DIG"},{"floor":29.0,"key":"DIG"},{"floor":32.0,"key":"REST"},{"floor":41,"key":"DIG"},{"floor":44,"key":"DIG"},{"floor":49,"key":"RECALL"}],"circlet_count":0,"master_deck":["Strike_G+1","Strike_G+1","Strike_G+1","Defend_G+1","Defend_G+1","Defend_G+1","Survivor+1","Neutralize+1","Infinite Blades+1","Choke+1","Infinite Blades+1","Backflip+1","Deadly Poison+1","Cloak And Dagger+1","Blur+1","Infinite Blades+1","A Thousand Cuts+1","Cloak And Dagger+1","Venomology+1","A Thousand Cuts+1","Escape Plan+1","Panacea","Cloak And Dagger+1","Accuracy"],"relics":["Ring of the Snake","NeowsBlessing","Lizard Tail","Blood Vial","Nunchaku","Pocketwatch","Mercury Hourglass","WristBlade","Shovel","Du-Vu Doll","Bottled Lightning","Art of War","FossilizedHelix","Mummified Hand","Tingsha","Juzu Bracelet","Coffee Dripper","Mark of the Bloom","Sundial","PreservedInsect","Incense Burner","Dead Branch","Red Mask"],"acts_visited":["Exordium","TheCity","TheBeyond"],"potions_floor_usage":[33,35,50,50,50,50],"damage_taken":[{"damage":0.0,"enemies":"Small Slimes","floor":1.0,"turns":1.0},{"damage":0.0,"enemies":"2 Louse","floor":5.0,"turns":1.0},{"damage":0.0,"enemies":"3 Sentries","floor":6.0,"turns":1.0},{"damage":24.0,"enemies":"Lagavulin","floor":8.0,"turns":7.0},{"damage":15.0,"enemies":"Gremlin Nob","floor":10.0,"turns":4.0},{"damage":0.0,"enemies":"Cultist","floor":11.0,"turns":3.0},{"damage":7.0,"enemies":"Large Slime","floor":12.0,"turns":4.0},{"damage":6.0,"enemies":"Looter","floor":14.0,"turns":2.0},{"damage":27.0,"enemies":"Hexaghost","floor":16.0,"turns":9.0},{"damage":30.0,"enemies":"2 Thieves","floor":18.0,"turns":4.0},{"damage":45.0,"enemies":"Slavers","floor":24.0,"turns":5.0},{"damage":0.0,"enemies":"Gremlin Leader","floor":30.0,"turns":4.0},{"damage":50,"enemies":"Automaton","floor":33,"turns":10},{"damage":0,"enemies":"Orb Walker","floor":35,"turns":2},{"damage":0,"enemies":"3 Darklings","floor":45,"turns":2},{"damage":0,"enemies":"4 Shapes","floor":47,"turns":2},{"damage":0,"enemies":"Awakened One","floor":50,"turns":4}],"seed_played":"-6692543003082266431","potions_obtained":[{"floor":1.0,"key":"Swift Potion"},{"floor":6.0,"key":"ColorlessPotion"},{"floor":11.0,"key":"CunningPotion"},{"floor":16.0,"key":"SkillPotion"},{"floor":18.0,"key":"Ancient Potion"},{"floor":24.0,"key":"CultistPotion"},{"floor":33,"key":"LiquidMemories"},{"floor":45,"key":"DistilledChaos"},{"floor":47,"key":"SneckoOil"}],"is_trial":false,"path_per_floor":["M","?","?","?","M","E","?","E","T","E","M","M","R","M","R","B",null,"M","$","?","?","$","R","E","R","T","R","$","R","E","?","R","B",null,"M","$","?","?","T","?","R","$","T","R","M","?","M","?","R","B",null],"character_chosen":"THE_SILENT","items_purchased":["Shovel","PreservedInsect"],"campfire_rested":1,"item_purchase_floors":[19,42],"current_hp_per_floor":[70,63,63,30,30,30,70,46,46,33,35,30,30,26,26,1,70,40,40,40,40,40,40,35,35,35,35,35,35,37,37,58,10,70,70,70,70,70,70,70,70,70,70,70,70,70,70,70,70,70],"gold":0,"neow_bonus":"THREE_ENEMY_KILL","is_daily":false,"chose_seed":false,"campfire_upgraded":2,"win_rate":0.0,"timestamp":1608412469,"path_taken":["M","?","?","?","M","E","?","E","T","E","M","M","R","M","R","BOSS","M","?","?","?","$","R","E","R","T","R","?","R","E","?","R","BOSS","M","$","?","?","?","?","R","$","T","R","M","?","M","?","R","BOSS"],"items_purchased_type":["Relic","Relic"],"build_version":"2020-12-13","purchased_purges":3,"victory":true,"max_hp_per_floor":[70,70,70,70,70,70,70,70,70,70,70,70,70,70,70,70,70,70,70,70,70,70,70,70,70,70,70,70,70,70,70,70,70,70,70,70,70,70,70,70,70,70,70,70,70,70,70,70,70,70],"card_choices":[{"not_picked":["Backflip","Flying Knee"],"picked":"Infinite Blades","floor":1.0},{"not_picked":["Dagger Throw","Deflect"],"picked":"Choke","floor":5.0},{"not_picked":["Dagger Spray","Terror"],"picked":"Infinite Blades","floor":6.0},{"not_picked":["Crippling Poison","Prepared"],"picked":"Backflip","floor":8.0},{"not_picked":["Dodge and Roll","Corpse Explosion"],"picked":"Deadly Poison","floor":10.0},{"not_picked":["Bane","Footwork"],"picked":"Cloak And Dagger","floor":11.0},{"not_picked":["PiercingWail","Quick Slash"],"picked":"Blur","floor":12.0},{"not_picked":["Reflex","Noxious Fumes"],"picked":"Infinite Blades","floor":14.0},{"not_picked":["Die Die Die","Wraith Form v2"],"picked":"A Thousand Cuts","floor":16.0},{"not_picked":["Flying Knee","Dagger Throw+1"],"picked":"Cloak And Dagger","floor":18.0},{"not_picked":["Flying Knee+1","Deadly Poison"],"picked":"Venomology","floor":24.0},{"not_picked":["Outmaneuver","Underhanded Strike"],"picked":"Dodge and Roll","floor":30.0},{"not_picked":["Doppelganger","Burst"],"picked":"A Thousand Cuts","floor":33},{"not_picked":["Quick Slash","Dagger Spray"],"picked":"Escape Plan+1","floor":35},{"not_picked":["Discovery","Forethought"],"picked":"Panacea","floor":40},{"not_picked":["Poisoned Stab","Dagger Spray+1"],"picked":"Cloak And Dagger+1","floor":45},{"not_picked":["Dagger Throw+1","After Image"],"picked":"Accuracy","floor":47}],"player_experience":280111,"relics_obtained":[{"floor":6.0,"key":"Blood Vial"},{"floor":8.0,"key":"Nunchaku"},{"floor":9.0,"key":"Pocketwatch"},{"floor":10.0,"key":"Mercury Hourglass"},{"floor":23.0,"key":"Du-Vu Doll"},{"floor":24.0,"key":"Bottled Lightning"},{"floor":25.0,"key":"Art of War"},{"floor":26.0,"key":"FossilizedHelix"},{"floor":27.0,"key":"Mummified Hand"},{"floor":29.0,"key":"Tingsha"},{"floor":30.0,"key":"Juzu Bracelet"},{"floor":41,"key":"Sundial"},{"floor":43,"key":"Incense Burner"},{"floor":44,"key":"Dead Branch"}],"event_choices":[{"cards_removed":["Strike_G"],"damage_healed":0.0,"max_hp_gain":0.0,"max_hp_loss":0.0,"gold_gain":0.0,"event_name":"Golden Wing","player_choice":"Card Removal","floor":2.0,"gold_loss":0.0,"damage_taken":7.0},{"damage_healed":0.0,"max_hp_gain":0.0,"max_hp_loss":0.0,"gold_gain":0.0,"event_name":"Living Wall","player_choice":"Grow","floor":3.0,"gold_loss":0.0,"damage_taken":0.0,"cards_upgraded":["Infinite Blades"]},{"damage_healed":0.0,"max_hp_gain":0.0,"max_hp_loss":0.0,"gold_gain":0.0,"event_name":"Scrap Ooze","player_choice":"Success","floor":4.0,"gold_loss":0.0,"damage_taken":33.0,"relics_obtained":["Lizard Tail"]},{"damage_healed":40.0,"max_hp_gain":0.0,"max_hp_loss":0.0,"gold_gain":0.0,"event_name":"Wheel of Change","player_choice":"Full Heal","floor":7.0,"gold_loss":0.0,"damage_taken":0.0},{"damage_healed":0.0,"max_hp_gain":0.0,"max_hp_loss":0.0,"gold_gain":99.0,"event_name":"Nest","player_choice":"Stole From Cult","floor":21.0,"gold_loss":0.0,"damage_taken":0.0},{"damage_healed":0.0,"max_hp_gain":0.0,"max_hp_loss":0.0,"gold_gain":0.0,"event_name":"Cursed Tome","player_choice":"Ignored","floor":31.0,"gold_loss":0.0,"damage_taken":0.0},{"cards_removed":["Dodge and Roll"],"damage_healed":0,"gold_gain":0,"player_choice":"Removed Skill","damage_taken":0,"max_hp_gain":0,"max_hp_loss":0,"event_name":"Falling","floor":37,"gold_loss":0},{"damage_healed":0,"gold_gain":0,"player_choice":"Upgrade","damage_taken":0,"relics_obtained":["Mark of the Bloom"],"max_hp_gain":0,"max_hp_loss":0,"event_name":"MindBloom","floor":38,"gold_loss":0,"cards_upgraded":["Strike_G","Strike_G","Strike_G","Defend_G","Defend_G","Defend_G","Survivor","Neutralize","Backflip","Deadly Poison","Cloak And Dagger","Blur","Infinite Blades","A Thousand Cuts","Cloak And Dagger","Venomology","A Thousand Cuts"]},{"damage_healed":0,"gold_gain":0,"player_choice":"Memory 1","damage_taken":0,"max_hp_gain":0,"max_hp_loss":0,"event_name":"SensoryStone","floor":40,"gold_loss":0},{"damage_healed":0,"gold_gain":0,"player_choice":"Ignored","damage_taken":0,"max_hp_gain":0,"max_hp_loss":0,"event_name":"Mysterious Sphere","floor":46,"gold_loss":0},{"damage_healed":0,"gold_gain":0,"player_choice":"Paid","damage_taken":0,"relics_obtained":["Red Mask"],"max_hp_gain":0,"max_hp_loss":0,"event_name":"Tomb of Lord Red Mask","floor":48,"gold_loss":30}],"is_beta":false,"boss_relics":[{"not_picked":["Astrolabe","Fusion Hammer"],"picked":"WristBlade"},{"not_picked":["Tiny House","Runic Dome"],"picked":"Coffee Dripper"}],"items_purged_floors":[19,28,36],"is_endless":false,"potions_floor_spawned":[1,6,11,16,18,24,33,45,47],"ascension_level":4}}