{"host":"pbf6u3tyx46snqc7","time":1608350450,"event":{"mods":["AchievementEnabler","BaseMod","Colored Map","Marisa£¨Ùöéë¡¡Øª×âÞÞ£©","Minty Spire (QoL Compilation)","Rare Cards Sparkle","Shop Mod","Slay-I","SuperFastMode"],"gold_per_floor":[114,114,135,135,148,148,168,182,182,182,152,77,77,2,2,101,101,89,89,89,110,10,10,50,65,138,153,0,0,19,37,37,37,37],"floor_reached":33,"playtime":2156,"items_purged":["Strike_B","Writhe"],"score":450,"play_id":"e01bfae1-6bcd-40bc-b7e2-3d4324965569","local_time":"20201219130050","is_ascension_mode":true,"campfire_choices":[{"floor":6.0,"key":"REST"},{"data":"Dualcast","floor":10.0,"key":"SMITH"},{"data":"Undo","floor":13.0,"key":"SMITH"},{"data":"Zap","floor":15.0,"key":"SMITH"},{"data":"Self Repair","floor":23,"key":"SMITH"},{"data":"Cold Snap","floor":32,"key":"SMITH"}],"circlet_count":0,"master_deck":["AscendersBane","Defend_B","Defend_B","Defend_B","Defend_B","Zap+1","Dualcast+1","Compile Driver","Seek","Coolheaded","Undo+1","Cold Snap+1","Self Repair+1","Seek","Ball Lightning","Steam","Melter","Go for the Eyes"],"relics":["Cracked Core","Golden Idol","FaceOfCleric","White Beast Statue","Black Star","Mercury Hourglass","Letter Opener","FossilizedHelix","Kunai"],"acts_visited":["Exordium","TheCity"],"potions_floor_usage":[21,25,25,27,31,31,33],"damage_taken":[{"damage":8.0,"enemies":"Jaw Worm","floor":1.0,"turns":4.0},{"damage":4.0,"enemies":"2 Louse","floor":3.0,"turns":4.0},{"damage":0.0,"enemies":"Cultist","floor":5.0,"turns":3.0},{"damage":2.0,"enemies":"Blue Slaver","floor":7.0,"turns":5.0},{"damage":0.0,"enemies":"2 Fungi Beasts","floor":8.0,"turns":4.0},{"damage":0.0,"enemies":"Looter","floor":11.0,"turns":4.0},{"damage":24,"enemies":"The Guardian","floor":16,"turns":16},{"damage":12,"enemies":"2 Thieves","floor":18,"turns":5},{"damage":1,"enemies":"Chosen","floor":21,"turns":5},{"damage":62,"enemies":"Slavers","floor":24,"turns":6},{"damage":0,"enemies":"Snake Plant","floor":25,"turns":3},{"damage":8,"enemies":"Cultist and Chosen","floor":27,"turns":7},{"damage":0,"enemies":"Centurion and Healer","floor":30,"turns":8},{"damage":4,"enemies":"Shelled Parasite and Fungi","floor":31,"turns":6},{"damage":69,"enemies":"Champ","floor":33,"turns":17}],"seed_played":"5149768934154322136","potions_obtained":[{"floor":3.0,"key":"PotionOfCapacity"},{"floor":11.0,"key":"DuplicationPotion"},{"floor":18,"key":"DuplicationPotion"},{"floor":21,"key":"BlessingOfTheForge"},{"floor":24,"key":"EssenceOfSteel"},{"floor":25,"key":"Regen Potion"},{"floor":27,"key":"PowerPotion"},{"floor":30,"key":"PowerPotion"},{"floor":31,"key":"Regen Potion"}],"is_trial":false,"path_per_floor":["M","?","M","?","M","R","M","M","T","R","M","$","R","$","R","B",null,"M","?","?","M","$","R","E","M","T","M","?","$","M","M","R","B"],"character_chosen":"DEFECT","items_purchased":["Self Repair"],"campfire_rested":1,"item_purchase_floors":[14],"current_hp_per_floor":[38,14,10,10,11,32,31,32,32,32,33,33,33,33,33,17,61,57,57,57,64,64,64,13,14,14,32,32,32,43,50,50,0,0],"gold":37,"neow_bonus":"REMOVE_TWO","is_daily":false,"chose_seed":false,"campfire_upgraded":5,"win_rate":0.0,"timestamp":1608350450,"path_taken":["M","?","M","?","M","R","M","M","T","R","M","$","R","$","R","BOSS","M","?","?","M","$","R","E","M","T","M","?","?","M","M","R","BOSS"],"items_purchased_type":["Card"],"build_version":"2020-12-13","purchased_purges":2,"victory":false,"max_hp_per_floor":[71,71,71,71,72,72,73,74,74,74,75,75,75,75,75,76,76,77,77,77,78,78,78,79,80,80,81,81,81,82,83,83,83,83],"card_choices":[{"not_picked":["Barrage","Gash"],"picked":"Compile Driver","floor":1.0},{"not_picked":["Barrage","Gash"],"picked":"Seek","floor":3.0},{"not_picked":["Stack","Gash"],"picked":"Coolheaded","floor":5.0},{"not_picked":["Sweeping Beam","Leap"],"picked":"Undo","floor":7.0},{"not_picked":["Turbo","Barrage","Rebound"],"picked":"SKIP","floor":8.0},{"not_picked":["Reinforced Body","Redo"],"picked":"Cold Snap","floor":11.0},{"not_picked":["Reboot","Meteor Strike"],"picked":"Seek","floor":16},{"not_picked":["Compile Driver","BootSequence"],"picked":"Ball Lightning","floor":18},{"not_picked":["Sunder","Stack"],"picked":"Steam","floor":21},{"not_picked":["Ball Lightning","Hello World","Beam Cell"],"picked":"SKIP","floor":24},{"not_picked":["Blizzard","Conserve Battery"],"picked":"Melter","floor":25},{"not_picked":["Hologram","Force Field","Barrage"],"picked":"SKIP","floor":27},{"not_picked":["Stack","Beam Cell"],"picked":"Go for the Eyes","floor":30},{"not_picked":["Hologram","Streamline","Leap"],"picked":"SKIP","floor":31}],"player_experience":276895,"relics_obtained":[{"floor":9.0,"key":"White Beast Statue"},{"floor":24,"key":"Letter Opener"},{"floor":24,"key":"FossilizedHelix"},{"floor":26,"key":"Kunai"}],"event_choices":[{"damage_healed":0.0,"max_hp_gain":0.0,"max_hp_loss":0.0,"gold_gain":0.0,"event_name":"Golden Idol","player_choice":"Take Damage","floor":2.0,"gold_loss":0.0,"damage_taken":24.0,"relics_obtained":["Golden Idol"]},{"damage_healed":0.0,"max_hp_gain":0.0,"max_hp_loss":0.0,"gold_gain":0.0,"event_name":"FaceTrader","player_choice":"Trade","floor":4.0,"gold_loss":0.0,"damage_taken":0.0,"relics_obtained":["FaceOfCleric"]},{"cards_removed":["Strike_B"],"damage_healed":0,"gold_gain":0,"player_choice":"Elegance","damage_taken":0,"max_hp_gain":0,"max_hp_loss":0,"event_name":"Back to Basics","floor":19,"gold_loss":0},{"damage_healed":0,"gold_gain":0,"player_choice":"Opened","damage_taken":0,"relics_obtained":["Mercury Hourglass"],"max_hp_gain":0,"max_hp_loss":0,"event_name":"The Mausoleum","floor":20,"gold_loss":0,"cards_obtained":["Writhe"]},{"damage_healed":0,"gold_gain":0,"player_choice":"Paid Fearfully","damage_taken":0,"max_hp_gain":0,"max_hp_loss":0,"event_name":"Masked Bandits","floor":28,"gold_loss":153}],"is_beta":false,"boss_relics":[{"not_picked":["Ectoplasm","Snecko Eye"],"picked":"Black Star"}],"items_purged_floors":[12,22],"is_endless":false,"potions_floor_spawned":[3,11,16,18,21,24,25,27,30,31],"killed_by":"Champ","ascension_level":15}}