{"host":"41o2x9tazfds4ymf","time":1608400304,"event":{"mods":["Act Like it!","BaseMod","Better Vampires","Colored Powertips","Gensokyo","Hallownest","Lobotomy","LobotomyExtend","Minty Spire (QoL Compilation)","Remilia（蕾米莉亚）","Shop Mod","StSLib","TestMod","Waifu the Spire","WarShipGirlsR/战舰少女R mod","[IsaacMod]以撒尖塔","【东方二次创作】八云紫mod"],"gold_per_floor":[110,122,122,133,133,158,158,83,83,83,94,94,122,139,139,215,215,228,228,66,78,78,78,228,258,258,358,44,79,79,99,99,176,176,188,207,21,21,21],"floor_reached":38,"playtime":2365,"items_purged":["NakedNest","PunishingBird"],"score":905,"play_id":"332440fa-5882-40df-bd2a-cec60a623422","local_time":"20201220015144","is_ascension_mode":true,"campfire_choices":[],"circlet_count":0,"master_deck":["ApocalypseBird","LongBird","BigBird","AscendersBane","SpecialBullet","SpecialBullet","SpecialBullet","SpecialBullet","SpecialBullet","SpecialBullet","SpecialBullet","SpecialBullet","EpicFetus","SecurityCode","InformationCode","ExtractionCode","Heaven","QueenOfHatred","Hallownest:curseDreamersLament","Regret_ego+1","OldLady","GreenStem+1","CherryBlossom+1","Murderer","OSAHOGD","WristCuter+1","Laetitia_ego+1","TheSmile+1","ControlCode","CENSORED_ego+1","SpiderBud","Regret_ego+1","TT2Protocol","Twilight+1","SingingMachine","BlackSwan","CENSORED_ego+1","Soda+1","EpicFetus+1","Amita+1","TrainingCode","CherryBlossom+1","DaCapo+1","WelfareCode","Twilight+1","DespairKnight","SnowQueen"],"relics":["CogitoBucket","testmod-TestBox","HushsDoor","Turnip","testmod-ChristmasGift","BloodBag","LetterFromLob","Hallownest:TeacherSealRelic","Mummified Hand","DeathBook","SkinProphecy","Philosopher\u0027s Stone","Tiny Chest","Twilight","GuppysTail","MerchantsRug","TreeSap","Busted Crown","Strange Spoon"],"acts_visited":["Hallownest:Greenpath","Hallownest:CityofTears","TheBeyond"],"potions_floor_usage":[],"damage_taken":[{"damage":20.0,"enemies":"Hallownest:monsterHuskGuard","floor":1.0,"turns":4.0},{"damage":0.0,"enemies":"2_ Uuma","floor":2.0,"turns":2.0},{"damage":6.0,"enemies":"Hallownest:2_Tiktiks_and_1_Crawlid","floor":4.0,"turns":1.0},{"damage":21.0,"enemies":"Hallownest:eliteVengeflyKing","floor":6.0,"turns":5.0},{"damage":26.0,"enemies":"Hallownest:Wandering_and_Horned","floor":11.0,"turns":5.0},{"damage":0.0,"enemies":"Hallownest:eliteMossKnight","floor":13.0,"turns":3.0},{"damage":0.0,"enemies":"Hallownest:monsterAspidMother","floor":14.0,"turns":1.0},{"damage":68.0,"enemies":"Hallownest:BossHornet","floor":16.0,"turns":5.0},{"damage":9.0,"enemies":"Hallownest:Flukemon_and_Top","floor":18.0,"turns":5.0},{"damage":16.0,"enemies":"Hallownest:Guard_and_Sentry","floor":21.0,"turns":6.0},{"damage":62.0,"enemies":"Hallownest:2_Husk_Sentries","floor":22.0,"turns":10.0},{"damage":6.0,"enemies":"Hallownest:eliteSoulWarrior","floor":25.0,"turns":4.0},{"damage":28.0,"enemies":"Hallownest:eliteWatcherKnight","floor":29.0,"turns":9.0},{"damage":33.0,"enemies":"Hallownest:2_Husk_Sentries","floor":31.0,"turns":3.0},{"damage":52.0,"enemies":"Hallownest:BossMantisLord","floor":33.0,"turns":4.0},{"damage":92.0,"enemies":"3 Shapes","floor":35.0,"turns":2.0},{"damage":9.0,"enemies":"Orb Walker","floor":36.0,"turns":2.0},{"damage":42,"enemies":"Jaw Worm Horde","floor":38,"turns":1}],"seed_played":"-2251342373351258150","potions_obtained":[{"floor":22.0,"key":"Explosive Potion"},{"floor":35.0,"key":"Swift Potion"}],"is_trial":false,"path_per_floor":["M","M","?","M","?","E","R","$","T","R","M","R","E","M","R","B",null,"M","?","$","M","M","R","?","E","T","?","$","E","?","M","R","B",null,"M","M","$","M"],"character_chosen":"Angela","items_purchased":["Tiny Chest","MerchantsRug","Soda+1","EpicFetus+1","Amita+1","Strange Spoon"],"campfire_rested":0,"item_purchase_floors":[20,28,28,28,28,37],"current_hp_per_floor":[62,70,70,70,70,64,64,64,64,64,56,56,65,70,70,23,63,86,86,86,92,90,90,90,105,105,105,105,110,110,95,95,72,108,34,37,37,0,0],"gold":21,"neow_bonus":"ONE_RARE_RELIC","is_daily":false,"chose_seed":false,"campfire_upgraded":0,"win_rate":0.0,"timestamp":1608400304,"path_taken":["M","M","?","?","?","E","R","?","T","R","M","R","E","M","R","BOSS","M","?","$","M","M","R","?","E","T","?","$","E","?","M","R","BOSS","M","M","$","M"],"items_purchased_type":["Relic","Relic","Card","Card","Card","Relic"],"build_version":"2020-12-13","purchased_purges":2,"victory":false,"max_hp_per_floor":[70,70,70,70,70,70,70,70,70,70,70,70,70,70,70,76,76,86,86,86,92,100,100,100,108,108,108,108,110,110,114,114,120,120,122,128,128,130,130],"card_choices":[{"not_picked":[],"picked":"EpicFetus","floor":0.0},{"not_picked":["CherryBlossoms","OSAHOGD"],"picked":"NakedNest","floor":1.0},{"not_picked":["Gaze","CrimsonScar"],"picked":"SKIP","floor":1.0},{"not_picked":["BearPaw"],"picked":"Heaven","floor":2.0},{"not_picked":["Scorched","NothingThere"],"picked":"QueenOfHatred","floor":2.0},{"not_picked":["Lantern"],"picked":"Regret_ego","floor":4.0},{"not_picked":["Wellcheers","Bloodbath"],"picked":"OldLady","floor":6.0},{"not_picked":["LifeForTheDareDevil","FourthMatchFlame","Soda"],"picked":"SKIP","floor":6.0},{"not_picked":["Hornet+1","RedEyes+1"],"picked":"GreenStem+1","floor":11.0},{"not_picked":["Horn+1","MagicBullet+1"],"picked":"CherryBlossom+1","floor":11.0},{"not_picked":["Scorched","ShyLook","Murderer"],"picked":"Singing Bowl","floor":11.0},{"not_picked":["Porccubus","MeatLantern"],"picked":"Murderer","floor":11.0},{"not_picked":["MeatLantern","CrumblingArmor"],"picked":"OSAHOGD","floor":13.0},{"not_picked":["GreenStem+1","SomewhereSpear+1"],"picked":"WristCuter+1","floor":13.0},{"not_picked":["Yin","BeautyBeast"],"picked":"BigBird","floor":14.0},{"not_picked":["ShedSkin+1","Loneliness+1"],"picked":"Laetitia_ego+1","floor":14.0},{"not_picked":["Justitia+1","Pinks+1"],"picked":"TheSmile+1","floor":16.0},{"not_picked":["ParadiseLost+1","Twilight+1"],"picked":"CENSORED_ego+1","floor":16.0},{"not_picked":["RedShoes","HeroicMonk"],"picked":"SpiderBud","floor":16.0},{"not_picked":["CUTE+1","SomewhereSpear+1","Gaze+1"],"picked":"Singing Bowl","floor":18.0},{"not_picked":["Heaven+1","Wingbeat+1","Harmony+1"],"picked":"Singing Bowl","floor":18.0},{"not_picked":["DreamingCurrent","MHz","Scorched"],"picked":"Singing Bowl","floor":18.0},{"not_picked":["Variant","DespairKnight"],"picked":"PunishingBird","floor":18.0},{"not_picked":["RedEyes+1","InTheNameOfLoveAndHate+1"],"picked":"Regret_ego+1","floor":21.0},{"not_picked":["CherryBlossoms","BlueStar"],"picked":"LongBird","floor":21.0},{"not_picked":["Wingbeat+1","Lantern+1"],"picked":"Twilight+1","floor":21.0},{"not_picked":["NakedNest","BlackArmy","Woodsman"],"picked":"Singing Bowl","floor":22.0},{"not_picked":["Scorched","Woodsman"],"picked":"SingingMachine","floor":22.0},{"not_picked":["Diffraction+1","Noise+1","FourthMatchFlame+1"],"picked":"Singing Bowl","floor":22.0},{"not_picked":["HeroicMonk","Scorched","Bloodbath"],"picked":"Singing Bowl","floor":25.0},{"not_picked":["GalaxyChild","MeatLantern"],"picked":"BlackSwan","floor":25.0},{"not_picked":["CUTE+1","Beak+1","SwordSharpenedByTears+1"],"picked":"Singing Bowl","floor":25.0},{"not_picked":["Loneliness+1","Beak+1"],"picked":"CENSORED_ego+1","floor":27.0},{"not_picked":["WallGazer","FairyFestival","Freischutz"],"picked":"Singing Bowl","floor":29.0},{"not_picked":["FourthMatchFlame+1","Beak+1","CUTE+1"],"picked":"SKIP","floor":29.0},{"not_picked":["Pinks+1","Wingbeat+1","InTheNameOfLoveAndHate+1"],"picked":"SKIP","floor":29.0},{"not_picked":["FourthMatchFlame+1","Beak+1","CUTE+1"],"picked":"SKIP","floor":29.0},{"not_picked":["Pinks+1","Wingbeat+1","InTheNameOfLoveAndHate+1"],"picked":"SKIP","floor":29.0},{"not_picked":["Penitence+1","Regret_ego+1"],"picked":"CherryBlossom+1","floor":30.0},{"not_picked":["Scarecrow","LittleHelper","Scorched"],"picked":"Singing Bowl","floor":31.0},{"not_picked":["Adoration+1","ShedSkin+1","CUTE+1"],"picked":"SKIP","floor":31.0},{"not_picked":["Mimicry+1","CENSORED_ego+1"],"picked":"DaCapo+1","floor":33.0},{"not_picked":["Pinks+1","CENSORED_ego+1"],"picked":"Twilight+1","floor":33.0},{"not_picked":["VoidDream","BeautyBeast"],"picked":"DespairKnight","floor":33.0},{"not_picked":["MHz","BlackArmy","BlueStar"],"picked":"Singing Bowl","floor":35.0},{"not_picked":["Hornet+1"],"picked":"SKIP","floor":35.0},{"not_picked":["Mercenary","CherryBlossoms","Scorched"],"picked":"Singing Bowl","floor":36.0},{"not_picked":["DreamingCurrent","NothingThere"],"picked":"SnowQueen","floor":36.0},{"not_picked":["Beak+1"],"picked":"SKIP","floor":36.0}],"player_experience":323496,"relics_obtained":[{"floor":1.0,"key":"LetterFromLob"},{"floor":6.0,"key":"Mummified Hand"},{"floor":9.0,"key":"DeathBook"},{"floor":13.0,"key":"Singing Bowl"},{"floor":22.0,"key":"Twilight"},{"floor":25.0,"key":"testmod-HeartOfStrike"},{"floor":26.0,"key":"GuppysTail"},{"floor":29.0,"key":"ScarletDevilRocket"}],"event_choices":[],"is_beta":false,"boss_relics":[{"not_picked":["SlaversCollar","Sozu"],"picked":"Philosopher\u0027s Stone"},{"not_picked":[]},{"not_picked":["testmod-SaigiyounoYou","Tiny House"],"picked":"Busted Crown"},{"not_picked":[]}],"items_purged_floors":[8,37],"is_endless":false,"potions_floor_spawned":[22,35],"killed_by":"Jaw Worm Horde","ascension_level":20}}