{"host":"9ndbo4kgsfoemf7y","time":1608356408,"event":{"mods":["AchievementEnabler","BaseMod","Colored Map","DeckTracker","Keyboard Shortcuts","Minty Spire (QoL Compilation)","Permanent Neow","Quick Restart","Relic Stats","StSLib","SuperFastMode"],"gold_per_floor":[109,109,126,137,137,167,185,199,199,20,80,137,137,137,137,211,211,255,180,180,80,116,172,172,254,254,285,296,296,349,224,224,326,326,339,383,137,162,178,231,268,268,268,328,345,345,345],"floor_reached":46,"playtime":2447,"items_purged":["Strike_G","Strike_G","Strike_G","Strike_G"],"score":1221,"play_id":"84172591-4936-4ab5-92da-650e07c95a94","local_time":"20201219144008","is_ascension_mode":true,"campfire_choices":[{"data":"HandOfGreed","floor":13.0,"key":"SMITH"},{"data":"Venomology","floor":15.0,"key":"SMITH"},{"floor":24.0,"key":"REST"},{"floor":29.0,"key":"REST"},{"data":"Calculated Gamble","floor":32.0,"key":"SMITH"},{"data":"Blur","floor":42.0,"key":"SMITH"}],"circlet_count":0,"master_deck":["AscendersBane","Strike_G","Defend_G","Defend_G","Defend_G+1","Defend_G","Defend_G","Survivor","Neutralize","Blade Dance","Deadly Poison","Quick Slash+1","Venomology+1","Heel Hook","HandOfGreed+1","Unload","Escape Plan","Grand Finale","Calculated Gamble+1","Neutralize","Flash of Steel","Blur+1"],"relics":["Ring of the Snake","NeowsBlessing","FaceOfCleric","White Beast Statue","Pocketwatch","Tough Bandages","Shuriken","Runic Pyramid","Gremlin Horn","Ninja Scroll","TungstenRod","Meat on the Bone","Lantern","Busted Crown","Prayer Wheel","Question Card","Calipers","Shovel"],"acts_visited":["Exordium","TheCity","TheBeyond"],"potions_floor_usage":[],"damage_taken":[{"damage":0.0,"enemies":"Small Slimes","floor":1.0,"turns":1.0},{"damage":0.0,"enemies":"Cultist","floor":3.0,"turns":1.0},{"damage":0.0,"enemies":"2 Louse","floor":4.0,"turns":1.0},{"damage":31.0,"enemies":"3 Sentries","floor":6.0,"turns":9.0},{"damage":0.0,"enemies":"Looter","floor":7.0,"turns":3.0},{"damage":0.0,"enemies":"Exordium Wildlife","floor":8.0,"turns":3.0},{"damage":20.0,"enemies":"Lagavulin Event","floor":11.0,"turns":5.0},{"damage":4.0,"enemies":"Gremlin Gang","floor":12.0,"turns":4.0},{"damage":15.0,"enemies":"The Guardian","floor":16.0,"turns":9.0},{"damage":26.0,"enemies":"Chosen","floor":18.0,"turns":4.0},{"damage":0.0,"enemies":"Spheric Guardian","floor":22.0,"turns":2.0},{"damage":12.0,"enemies":"Gremlin Leader","floor":23.0,"turns":6.0},{"damage":39.0,"enemies":"Slavers","floor":25.0,"turns":5.0},{"damage":0.0,"enemies":"Gremlin Leader","floor":27.0,"turns":4.0},{"damage":0.0,"enemies":"Snecko","floor":28.0,"turns":2.0},{"damage":20.0,"enemies":"Slavers","floor":30.0,"turns":3.0},{"damage":9.0,"enemies":"Collector","floor":33.0,"turns":6.0},{"damage":5.0,"enemies":"3 Darklings","floor":35.0,"turns":5.0},{"damage":0.0,"enemies":"Orb Walker","floor":36.0,"turns":2.0},{"damage":0.0,"enemies":"Mind Bloom Boss Battle","floor":38.0,"turns":3.0},{"damage":12.0,"enemies":"Maw","floor":39.0,"turns":7.0},{"damage":0.0,"enemies":"Giant Head","floor":40.0,"turns":6.0},{"damage":36.0,"enemies":"Writhing Mass","floor":41.0,"turns":5.0},{"damage":0.0,"enemies":"Reptomancer","floor":44.0,"turns":5.0},{"damage":0.0,"enemies":"Transient","floor":45.0,"turns":6.0},{"damage":62,"enemies":"Nemesis","floor":46,"turns":6}],"seed_played":"4070823770144927709","potions_obtained":[{"floor":1.0,"key":"FairyPotion"},{"floor":7.0,"key":"Fire Potion"},{"floor":11.0,"key":"EssenceOfSteel"},{"floor":16.0,"key":"BlessingOfTheForge"},{"floor":18.0,"key":"Strength Potion"},{"floor":22.0,"key":"Poison Potion"},{"floor":23.0,"key":"CultistPotion"},{"floor":25.0,"key":"Energy Potion"},{"floor":27.0,"key":"SteroidPotion"},{"floor":28.0,"key":"Energy Potion"},{"floor":33.0,"key":"Regen Potion"},{"floor":35.0,"key":"Fruit Juice"},{"floor":36.0,"key":"LiquidBronze"},{"floor":38.0,"key":"Strength Potion"},{"floor":40.0,"key":"DuplicationPotion"},{"floor":45.0,"key":"SneckoOil"}],"is_trial":false,"path_per_floor":["M","?","M","M","?","E","M","M","T","$","?","M","R","T","R","B",null,"M","$","?","$","M","E","R","E","T","E","M","R","E","$","R","B",null,"M","M","$","?","M","E","M","R","T","E","M","E"],"character_chosen":"THE_SILENT","items_purchased":["HandOfGreed","Flash of Steel"],"campfire_rested":2,"item_purchase_floors":[10,37],"current_hp_per_floor":[59,59,60,61,41,11,12,13,13,13,22,19,19,19,19,5,57,32,32,32,32,33,22,45,7,7,8,21,45,38,38,38,42,72,73,74,74,75,64,80,57,57,57,58,59,0,0],"gold":345,"neow_bonus":"THREE_ENEMY_KILL","is_daily":false,"chose_seed":false,"campfire_upgraded":4,"win_rate":0.0,"timestamp":1608356408,"path_taken":["M","?","?","M","?","E","M","M","T","$","?","M","R","?","R","BOSS","M","$","?","$","M","E","R","E","T","E","?","R","E","$","R","BOSS","M","M","$","?","M","E","M","R","T","E","M","E"],"items_purchased_type":["Card","Card"],"build_version":"2020-12-13","purchased_purges":4,"victory":false,"max_hp_per_floor":[66,66,67,68,68,69,70,71,71,71,72,73,73,73,73,74,74,75,75,75,75,76,77,77,78,78,79,80,80,81,81,81,82,82,88,89,89,90,91,92,93,93,93,94,95,95,95],"relic_stats":{"Gremlin Horn":[19,19],"counters":[26,113],"Question Card":5,"Tough Bandages":[441],"Busted Crown":22,"Shovel":0,"FaceOfCleric":24,"Shuriken":[88],"Prayer Wheel":3,"obtain_stats":[{"Lantern":30,"Calipers":43,"NeowsBlessing":0,"Gremlin Horn":23,"Question Card":40,"White Beast Statue":6,"Tough Bandages":11,"Busted Crown":34,"Shovel":44,"FaceOfCleric":2,"Shuriken":14,"Ninja Scroll":25,"Prayer Wheel":38,"TungstenRod":26,"Ring of the Snake":0,"Pocketwatch":9,"Runic Pyramid":17,"Meat on the Bone":27},{"Lantern":16,"Calipers":23,"NeowsBlessing":0,"Gremlin Horn":12,"Question Card":22,"White Beast Statue":4,"Tough Bandages":7,"Busted Crown":17,"Shovel":24,"FaceOfCleric":1,"Shuriken":8,"Ninja Scroll":13,"Prayer Wheel":20,"TungstenRod":13,"Ring of the Snake":0,"Pocketwatch":6,"Runic Pyramid":9,"Meat on the Bone":14},{"Lantern":62,"Calipers":96,"NeowsBlessing":0,"Gremlin Horn":48,"Question Card":91,"White Beast Statue":12,"Tough Bandages":23,"Busted Crown":68,"Shovel":101,"FaceOfCleric":1,"Shuriken":27,"Ninja Scroll":53,"Prayer Wheel":78,"TungstenRod":53,"Ring of the Snake":0,"Pocketwatch":18,"Runic Pyramid":36,"Meat on the Bone":57}],"TungstenRod":14,"Ring of the Snake":[52],"Pocketwatch":[37],"Meat on the Bone":48},"card_choices":[{"not_picked":["Outmaneuver","Choke"],"picked":"Blade Dance","floor":1.0},{"not_picked":["Deflect","Dagger Throw"],"picked":"Deadly Poison","floor":3.0},{"not_picked":["Bane","Flying Knee"],"picked":"Quick Slash","floor":4.0},{"not_picked":["Concentrate","Backflip"],"picked":"Venomology","floor":6.0},{"not_picked":["Sucker Punch","Leg Sweep"],"picked":"Heel Hook","floor":7.0},{"not_picked":["PiercingWail","Flying Knee","Choke"],"picked":"SKIP","floor":8.0},{"not_picked":["PiercingWail","All Out Attack"],"picked":"Unload","floor":11.0},{"not_picked":["Crippling Poison","Setup"],"picked":"Escape Plan","floor":12.0},{"not_picked":["Adrenaline","Burst"],"picked":"Grand Finale","floor":16.0},{"not_picked":["Acrobatics","Poisoned Stab"],"picked":"Calculated Gamble","floor":18.0},{"not_picked":["Dodge and Roll","Setup","Underhanded Strike"],"picked":"SKIP","floor":22.0},{"not_picked":["Backstab","Expertise+1","Sucker Punch"],"picked":"SKIP","floor":23.0},{"not_picked":["Acrobatics","Quick Slash+1","Flechettes"],"picked":"SKIP","floor":25.0},{"not_picked":["Masterful Stab","Slice","Backflip"],"picked":"SKIP","floor":27.0},{"not_picked":["Sucker Punch","Night Terror","Acrobatics"],"picked":"SKIP","floor":28.0},{"not_picked":["Predator","Sucker Punch","Blade Dance"],"picked":"SKIP","floor":30.0},{"not_picked":["Bane+1"],"picked":"SKIP","floor":35.0},{"not_picked":["Deflect"],"picked":"SKIP","floor":36.0},{"not_picked":["Dash"],"picked":"SKIP","floor":39.0},{"not_picked":["Dodge and Roll"],"picked":"SKIP","floor":39.0},{"not_picked":[],"picked":"Blur","floor":40.0},{"not_picked":["Dash","Finisher+1"],"picked":"SKIP","floor":41.0},{"not_picked":["Poisoned Stab+1","Dash+1"],"picked":"SKIP","floor":41.0},{"not_picked":["Setup","Catalyst+1"],"picked":"SKIP","floor":44.0},{"not_picked":["Expertise+1","Tactician"],"picked":"SKIP","floor":45.0},{"not_picked":["Poisoned Stab","Expertise"],"picked":"SKIP","floor":45.0},{"not_picked":["Expertise+1","Tactician"],"picked":"SKIP","floor":45.0},{"not_picked":["Poisoned Stab","Expertise"],"picked":"SKIP","floor":45.0}],"player_experience":701162,"relics_obtained":[{"floor":6.0,"key":"White Beast Statue"},{"floor":9.0,"key":"Pocketwatch"},{"floor":11.0,"key":"Tough Bandages"},{"floor":14.0,"key":"Shuriken"},{"floor":23.0,"key":"Gremlin Horn"},{"floor":25.0,"key":"Ninja Scroll"},{"floor":26.0,"key":"TungstenRod"},{"floor":27.0,"key":"Meat on the Bone"},{"floor":30.0,"key":"Lantern"},{"floor":38.0,"key":"Prayer Wheel"},{"floor":40.0,"key":"Question Card"},{"floor":43.0,"key":"Calipers"},{"floor":44.0,"key":"Shovel"}],"event_choices":[{"damage_healed":0.0,"max_hp_gain":0.0,"max_hp_loss":0.0,"gold_gain":0.0,"event_name":"FaceTrader","player_choice":"Trade","floor":2.0,"gold_loss":0.0,"damage_taken":0.0,"relics_obtained":["FaceOfCleric"]},{"damage_healed":0.0,"max_hp_gain":0.0,"max_hp_loss":0.0,"gold_gain":0.0,"event_name":"Shining Light","player_choice":"Entered Light","floor":5.0,"gold_loss":0.0,"damage_taken":20.0,"cards_upgraded":["Quick Slash","Defend_G"]},{"damage_healed":0.0,"max_hp_gain":0.0,"max_hp_loss":0.0,"gold_gain":0.0,"event_name":"Dead Adventurer","player_choice":"Searched \u00272\u0027 times","floor":11.0,"gold_loss":0.0,"damage_taken":0.0},{"damage_healed":0.0,"max_hp_gain":0.0,"max_hp_loss":0.0,"gold_gain":0.0,"event_name":"Match and Keep!","player_choice":"1 cards matched","floor":20.0,"gold_loss":0.0,"damage_taken":0.0,"cards_obtained":["Neutralize"]},{"damage_healed":0.0,"max_hp_gain":0.0,"max_hp_loss":0.0,"gold_gain":0.0,"event_name":"MindBloom","player_choice":"Fight","floor":38.0,"gold_loss":0.0,"damage_taken":0.0}],"is_beta":false,"boss_relics":[{"not_picked":["Tiny House","Snecko Eye"],"picked":"Runic Pyramid"},{"not_picked":["Fusion Hammer","Velvet Choker"],"picked":"Busted Crown"}],"items_purged_floors":[19,21,31,37],"is_endless":false,"potions_floor_spawned":[1,7,8,11,12,16,18,22,23,25,27,28,30,33,35,36,38,39,40,41,44,45],"killed_by":"Nemesis","ascension_level":17}}