{"host":"951sez6ulsv0fw1i","time":1608409789,"event":{"mods":["2.2 Compatiblity","Aspiration","BaseMod","Better Third Choice","BetterRewards","CCEM","CapriCore","Conspire","Downfall","Googly Eyes","Hermit","Infinite Spire","JesterMod","Luminous","Mari Mod (Legacy)","Mari\u0027s V1 Patch","Marisa????????","Minty Spire (QoL Compilation)","Potionbrewer","Reimu??????","Shade Mod","StSLib","The Cursed","The Immortal","The Runesmith","The Servant 0.9.4","TheBandit","TheSwordswoman"],"gold_per_floor":[112,125,145,158,174,174,202,202,227,255,255,290,290,300,300,404,404,415,160,174,191,191,218,230,263,263,263,112,112,143,118,118,220,220,239,253,272,272,272],"floor_reached":38,"playtime":2135,"items_purged":[],"score":635,"play_id":"e059b600-174f-4443-97ab-0161fc55292e","local_time":"20201219212949","is_ascension_mode":true,"campfire_choices":[{"data":"Runesmith:Grindstone","floor":6,"key":"SMITH"},{"data":"Runesmith:Superposition","floor":8,"key":"SMITH"},{"floor":15,"key":"RECALL"},{"floor":27,"key":"REST"},{"data":"Runesmith:CraftPrismatica","floor":32,"key":"SMITH"}],"circlet_count":0,"master_deck":["Runesmith:Strike_RS","Runesmith:Strike_RS","Runesmith:Strike_RS","Runesmith:Strike_RS","Runesmith:Defend_RS","Runesmith:Defend_RS","Runesmith:Defend_RS","Runesmith:Defend_RS","Runesmith:CraftFirestone","Runesmith:Fortify","Runesmith:Overpower","Runesmith:HeatedChisel","Runesmith:Superposition+1","Runesmith:HeatExchange","Runesmith:Grindstone+1","Runesmith:CraftPrismatica+1","Runesmith:Permafrost","Runesmith:Grindstone","Runesmith:CraftProtectio","Runesmith:CreatorForm","Runesmith:CraftMagma","Runesmith:CraftMagma+1","Runesmith:ChiselStab+1","infinitespire:SevenWalls","Runesmith:EnergizedChisel","Runesmith:StaticCage+1","Runesmith:EnergizedChisel","Runesmith:UnlimitedPower","Runesmith:OneForEveryone+1","Runesmith:CraftMagma","Runesmith:LightningRod","Runesmith:Discharge","Runesmith:CraftProtectio+1","Runesmith:Discharge+1"],"relics":["Runesmith:BrokenRuby","FossilizedHelix","Eternal Feather","aspiration:ChemicalBlood","conspire:SlowCooker","infinitespire:BottledMercury","potionbrewer:ToyAutogyro","Question Card","CrazyTorch:ReiMu","aspiration:RitualStick","CCEMRelics:GrapeVine","Philosopher\u0027s Stone"],"acts_visited":["Exordium","TheCity","TheBeyond"],"potions_floor_usage":[16,18,21,24,25,25,25,25,33,38],"damage_taken":[{"damage":0,"enemies":"Cultist","floor":1,"turns":4},{"damage":0,"enemies":"2 Louse","floor":2,"turns":2},{"damage":0,"enemies":"Small Slimes","floor":3,"turns":2},{"damage":3,"enemies":"Red Slaver","floor":4,"turns":4},{"damage":5,"enemies":"Looter","floor":5,"turns":3},{"damage":30,"enemies":"3 Sentries","floor":7,"turns":9},{"damage":0,"enemies":"Lagavulin","floor":10,"turns":6},{"damage":0,"enemies":"3 Sentries","floor":12,"turns":5},{"damage":0,"enemies":"2 Fungi Beasts","floor":14,"turns":3},{"damage":17,"enemies":"Hexaghost","floor":16,"turns":9},{"damage":9,"enemies":"conspire:FuzzyDice","floor":18,"turns":8},{"damage":1,"enemies":"Shell Parasite","floor":20,"turns":5},{"damage":7,"enemies":"Snecko","floor":21,"turns":6},{"damage":27,"enemies":"conspire:SneckoGhost","floor":23,"turns":8},{"damage":0,"enemies":"Centurion and Healer","floor":24,"turns":1},{"damage":9,"enemies":"Gremlin Leader","floor":25,"turns":8},{"damage":0,"enemies":"conspire:SneckoGhost","floor":30,"turns":7},{"damage":0,"enemies":"conspire:MysteriousRune","floor":33,"turns":8},{"damage":9,"enemies":"Orb Walker","floor":35,"turns":5},{"damage":0,"enemies":"3 Shapes","floor":36,"turns":5},{"damage":0,"enemies":"Spire Growth","floor":37,"turns":4},{"damage":37,"enemies":"infinitespire:Three Voidlings","floor":38,"turns":6},{"damage":58,"enemies":"Nightmare_Alpha","floor":38,"turns":7}],"seed_played":"8514341966364930116","potions_obtained":[{"floor":1,"key":"SteroidPotion"},{"floor":3,"key":"infinitespire:BlackPotion"},{"floor":13,"key":"Slimebound:ThreeZeroPotion"},{"floor":13,"key":"Slimebound:ThreeZeroPotion"},{"floor":16,"key":"potionbrewer:ToxicPotion"},{"floor":18,"key":"Fire Potion"},{"floor":20,"key":"ZuzhouPotion:ReiMu"},{"floor":24,"key":"potionbrewer:SplittingPotion"},{"floor":38,"key":"potionbrewer:ToxicPotion"}],"is_trial":false,"path_per_floor":["M","M","M","M","M","R","E","R","T","E","?","E","?","M","R","B",null,"M","$","M","M","?","E","M","E","T","R","$","?","E","$","R","B",null,"M","M","M","?"],"character_chosen":"RUNESMITH_CLASS","items_purchased":["infinitespire:BottledMercury","Runesmith:UnlimitedPower","Runesmith:CraftMagma"],"campfire_rested":1,"item_purchase_floors":[19,28,31],"current_hp_per_floor":[63,63,63,60,55,55,25,25,25,25,30,30,30,30,39,22,89,80,80,79,72,51,24,24,15,15,56,56,38,38,38,56,56,89,80,80,80,0,0],"gold":272,"neow_bonus":"TWENTY_PERCENT_HP_BONUS","is_daily":false,"chose_seed":false,"campfire_upgraded":3,"win_rate":0.0,"timestamp":1608409789,"path_taken":["M","?","?","M","M","R","E","R","T","E","?","E","?","M","R","BOSS","M","?","M","?","?","E","M","E","T","R","$","?","E","$","R","BOSS","M","M","M","?"],"items_purchased_type":["Relic","Card","Card"],"build_version":"2020-12-13","purchased_purges":0,"victory":false,"max_hp_per_floor":[84,84,84,84,84,84,84,84,84,84,89,89,89,89,89,89,89,89,89,89,89,89,89,89,89,89,89,89,89,89,89,89,89,89,89,89,89,89,89],"card_choices":[{"not_picked":["Runesmith:UnstableHammer","Runesmith:ShiftingStrike"],"picked":"Runesmith:Overpower","floor":1},{"not_picked":["Runesmith:Overpower","Runesmith:BackupBattery"],"picked":"Runesmith:HeatedChisel","floor":2},{"not_picked":["Runesmith:RuneHurl","Runesmith:EarthShield"],"picked":"Runesmith:Superposition","floor":3},{"not_picked":["Runesmith:GoWithTheFlow","Runesmith:NanitesCloud"],"picked":"Runesmith:HeatExchange","floor":4},{"not_picked":["Runesmith:Retool","Runesmith:RuneHurl"],"picked":"Runesmith:Grindstone","floor":5},{"not_picked":["Runesmith:Repurpose","Runesmith:ReplicatingBarrier"],"picked":"Runesmith:CraftPrismatica","floor":7},{"not_picked":["Runesmith:CraftProtectio","Runesmith:Overpower"],"picked":"Runesmith:Permafrost","floor":10},{"not_picked":["Runesmith:HeatExchange","Runesmith:Electrocute"],"picked":"Runesmith:Grindstone","floor":12},{"not_picked":["Runesmith:HammerThrow","Runesmith:CraftPrismatica"],"picked":"Runesmith:CraftProtectio","floor":14},{"not_picked":["Runesmith:CraftPrismatica","Runesmith:MetallurgicalResearch"],"picked":"Runesmith:CreatorForm","floor":16},{"not_picked":["Runesmith:Overpower","Runesmith:Attraction"],"picked":"Runesmith:CraftMagma","floor":18},{"not_picked":["Runesmith:BackupBattery","Runesmith:UnlimitedPower"],"picked":"Runesmith:CraftMagma+1","floor":20},{"not_picked":["Runesmith:Grindstone","Runesmith:Repurpose+1"],"picked":"Runesmith:ChiselStab+1","floor":21},{"not_picked":["infinitespire:Starlight","infinitespire:Fortify"],"picked":"infinitespire:SevenWalls","floor":22},{"not_picked":["aspiration:UnbridledHammer","Runesmith:ShiftingStrike"],"picked":"Runesmith:EnergizedChisel","floor":23},{"not_picked":["Runesmith:Empowerment","Runesmith:BackupBattery"],"picked":"Runesmith:StaticCage+1","floor":24},{"not_picked":["Runesmith:Terraform","Runesmith:Overpower"],"picked":"Runesmith:EnergizedChisel","floor":25},{"not_picked":["Runesmith:DuctTape","Runesmith:Grindstone","Runesmith:ShiftingStrike"],"picked":"Runesmith:OneForEveryone+1","floor":30},{"not_picked":["Runesmith:GrandSlam","Runesmith:GenerateForcefield","Runesmith:Duplicate"],"picked":"Runesmith:LightningRod","floor":33},{"not_picked":["Runesmith:CraftProtectio","Runesmith:HeatedChisel+1","Runesmith:CraftMagma"],"picked":"Runesmith:Discharge","floor":35},{"not_picked":["Runesmith:HammerTime","Runesmith:Augment","Runesmith:EnergizedChisel+1"],"picked":"Runesmith:CraftProtectio+1","floor":36},{"not_picked":["Runesmith:CraftMagma","Runesmith:Permafrost","Runesmith:ShiftingStrike+1"],"picked":"Runesmith:Discharge+1","floor":37}],"player_experience":515066,"relics_obtained":[{"floor":7,"key":"FossilizedHelix"},{"floor":10,"key":"Eternal Feather"},{"floor":12,"key":"aspiration:ChemicalBlood"},{"floor":23,"key":"potionbrewer:ToyAutogyro"},{"floor":25,"key":"Question Card"},{"floor":26,"key":"CrazyTorch:ReiMu"},{"floor":30,"key":"CCEMRelics:GrapeVine"}],"event_choices":[{"damage_healed":0,"gold_gain":0,"player_choice":"Donut","damage_taken":0,"max_hp_gain":5,"max_hp_loss":0,"event_name":"Big Fish","floor":11,"gold_loss":0},{"damage_healed":0,"gold_gain":0,"player_choice":"Got Potions","damage_taken":0,"max_hp_gain":0,"max_hp_loss":0,"event_name":"Lab","floor":13,"gold_loss":0}],"is_beta":false,"boss_relics":[{"not_picked":["CCEMRelics:TransientCore","Snecko Eye"],"picked":"conspire:SlowCooker"},{"not_picked":["CCEMRelics:GreenEgg","RedLine:ReiMu"],"picked":"Philosopher\u0027s Stone"}],"items_purged_floors":[],"is_endless":false,"potions_floor_spawned":[1,3,16,20,24,38],"killed_by":"Nightmare_Alpha","ascension_level":1}}