{"host":"baymyijz6sxaqj5s","time":1608389728,"event":{"mods":["AchievementEnabler","BaseMod","KOR Keyword Fix","Keyboard Shortcuts","Minty Spire (QoL Compilation)","StSLib"],"gold_per_floor":[119,132,97,116,126,126,150,169,169,180,105,117,117,129,129,233,283,295,295,295,311,17,17,34,34,34,54,54,67,83,99,99,99,99],"floor_reached":33,"playtime":1269,"items_purged":["Strike_R"],"score":245,"play_id":"ab3db81e-11c4-429a-a33e-00ea276807d5","local_time":"20201219235528","is_ascension_mode":false,"campfire_choices":[{"data":"Body Slam","floor":6,"key":"SMITH"},{"data":"Armaments","floor":13,"key":"SMITH"},{"data":"Thunderclap","floor":15,"key":"SMITH"},{"data":"1","floor":23,"key":"LIFT"},{"data":"2","floor":28,"key":"LIFT"},{"data":"3","floor":32,"key":"LIFT"}],"circlet_count":0,"master_deck":["Strike_R","Strike_R","Defend_R+1","Defend_R","Defend_R","Defend_R","Bash","Ghostly Armor","Armaments+1","Body Slam+1","Headbutt","Twin Strike","Thunderclap+1","Double Tap+1","Flame Barrier+1","Bludgeon","Bloodletting+1","Armaments+1","Burning Pact+1","Corruption","Power Through+1","Flame Barrier+1","Dropkick","Pommel Strike"],"relics":["Burning Blood","NeowsBlessing","Odd Mushroom","Toxic Egg 2","Tiny House","Girya","Regal Pillow"],"acts_visited":["Exordium","TheCity"],"potions_floor_usage":[7,12,14,16,18,31,33,33],"damage_taken":[{"damage":0,"enemies":"Small Slimes","floor":1,"turns":1},{"damage":0,"enemies":"Jaw Worm","floor":2,"turns":1},{"damage":0,"enemies":"2 Louse","floor":4,"turns":1},{"damage":9,"enemies":"Large Slime","floor":5,"turns":9},{"damage":1,"enemies":"The Mushroom Lair","floor":7,"turns":6},{"damage":5,"enemies":"Exordium Wildlife","floor":8,"turns":4},{"damage":8,"enemies":"Red Slaver","floor":10,"turns":3},{"damage":5,"enemies":"Looter","floor":12,"turns":3},{"damage":0,"enemies":"Lots of Slimes","floor":14,"turns":1},{"damage":73,"enemies":"Hexaghost","floor":16,"turns":14},{"damage":11,"enemies":"Shell Parasite","floor":18,"turns":3},{"damage":10,"enemies":"3 Byrds","floor":21,"turns":4},{"damage":31,"enemies":"3 Cultists","floor":24,"turns":8},{"damage":13,"enemies":"Cultist and Chosen","floor":27,"turns":9},{"damage":13,"enemies":"Snecko","floor":29,"turns":5},{"damage":14,"enemies":"Snake Plant","floor":30,"turns":4},{"damage":34,"enemies":"Cultist and Chosen","floor":31,"turns":10},{"damage":0,"enemies":"Collector","floor":33,"turns":3}],"seed_played":"-4777482177717626454","potions_obtained":[{"floor":1,"key":"Ancient Potion"},{"floor":5,"key":"SpeedPotion"},{"floor":8,"key":"LiquidBronze"},{"floor":10,"key":"Explosive Potion"},{"floor":17,"key":"AttackPotion"},{"floor":21,"key":"LiquidBronze"},{"floor":29,"key":"Ancient Potion"},{"floor":30,"key":"BloodPotion"}],"is_trial":false,"path_per_floor":["M","M","?","M","M","R","?","M","T","M","$","M","R","M","R","B",null,"M","?","?","M","$","R","M","$","T","M","R","M","M","M","R","B"],"character_chosen":"IRONCLAD","items_purchased":["Girya"],"campfire_rested":0,"item_purchase_floors":[22],"current_hp_per_floor":[80,80,80,80,77,77,80,80,80,78,78,79,79,80,80,13,85,80,80,80,76,76,76,51,51,51,44,44,37,29,18,18,18,18],"gold":99,"neow_bonus":"THREE_ENEMY_KILL","is_daily":false,"chose_seed":false,"campfire_upgraded":3,"win_rate":0.0,"timestamp":1608389728,"path_taken":["M","M","?","M","M","R","?","M","T","M","?","M","R","M","R","BOSS","M","?","?","M","$","R","M","$","T","M","R","M","M","M","R","BOSS"],"items_purchased_type":["Relic"],"build_version":"2020-12-13","purchased_purges":1,"victory":false,"max_hp_per_floor":[80,80,80,80,80,80,80,80,80,80,80,80,80,80,80,80,85,85,85,85,85,85,85,85,85,85,85,85,85,85,85,85,85,85],"card_choices":[{"not_picked":["Disarm","Dual Wield","Clothesline"],"picked":"SKIP","floor":1},{"not_picked":["Flex","Clash"],"picked":"Ghostly Armor","floor":2},{"not_picked":["Perfected Strike","Uppercut"],"picked":"Armaments","floor":4},{"not_picked":["Perfected Strike","Burning Pact"],"picked":"Body Slam","floor":5},{"not_picked":["Inflame","Perfected Strike"],"picked":"Headbutt","floor":7},{"not_picked":["Havoc","Battle Trance"],"picked":"Twin Strike","floor":8},{"not_picked":["Infernal Blade+1","Iron Wave"],"picked":"Thunderclap","floor":10},{"not_picked":["Dark Embrace","Sword Boomerang"],"picked":"Double Tap+1","floor":12},{"not_picked":["Metallicize","Shrug It Off+1"],"picked":"Flame Barrier+1","floor":14},{"not_picked":["Fiend Fire","Berserk"],"picked":"Bludgeon","floor":16},{"not_picked":["Warcry+1","Carnage"],"picked":"Bloodletting+1","floor":17},{"not_picked":["Combust","Metallicize"],"picked":"Armaments+1","floor":18},{"not_picked":["Cleave+1","Battle Trance+1"],"picked":"Power Through+1","floor":21},{"not_picked":["Sentinel+1","Headbutt+1"],"picked":"Flame Barrier+1","floor":24},{"not_picked":["Thunderclap+1","Warcry+1","Wild Strike"],"picked":"SKIP","floor":27},{"not_picked":["Warcry+1","Disarm+1","Armaments+1"],"picked":"SKIP","floor":29},{"not_picked":["Pummel+1","Warcry+1"],"picked":"Dropkick","floor":30},{"not_picked":["Metallicize","Reckless Charge"],"picked":"Pommel Strike","floor":31}],"player_experience":138304,"relics_obtained":[{"floor":7,"key":"Odd Mushroom"},{"floor":9,"key":"Toxic Egg 2"},{"floor":26,"key":"Regal Pillow"}],"event_choices":[{"damage_healed":20,"gold_gain":0,"player_choice":"Healed","damage_taken":0,"max_hp_gain":0,"max_hp_loss":0,"event_name":"The Cleric","floor":3,"gold_loss":35},{"damage_healed":0,"gold_gain":0,"player_choice":"Fought Mushrooms","damage_taken":0,"max_hp_gain":0,"max_hp_loss":0,"event_name":"Mushrooms","floor":7,"gold_loss":0},{"damage_healed":0,"gold_gain":0,"cards_transformed":["Strike_R","Strike_R"],"player_choice":"Became Test Subject","damage_taken":0,"max_hp_gain":0,"max_hp_loss":0,"event_name":"Drug Dealer","floor":19,"gold_loss":0,"cards_obtained":["Burning Pact","Corruption"]},{"damage_healed":0,"gold_gain":0,"player_choice":"Ignored","damage_taken":0,"max_hp_gain":0,"max_hp_loss":0,"event_name":"Vampires","floor":20,"gold_loss":0}],"is_beta":false,"boss_relics":[{"not_picked":["Coffee Dripper","Runic Dome"],"picked":"Tiny House"}],"items_purged_floors":[11],"is_endless":false,"potions_floor_spawned":[1,5,8,10,21,29,30],"killed_by":"Collector","ascension_level":0}}