{"host":"o0q01dgb4z8zpo6o","time":1608343466,"event":{"mods":["BaseMod","GifTheSpireLib","Minty Spire (QoL Compilation)","Relic Stats","StSLib"],"gold_per_floor":[115,125,125,125,135,162,174,205,265,277,67,67,94,10,10,84,84,24,24,24,39,51,51,61,61,106,125,175,175,205,231,231,231,231],"floor_reached":33,"playtime":1345,"items_purged":["Strike_B"],"score":518,"play_id":"81aff520-259c-482e-8e6a-af67e38f64fb","local_time":"20201218180426","is_ascension_mode":true,"campfire_choices":[{"data":"Barrage","floor":7.0,"key":"SMITH"},{"floor":12.0,"key":"REST"},{"floor":15.0,"key":"REST"},{"data":"Coolheaded","floor":23.0,"key":"SMITH"},{"data":"Dualcast","floor":25,"key":"SMITH"},{"floor":29,"key":"REST"},{"data":"Consume","floor":32,"key":"SMITH"}],"circlet_count":0,"master_deck":["AscendersBane","Strike_B","Defend_B","Defend_B","Defend_B","Zap","Dualcast+1","Rebound","Coolheaded+1","Barrage+1","Auto Shields","Echo Form","Hologram","Creative AI+1","Capacitor+1","Cold Snap","Core Surge","Ball Lightning","Ball Lightning","Defragment+1","Consume+1"],"relics":["FrozenCore","StrikeDummy","MawBank","Centennial Puzzle","Runic Capacitor","Frozen Egg 2","PreservedInsect","Toy Ornithopter","Art of War","Nunchaku"],"acts_visited":["Exordium","TheCity"],"potions_floor_usage":[30,30],"damage_taken":[{"damage":8.0,"enemies":"Jaw Worm","floor":1.0,"turns":4.0},{"damage":13.0,"enemies":"2 Louse","floor":2.0,"turns":2.0},{"damage":6.0,"enemies":"Cultist","floor":5.0,"turns":3.0},{"damage":0.0,"enemies":"3 Sentries","floor":6.0,"turns":5.0},{"damage":26.0,"enemies":"Gremlin Gang","floor":8.0,"turns":5.0},{"damage":25.0,"enemies":"Gremlin Nob","floor":13.0,"turns":4.0},{"damage":34.0,"enemies":"Slime Boss","floor":16.0,"turns":9.0},{"damage":11.0,"enemies":"2 Thieves","floor":18.0,"turns":4.0},{"damage":7.0,"enemies":"Spheric Guardian","floor":21.0,"turns":5.0},{"damage":15.0,"enemies":"Snake Plant","floor":22.0,"turns":7.0},{"damage":1.0,"enemies":"Snecko","floor":24.0,"turns":4.0},{"damage":10,"enemies":"Sentry and Sphere","floor":27,"turns":6},{"damage":5,"enemies":"Gremlin Leader","floor":30,"turns":4},{"damage":33,"enemies":"Collector","floor":33,"turns":3}],"seed_played":"7461105790374880237","potions_obtained":[{"floor":1.0,"key":"EssenceOfDarkness"},{"floor":6.0,"key":"Strength Potion"},{"floor":13.0,"key":"BlessingOfTheForge"},{"floor":21.0,"key":"Strength Potion"},{"floor":27,"key":"SteroidPotion"}],"is_trial":false,"path_per_floor":["M","M","?","?","M","E","R","M","T","?","$","R","E","$","R","B",null,"M","?","T","M","M","R","M","R","T","M","?","R","E","T","R","B"],"character_chosen":"DEFECT","items_purchased":["Runic Capacitor","Capacitor+1","Cold Snap"],"campfire_rested":3,"item_purchase_floors":[11,14,14],"current_hp_per_floor":[56,43,25,64,58,58,58,32,32,25,25,44,19,19,38,4,49,38,38,38,31,16,16,15,15,15,5,5,24,29,29,29,0,0],"gold":231,"neow_bonus":"TRANSFORM_TWO_CARDS","is_daily":false,"chose_seed":false,"campfire_upgraded":4,"win_rate":0.0,"timestamp":1608343466,"path_taken":["M","M","?","?","?","E","R","?","T","?","$","R","E","?","R","BOSS","M","?","?","M","M","R","M","R","T","M","?","R","E","?","R","BOSS"],"items_purchased_type":["Relic","Card","Card"],"build_version":"2020-12-13","purchased_purges":1,"victory":false,"max_hp_per_floor":[64,64,64,64,64,64,64,64,64,64,64,64,64,64,64,64,64,64,64,64,64,64,64,64,64,64,64,64,64,64,64,64,64,64],"relic_stats":{"Centennial Puzzle":[27],"Nunchaku":[0],"counters":[14,65],"PreservedInsect":49,"Art of War":[1],"MawBank":60,"obtain_stats":[{"Centennial Puzzle":9,"Nunchaku":31,"PreservedInsect":20,"Runic Capacitor":11,"Art of War":30,"Frozen Egg 2":13,"Cracked Core":0,"StrikeDummy":3,"MawBank":6,"Toy Ornithopter":26,"FrozenCore":17},{"Centennial Puzzle":5,"Nunchaku":13,"PreservedInsect":8,"Runic Capacitor":5,"Art of War":13,"Frozen Egg 2":6,"Cracked Core":0,"StrikeDummy":2,"MawBank":4,"Toy Ornithopter":11,"FrozenCore":7},{"Centennial Puzzle":19,"Nunchaku":62,"PreservedInsect":36,"Runic Capacitor":19,"Art of War":62,"Frozen Egg 2":23,"Cracked Core":0,"StrikeDummy":6,"MawBank":14,"Toy Ornithopter":52,"FrozenCore":32}],"Toy Ornithopter":10,"FrozenCore":[23]},"card_choices":[{"not_picked":["Skim","Rebound"],"picked":"Barrage","floor":1.0},{"not_picked":["Aggregate","Fusion"],"picked":"Auto Shields","floor":2.0},{"not_picked":["Stack","Barrage","Steam"],"picked":"SKIP","floor":5.0},{"not_picked":["Hologram","Genetic Algorithm"],"picked":"Echo Form","floor":6.0},{"not_picked":["Barrage","Streamline"],"picked":"Hologram","floor":8.0},{"not_picked":["Sweeping Beam","Ball Lightning"],"picked":"Creative AI+1","floor":13.0},{"not_picked":["Echo Form+1","All For One"],"picked":"Core Surge","floor":16.0},{"not_picked":["Gash","Auto Shields"],"picked":"Ball Lightning","floor":18.0},{"not_picked":["Rebound","Leap","Cold Snap"],"picked":"SKIP","floor":21.0},{"not_picked":["Cold Snap","Conserve Battery"],"picked":"Ball Lightning","floor":22.0},{"not_picked":["Lockon","Blizzard+1"],"picked":"Defragment+1","floor":24.0},{"not_picked":["Cold Snap+1","Rebound","Thunder Strike"],"picked":"SKIP","floor":27},{"not_picked":["Auto Shields","Coolheaded"],"picked":"Consume","floor":30}],"player_experience":1011000,"relics_obtained":[{"floor":6.0,"key":"MawBank"},{"floor":9.0,"key":"Centennial Puzzle"},{"floor":13.0,"key":"Frozen Egg 2"},{"floor":20.0,"key":"PreservedInsect"},{"floor":26,"key":"Toy Ornithopter"},{"floor":30,"key":"Art of War"},{"floor":31,"key":"Nunchaku"}],"event_choices":[{"damage_healed":0.0,"max_hp_gain":0.0,"max_hp_loss":0.0,"gold_gain":0.0,"event_name":"Scrap Ooze","player_choice":"Success","floor":3.0,"gold_loss":0.0,"damage_taken":18.0,"relics_obtained":["StrikeDummy"]},{"damage_healed":39.0,"max_hp_gain":0.0,"max_hp_loss":0.0,"gold_gain":0.0,"event_name":"Wheel of Change","player_choice":"Full Heal","floor":4.0,"gold_loss":0.0,"damage_taken":0.0},{"cards_removed":["Strike_B"],"damage_healed":0.0,"max_hp_gain":0.0,"max_hp_loss":0.0,"gold_gain":0.0,"event_name":"Golden Wing","player_choice":"Card Removal","floor":10.0,"gold_loss":0.0,"damage_taken":7.0},{"damage_healed":0.0,"max_hp_gain":0.0,"max_hp_loss":0.0,"gold_gain":0.0,"event_name":"Cursed Tome","player_choice":"Ignored","floor":19.0,"gold_loss":0.0,"damage_taken":0.0},{"damage_healed":0,"gold_gain":50,"player_choice":"Stole From Cult","damage_taken":0,"max_hp_gain":0,"max_hp_loss":0,"event_name":"Nest","floor":28,"gold_loss":0}],"is_beta":false,"boss_relics":[{"not_picked":["Nuclear Battery","SlaversCollar"],"picked":"FrozenCore"}],"items_purged_floors":[11],"is_endless":false,"potions_floor_spawned":[1,6,13,21,27],"killed_by":"Collector","ascension_level":15}}