{"host":"juowtv2vvb0b99ex","time":1608416307,"event":{"mods":["BaseMod","Colored Map","Downfall","Minty Spire (QoL Compilation)","Quick Restart","StSLib"],"gold_per_floor":[99,3,31,31,31,31,31,31,48,77,77,62,162,162,174,174,174],"floor_reached":16,"playtime":1202,"items_purged":[],"score":156,"play_id":"b92012a6-b991-4a51-98b6-a56cf7bb5e8f","local_time":"20201219151827","is_ascension_mode":true,"campfire_choices":[{"data":"Slimebound:Split","floor":1,"key":"SMITH"},{"floor":6,"key":"REST"},{"data":"Slimebound:Nibble","floor":8,"key":"SMITH"}],"circlet_count":0,"master_deck":["AscendersBane","Slimebound:Strike_Slimebound","Slimebound:Strike_Slimebound","Slimebound:Tackle","Slimebound:Defend_Slimebound","Slimebound:Defend_Slimebound","Slimebound:Defend_Slimebound","Slimebound:Defend_Slimebound","Slimebound:Split+1","Slimebound:CorrosiveSpit","Slimebound:SamplingLick","Slimebound:Nibble+1","Slimebound:ViciousTackle","Pain","Slimebound:TongueLash","Slimebound:SplitSpecialist","Slimebound:Schlurp","Slimebound:SamplingLick","Slimebound:SamplingLick","Slimebound:Schlurp"],"relics":["Slimebound:AbsorbEndCombat","Dream Catcher","Slimebound:GreedOozeRelic","WarpedTongs","Frozen Egg 2","Turnip"],"acts_visited":["Exordium"],"potions_floor_usage":[12,12],"damage_taken":[{"damage":13,"enemies":"downfall:FleeingMerchant","floor":2,"turns":4},{"damage":46,"enemies":"Lagavulin","floor":3,"turns":9},{"damage":18,"enemies":"Jaw Worm","floor":9,"turns":3},{"damage":38,"enemies":"3 Sentries","floor":10,"turns":6},{"damage":25,"enemies":"downfall:FleeingMerchant","floor":12,"turns":4},{"damage":0,"enemies":"Cultist","floor":14,"turns":1},{"damage":2,"enemies":"Small Slimes","floor":15,"turns":2},{"damage":31,"enemies":"downfall:Ironclad","floor":16,"turns":2}],"seed_played":"7149459048011393082","potions_obtained":[{"floor":3,"key":"ColorlessPotion"},{"floor":10,"key":"Weak Potion"}],"is_trial":false,"path_per_floor":["R","$","E","?","?","R","T","R","M","E","?","$","?","M","M","B"],"character_chosen":"SLIMEBOUND","items_purchased":["Slimebound:Nibble"],"campfire_rested":1,"item_purchase_floors":[2],"current_hp_per_floor":[54,55,25,25,25,43,43,43,37,17,17,19,19,19,21,0,0],"gold":174,"neow_bonus":"REMOVE_CARD","is_daily":false,"chose_seed":false,"campfire_upgraded":2,"win_rate":0.0,"timestamp":1608416307,"path_taken":["R","$","E","?","?","R","T","R","?","E","?","?","?","M","M","BOSS"],"items_purchased_type":["Card"],"build_version":"2020-12-13","purchased_purges":0,"victory":false,"max_hp_per_floor":[60,60,60,60,60,60,60,60,60,60,60,60,60,60,60,60,60],"card_choices":[{"not_picked":["Slimebound:Grow","Slimebound:Schlurp"],"picked":"Slimebound:SamplingLick","floor":2},{"not_picked":["Slimebound:SlimeSpikes","Slimebound:PressTheAttack"],"picked":"Slimebound:ViciousTackle","floor":3},{"not_picked":["Slimebound:Repurpose","Slimebound:SplitLeeching"],"picked":"Slimebound:TongueLash","floor":6},{"not_picked":["Slimebound:ViciousTackle","Slimebound:ComboTackle"],"picked":"Slimebound:SplitSpecialist","floor":9},{"not_picked":["Slimebound:SplitLeeching","Slimebound:LeechEnergy"],"picked":"Slimebound:Schlurp","floor":10},{"not_picked":["Slimebound:PrepareCrush","Slimebound:SplitBruiser"],"picked":"Slimebound:SamplingLick","floor":12},{"not_picked":["Slimebound:DisruptingSlam","Slimebound:SplitMire"],"picked":"Slimebound:SamplingLick","floor":14},{"not_picked":["Slimebound:Equalize","Slimebound:SplitMire"],"picked":"Slimebound:Schlurp","floor":15}],"player_experience":1239350,"relics_obtained":[{"floor":3,"key":"Dream Catcher"},{"floor":7,"key":"Frozen Egg 2"},{"floor":10,"key":"Turnip"}],"event_choices":[{"damage_healed":0,"gold_gain":0,"player_choice":"Rummage","damage_taken":0,"relics_obtained":["WarpedTongs"],"max_hp_gain":0,"max_hp_loss":0,"event_name":"Accursed Blacksmith","floor":5,"gold_loss":0,"cards_obtained":["Pain"]}],"is_beta":false,"boss_relics":[],"items_purged_floors":[],"is_endless":false,"potions_floor_spawned":[3,10],"killed_by":"downfall:Ironclad","ascension_level":10}}