{"host":"jt62yzdgnrkmwwqv","time":1608374504,"event":{"mods":["AchievementEnabler","BaseMod","CapriCore","Colored Map","Colored Powertips","GungeonMod","Lobotomy","LobotomyExtend","Minty Spire (QoL Compilation)","StSLib","SuperFastMode","The Animator","The Construct","The Immortal"],"gold_per_floor":[113,38,48,48,66,66,100,100,100,134,134,167,179,196,196,291,291,291,865,879,879,890,922,922,934,934,934,962,487,506,519,519,621,621,636,654,504,518,518,518,518,518,518,549,374,374,374,401,401,401,401,401,401,66,92,92],"floor_reached":57,"playtime":2356,"items_purged":["Strike_P","DevaForm","Ragnarok","Judgement","ConjureBlade+1"],"score":1519,"play_id":"48f391a9-d4a2-4e1d-a05b-4f4a0566c285","local_time":"20201219194144","is_ascension_mode":true,"campfire_choices":[{"data":"Eruption","floor":6,"key":"SMITH"},{"data":"SignatureMove","floor":8,"key":"SMITH"},{"floor":15,"key":"REST"},{"floor":24,"key":"RECALL"},{"floor":27,"key":"REST"},{"data":"Adaptation","floor":32,"key":"SMITH"},{"data":"ConjureBlade","floor":40,"key":"SMITH"},{"data":"InnerPeace","floor":42,"key":"SMITH"},{"data":"FlurryOfBlows","floor":46,"key":"SMITH"},{"data":"Vigilance","floor":49,"key":"SMITH"}],"circlet_count":1,"master_deck":["MentalFortress+1","FearNoEvil+1","Eruption+1","Flash of Steel+1","Flash of Steel+1","Flash of Steel+1","Flash of Steel+1"],"relics":["PureWater","LetterFromLob","Blood Vial","DemoMod:MeltedRock","HornCleat","PreservedInsect","Pandora\u0027s Box","Red Mask","Unceasing Top","Frozen Egg 2","DemoMod:PinkGuonStone","Molten Egg 2","TheAbacus","Oddly Smooth Stone","Coffee Dripper","GoldenEye","Potion Belt","Circlet","Orrery","DollysMirror","Strawberry"],"acts_visited":["Exordium","TheCity","TheBeyond","TheEnding"],"potions_floor_usage":[16,20,33,56],"damage_taken":[{"damage":0,"enemies":"2 Louse","floor":1,"turns":3},{"damage":0,"enemies":"Cultist","floor":3,"turns":3},{"damage":0,"enemies":"Small Slimes","floor":5,"turns":2},{"damage":5,"enemies":"3 Sentries","floor":7,"turns":5},{"damage":34,"enemies":"Gremlin Nob","floor":10,"turns":5},{"damage":10,"enemies":"3 Sentries","floor":12,"turns":7},{"damage":2,"enemies":"3 Louse","floor":13,"turns":2},{"damage":0,"enemies":"2 Fungi Beasts","floor":14,"turns":2},{"damage":14,"enemies":"Hexaghost","floor":16,"turns":6},{"damage":23,"enemies":"2 Thieves","floor":20,"turns":2},{"damage":0,"enemies":"Spheric Guardian","floor":22,"turns":2},{"damage":12,"enemies":"Book of Stabbing","floor":23,"turns":2},{"damage":7,"enemies":"Snake Plant","floor":25,"turns":4},{"damage":6,"enemies":"Slavers","floor":28,"turns":3},{"damage":0,"enemies":"Cultist and Chosen","floor":30,"turns":3},{"damage":8,"enemies":"Centurion and Healer","floor":31,"turns":3},{"damage":11,"enemies":"Collector","floor":33,"turns":5},{"damage":0,"enemies":"Orb Walker","floor":35,"turns":2},{"damage":3,"enemies":"3 Shapes","floor":36,"turns":2},{"damage":0,"enemies":"Transient","floor":38,"turns":5},{"damage":48,"enemies":"Nemesis","floor":44,"turns":5},{"damage":4,"enemies":"Reptomancer","floor":48,"turns":2},{"damage":0,"enemies":"Awakened One","floor":50,"turns":3},{"damage":0,"enemies":"Shield and Spear","floor":55,"turns":1},{"damage":101,"enemies":"The Heart","floor":56,"turns":6}],"seed_played":"7214191699017889472","potions_obtained":[{"floor":1,"key":"BottledMiracle"},{"floor":10,"key":"CultistPotion"},{"floor":13,"key":"StancePotion"},{"floor":20,"key":"Dexterity Potion"},{"floor":25,"key":"AttackPotion"},{"floor":35,"key":"DemoMod:LeadSkinPotion"},{"floor":44,"key":"DemoMod:LeadSkinPotion"}],"is_trial":false,"path_per_floor":["M","$","M","$","M","R","E","R","T","E","?","E","M","M","R","B",null,"M","$","M","?","M","E","R","M","T","R","E","$","M","M","R","B",null,"M","M","$","M","?","R","?","R","T","E","$","R","?","E","R","B",null,null,"R","$","E","B",null],"character_chosen":"WATCHER","items_purchased":["Adaptation","Unceasing Top","MentalFortress+1","TheAbacus","Oddly Smooth Stone","Flash of Steel+1","FairyPotion","DollysMirror"],"campfire_rested":2,"item_purchase_floors":[19,19,29,29,29,54,54,54],"current_hp_per_floor":[72,72,72,72,72,72,67,67,67,35,35,27,27,29,50,38,72,72,72,49,49,51,41,41,36,43,66,62,62,64,58,58,49,79,79,76,76,78,78,78,75,75,75,27,27,27,39,37,37,39,39,75,75,75,82,18],"gold":92,"neow_bonus":"RANDOM_COLORLESS","is_daily":false,"chose_seed":false,"campfire_upgraded":7,"win_rate":0.0,"timestamp":1608374504,"path_taken":["M","$","M","$","M","R","E","R","T","E","?","E","M","M","R","BOSS","M","$","M","?","?","E","R","M","T","R","E","$","M","M","R","BOSS","M","M","$","M","?","R","?","R","T","E","$","R","?","E","R","BOSS","R","$","E","BOSS"],"items_purchased_type":["Card","Relic","Card","Relic","Relic","Card","Potion","Relic"],"build_version":"2020-12-13","purchased_purges":5,"victory":true,"max_hp_per_floor":[72,72,72,72,72,72,72,72,72,72,72,72,72,72,72,72,72,72,72,72,72,72,72,72,72,79,79,79,79,79,79,79,79,79,79,79,79,79,79,79,75,75,75,75,75,75,75,75,75,75,75,75,75,75,82,82],"card_choices":[{"not_picked":["Mind Blast","Enlightenment"],"picked":"Good Instincts","floor":0},{"not_picked":["CrushJoints","JustLucky"],"picked":"SignatureMove","floor":1},{"not_picked":["ThirdEye","Crescendo","InnerPeace"],"picked":"SKIP","floor":3},{"not_picked":["Omniscience","Swivel","Crescendo"],"picked":"SKIP","floor":5},{"not_picked":["LikeWater","DeusExMachina","Tantrum"],"picked":"SKIP","floor":7},{"not_picked":["Pray","SignatureMove","Conclude"],"picked":"SKIP","floor":10},{"not_picked":["Consecrate","Protect","SpiritShield"],"picked":"SKIP","floor":12},{"not_picked":["JustLucky","Evaluate","InnerPeace"],"picked":"SKIP","floor":13},{"not_picked":["WaveOfTheHand","EmptyFist","ThirdEye"],"picked":"SKIP","floor":14},{"not_picked":["Brilliance","Devotion"],"picked":"ConjureBlade","floor":16},{"not_picked":["Worship+1","JustLucky","FlyingSleeves"],"picked":"SKIP","floor":20},{"not_picked":["Crescendo+1","Protect+1","FlurryOfBlows"],"picked":"SKIP","floor":22},{"not_picked":["PathToVictory","CrushJoints","BowlingBash"],"picked":"SKIP","floor":23},{"not_picked":["FollowUp","Worship","Prostrate"],"picked":"SKIP","floor":25},{"not_picked":["Indignation","Consecrate+1","Meditate"],"picked":"SKIP","floor":28},{"not_picked":["PathToVictory","Crescendo+1","FollowUp+1"],"picked":"SKIP","floor":30},{"not_picked":["ThirdEye","Crescendo","Conclude+1"],"picked":"SKIP","floor":31},{"not_picked":["FlyingSleeves+1","SashWhip+1","PathToVictory+1"],"picked":"SKIP","floor":35},{"not_picked":["TalkToTheHand+1","PathToVictory","Wallop+1"],"picked":"SKIP","floor":36},{"not_picked":["BowlingBash+1","ThirdEye","EmptyBody+1"],"picked":"SKIP","floor":38},{"not_picked":["Indignation","Swivel","Perseverance"],"picked":"SKIP","floor":44},{"not_picked":["PathToVictory","WaveOfTheHand+1","JustLucky+1"],"picked":"SKIP","floor":48},{"not_picked":["BowlingBash+1","CutThroughFate+1","FollowUp+1"],"picked":"SKIP","floor":55}],"player_experience":229506,"relics_obtained":[{"floor":1,"key":"LetterFromLob"},{"floor":7,"key":"Blood Vial"},{"floor":9,"key":"DemoMod:MeltedRock"},{"floor":10,"key":"HornCleat"},{"floor":12,"key":"PreservedInsect"},{"floor":12,"key":"RedMistMask"},{"floor":23,"key":"Frozen Egg 2"},{"floor":26,"key":"DemoMod:PinkGuonStone"},{"floor":28,"key":"Molten Egg 2"},{"floor":44,"key":"GoldenEye"},{"floor":48,"key":"Potion Belt"},{"floor":55,"key":"Strawberry"}],"event_choices":[{"cards_removed":["Strike_P"],"damage_healed":0,"gold_gain":0,"player_choice":"Forget","damage_taken":0,"max_hp_gain":0,"max_hp_loss":0,"event_name":"Living Wall","floor":11,"gold_loss":0},{"cards_removed":["WindmillStrike"],"damage_healed":0,"gold_gain":0,"player_choice":"Purged","damage_taken":0,"max_hp_gain":0,"max_hp_loss":0,"event_name":"Purifier","floor":21,"gold_loss":0},{"damage_healed":0,"gold_gain":0,"player_choice":"Memory 1","damage_taken":0,"max_hp_gain":0,"max_hp_loss":0,"event_name":"SensoryStone","floor":39,"gold_loss":0},{"damage_healed":0,"gold_gain":0,"player_choice":"Max HP","damage_taken":0,"max_hp_gain":0,"max_hp_loss":4,"event_name":"Winding Halls","floor":41,"gold_loss":0}],"is_beta":false,"boss_relics":[{"not_picked":["Empty Cage","SacredBark"],"picked":"Pandora\u0027s Box"},{"not_picked":["Astrolabe","HolyWater"],"picked":"Coffee Dripper"}],"items_purged_floors":[2,19,29,37,45],"is_endless":false,"potions_floor_spawned":[1,10,13,14,20,25,31,35,36,44],"ascension_level":1}}