{"host":"7cp3z5w0tcrrm8ys","time":1608378165,"event":{"mods":["AchievementEnabler","BaseMod","DeckTracker","Minty Spire (QoL Compilation)","StSLib","SuperFastMode"],"gold_per_floor":[11,28,48,63,63,63,102,102,102,116,136,61,61,80,80,80,80],"floor_reached":16,"playtime":263,"items_purged":["Strike_R"],"score":208,"play_id":"4d6d42c7-7a88-4fac-8443-363af5a371ed","local_time":"20201219204245","is_ascension_mode":true,"campfire_choices":[{"data":"Bludgeon","floor":6,"key":"SMITH"},{"data":"Barricade","floor":15,"key":"SMITH"}],"circlet_count":0,"master_deck":["AscendersBane","Strike_R","Defend_R","Defend_R","Defend_R","Defend_R","Bash","Bludgeon+1","Carnage","Barricade+1","Dual Wield+1","Bloodletting+1","Havoc+1"],"relics":["Burning Blood","Golden Idol","Toxic Egg 2","Blue Candle"],"acts_visited":["Exordium"],"potions_floor_usage":[7],"damage_taken":[{"damage":0,"enemies":"2 Louse","floor":1,"turns":3},{"damage":1,"enemies":"Small Slimes","floor":2,"turns":4},{"damage":7,"enemies":"Jaw Worm","floor":3,"turns":3},{"damage":9,"enemies":"3 Louse","floor":4,"turns":3},{"damage":8,"enemies":"Gremlin Nob","floor":7,"turns":3},{"damage":9,"enemies":"2 Fungi Beasts","floor":10,"turns":2},{"damage":6,"enemies":"Looter","floor":11,"turns":3},{"damage":13,"enemies":"3 Louse","floor":14,"turns":4},{"damage":31,"enemies":"Slime Boss","floor":16,"turns":7}],"seed_played":"5369433679751781155","potions_obtained":[{"floor":1,"key":"SteroidPotion"},{"floor":7,"key":"Ancient Potion"},{"floor":11,"key":"Ancient Potion"}],"is_trial":false,"path_per_floor":["M","M","M","M","?","R","E","?","T","M","M","$","?","M","R","B"],"character_chosen":"IRONCLAD","items_purchased":[],"campfire_rested":0,"item_purchase_floors":[],"current_hp_per_floor":[74,75,74,71,45,45,43,48,48,45,45,45,38,31,31,0,0],"gold":80,"neow_bonus":"TRANSFORM_TWO_CARDS","is_daily":false,"chose_seed":false,"campfire_upgraded":2,"win_rate":0.0,"timestamp":1608378165,"path_taken":["M","M","M","M","?","R","E","?","T","M","M","$","?","M","R","BOSS"],"items_purchased_type":[],"build_version":"2020-12-13","purchased_purges":1,"victory":false,"max_hp_per_floor":[75,75,75,75,75,75,75,80,80,80,80,80,80,80,80,80,80],"card_choices":[{"not_picked":["Sever Soul","Anger","Perfected Strike"],"picked":"SKIP","floor":1},{"not_picked":["Rupture","Feel No Pain","Hemokinesis"],"picked":"SKIP","floor":2},{"not_picked":["Iron Wave","Havoc","Flex"],"picked":"SKIP","floor":3},{"not_picked":["Clash","Second Wind","Wild Strike"],"picked":"SKIP","floor":4},{"not_picked":["Perfected Strike","Rupture"],"picked":"Barricade","floor":7},{"not_picked":["Clothesline","Pommel Strike"],"picked":"Dual Wield+1","floor":10},{"not_picked":["Searing Blow","Sword Boomerang"],"picked":"Bloodletting+1","floor":11},{"not_picked":["Perfected Strike","Pommel Strike"],"picked":"Havoc+1","floor":14}],"player_experience":786445,"relics_obtained":[{"floor":7,"key":"Toxic Egg 2"},{"floor":9,"key":"Blue Candle"}],"event_choices":[{"damage_healed":0,"gold_gain":0,"player_choice":"Take Damage","damage_taken":26,"relics_obtained":["Golden Idol"],"max_hp_gain":0,"max_hp_loss":0,"event_name":"Golden Idol","floor":5,"gold_loss":0},{"damage_healed":0,"gold_gain":0,"player_choice":"Donut","damage_taken":0,"max_hp_gain":5,"max_hp_loss":0,"event_name":"Big Fish","floor":8,"gold_loss":0},{"cards_removed":["Strike_R"],"damage_healed":0,"gold_gain":0,"player_choice":"Card Removal","damage_taken":7,"max_hp_gain":0,"max_hp_loss":0,"event_name":"Golden Wing","floor":13,"gold_loss":0}],"is_beta":false,"boss_relics":[],"items_purged_floors":[12],"is_endless":false,"potions_floor_spawned":[1,7,11],"killed_by":"Slime Boss","ascension_level":20}}