{"host":"1mv6gj0zv8k9e9tz","time":1608380132,"event":{"mods":["AchievementEnabler","BaseMod","Better Third Choice","Colored Map","KOR Keyword Fix","Minty Spire (QoL Compilation)","Permanent Neow","Rare Cards Sparkle","StSLib"],"gold_per_floor":[109,109,120,133,145,145,170,184,266,266,266,297,312,62,62,159,159,174,190,222,321,100,100,116,116,116,68,68,68,103,113,113,113,113],"floor_reached":33,"playtime":2330,"items_purged":["Strike_B"],"score":480,"play_id":"55442b6d-4c44-48c4-b271-2051a6bbeda4","local_time":"20201219211532","is_ascension_mode":true,"campfire_choices":[{"data":"Zap","floor":6.0,"key":"SMITH"},{"data":"Defragment","floor":10.0,"key":"SMITH"},{"data":"Dualcast","floor":15.0,"key":"SMITH"},{"data":"Defragment","floor":23.0,"key":"SMITH"},{"data":"Chill","floor":28,"key":"SMITH"},{"floor":32,"key":"REST"}],"circlet_count":0,"master_deck":["Strike_B","Strike_B","Strike_B","Defend_B","Defend_B","Defend_B","Zap+1","Dualcast+1","Defragment+1","Defragment+1","Coolheaded","Coolheaded","Turbo","Ball Lightning","Hologram","Master of Strategy","Reboot","Cold Snap+1","Chill+1","Consume","Blizzard+1","Sweeping Beam+1"],"relics":["Cracked Core","Incense Burner","Frozen Egg 2","Girya","SacredBark","Red Mask","Bronze Scales","MutagenicStrength","Bottled Tornado","Boot"],"acts_visited":["Exordium","TheCity"],"potions_floor_usage":[30,30,33],"damage_taken":[{"damage":3.0,"enemies":"2 Louse","floor":1.0,"turns":2.0},{"damage":1.0,"enemies":"Cultist","floor":3.0,"turns":3.0},{"damage":10.0,"enemies":"Small Slimes","floor":4.0,"turns":3.0},{"damage":8.0,"enemies":"Exordium Wildlife","floor":5.0,"turns":5.0},{"damage":4.0,"enemies":"Lagavulin","floor":7.0,"turns":6.0},{"damage":10.0,"enemies":"2 Fungi Beasts","floor":8.0,"turns":3.0},{"damage":0.0,"enemies":"3 Sentries","floor":12.0,"turns":10.0},{"damage":0.0,"enemies":"Large Slime","floor":13.0,"turns":4.0},{"damage":6.0,"enemies":"The Guardian","floor":16.0,"turns":10.0},{"damage":0.0,"enemies":"Spheric Guardian","floor":18.0,"turns":4.0},{"damage":8.0,"enemies":"Chosen","floor":19.0,"turns":5.0},{"damage":47.0,"enemies":"Masked Bandits","floor":20.0,"turns":6.0},{"damage":5.0,"enemies":"Snecko","floor":24.0,"turns":7.0},{"damage":0,"enemies":"Book of Stabbing","floor":30,"turns":5},{"damage":9,"enemies":"Cultist and Chosen","floor":31,"turns":5},{"damage":1,"enemies":"Automaton","floor":33,"turns":6}],"seed_played":"3528738773880663410","potions_obtained":[{"floor":3.0,"key":"SkillPotion"},{"floor":4.0,"key":"GamblersBrew"},{"floor":5.0,"key":"Explosive Potion"},{"floor":7.0,"key":"Energy Potion"},{"floor":20.0,"key":"Block Potion"},{"floor":24.0,"key":"PowerPotion"},{"floor":30,"key":"Dexterity Potion"}],"is_trial":false,"path_per_floor":["M","?","M","M","M","R","E","M","T","R","?","E","M","$","R","B",null,"M","M","?","?","$","R","M","?","T","$","R","?","E","M","R","B"],"character_chosen":"DEFECT","items_purchased":["Master of Strategy","Bronze Scales","Chill","SteroidPotion"],"campfire_rested":1,"item_purchase_floors":[14,22,22,27],"current_hp_per_floor":[61,61,60,50,42,42,38,28,28,28,33,33,33,33,33,27,77,77,69,22,22,22,22,17,17,17,17,17,11,11,2,30,29,29],"gold":113,"neow_bonus":"TWENTY_PERCENT_HP_BONUS","is_daily":false,"chose_seed":false,"campfire_upgraded":5,"win_rate":0.0,"timestamp":1608380132,"path_taken":["M","?","M","?","M","R","E","M","T","R","?","E","M","?","R","BOSS","M","M","?","?","?","R","M","?","T","$","R","?","E","?","R","BOSS"],"items_purchased_type":["Card","Relic","Card","Potion"],"build_version":"2020-12-13","purchased_purges":1,"victory":false,"max_hp_per_floor":[89,89,89,89,89,89,89,89,89,89,94,94,94,94,94,94,94,94,94,94,94,94,94,94,94,94,94,94,94,94,94,94,94,94],"card_choices":[{"not_picked":["Cold Snap","Genetic Algorithm"],"picked":"Defragment","floor":1.0},{"not_picked":["Undo","White Noise"],"picked":"Defragment","floor":3.0},{"not_picked":["Stack","Barrage"],"picked":"Coolheaded","floor":4.0},{"not_picked":["Steam","Compile Driver"],"picked":"Coolheaded","floor":5.0},{"not_picked":["Creative AI","Cold Snap"],"picked":"Turbo","floor":7.0},{"not_picked":["Steam","Streamline","Recycle"],"picked":"SKIP","floor":8.0},{"not_picked":["Sunder","Skim"],"picked":"Ball Lightning","floor":12.0},{"not_picked":["Gash","Steam Power"],"picked":"Hologram","floor":13.0},{"not_picked":["Rainbow","All For One"],"picked":"Reboot","floor":16.0},{"not_picked":["Beam Cell","Rebound","Coolheaded"],"picked":"SKIP","floor":18.0},{"not_picked":["Scrape","Stack+1","Heatsinks+1"],"picked":"SKIP","floor":19.0},{"not_picked":["Doom and Gloom","Genetic Algorithm"],"picked":"Cold Snap+1","floor":20.0},{"not_picked":["Steam","Gash"],"picked":"Consume","floor":24.0},{"not_picked":["Turbo","Reboot"],"picked":"Blizzard+1","floor":30},{"not_picked":["Stack+1","Streamline"],"picked":"Sweeping Beam+1","floor":31}],"player_experience":478328,"relics_obtained":[{"floor":7.0,"key":"Incense Burner"},{"floor":9.0,"key":"Frozen Egg 2"},{"floor":12.0,"key":"Girya"},{"floor":20.0,"key":"Red Mask"},{"floor":26,"key":"Bottled Tornado"},{"floor":30,"key":"Boot"}],"event_choices":[{"cards_removed":["Defend_B"],"damage_healed":0.0,"max_hp_gain":0.0,"max_hp_loss":0.0,"gold_gain":0.0,"event_name":"Purifier","player_choice":"Purged","floor":2.0,"gold_loss":0.0,"damage_taken":0.0},{"damage_healed":0.0,"max_hp_gain":5.0,"max_hp_loss":0.0,"gold_gain":0.0,"event_name":"Big Fish","player_choice":"Donut","floor":11.0,"gold_loss":0.0,"damage_taken":0.0},{"damage_healed":0.0,"max_hp_gain":0.0,"max_hp_loss":0.0,"gold_gain":0.0,"event_name":"Masked Bandits","player_choice":"Fought Bandits","floor":20.0,"gold_loss":0.0,"damage_taken":0.0},{"damage_healed":0.0,"max_hp_gain":0.0,"max_hp_loss":0.0,"gold_gain":99.0,"event_name":"betterThird:BetterNest","player_choice":"Steal","floor":21.0,"gold_loss":0.0,"damage_taken":0.0},{"damage_healed":0,"gold_gain":0,"player_choice":"Inject Mutagens","damage_taken":0,"relics_obtained":["MutagenicStrength"],"max_hp_gain":0,"max_hp_loss":0,"event_name":"Drug Dealer","floor":25,"gold_loss":0},{"damage_healed":0,"gold_gain":0,"player_choice":"","damage_taken":6,"max_hp_gain":0,"max_hp_loss":0,"event_name":"Knowing Skull","floor":29,"potions_obtained":[],"gold_loss":0,"cards_obtained":[]}],"is_beta":false,"boss_relics":[{"not_picked":["Snecko Eye","Ectoplasm"],"picked":"SacredBark"}],"items_purged_floors":[14],"is_endless":false,"potions_floor_spawned":[3,4,5,7,20,24,30],"killed_by":"Automaton","ascension_level":8}}