{"host":"fflyk188z5ncxlup","time":1608336949,"event":{"mods":["AchievementEnabler","BaseMod","Bestiary","Better Third Choice","Block Reminder","Colored Map","Colored Powertips","DeckTracker","Googly Eyes","Minty Spire (QoL Compilation)","StSLib","SuperFastMode"],"gold_per_floor":[118,136,211,227,227,252,265,265,265,84,99,72,22,35,35,130,130,146,245,261,30,49,49,49,49,49,49,61,23,23,34,34,34,129,129,145,145,171,188,188,188,208,235,235,235,105,115,115,115,115,115,115],"floor_reached":53,"playtime":1776,"items_purged":["Strike_G","Strike_G"],"score":1010,"play_id":"e983ab44-4b88-4edd-9845-ef958075f2da","local_time":"20201219091549","is_ascension_mode":true,"campfire_choices":[{"floor":8,"key":"REST"},{"floor":15,"key":"REST"},{"floor":23,"key":"REST"},{"floor":25,"key":"REST"},{"data":"Apotheosis","floor":27,"key":"SMITH"},{"floor":30,"key":"REST"},{"floor":32,"key":"REST"},{"data":"Strike_G","floor":33,"key":"PURGE"},{"floor":41,"key":"REST"},{"floor":45,"key":"REST"},{"data":"Footwork","floor":50,"key":"SMITH"},{"data":"Footwork","floor":51,"key":"SMITH"}],"circlet_count":0,"master_deck":["Defend_G","Defend_G","Defend_G","Defend_G","Defend_G","Survivor","Neutralize","Deadly Poison","Poisoned Stab","Bouncing Flask","Footwork+1","Noxious Fumes","Dagger Spray","Venomology","Apotheosis+1","Deadly Poison+1","Caltrops","Burst","Deadly Poison","Footwork+1","Leg Sweep","Caltrops"],"relics":["Ring of the Snake","NeowsBlessing","Nunchaku","Paper Crane","Membership Card","Busted Crown","Orrery","Peace Pipe","Calling Bell","Pen Nib","Darkstone Periapt","Dead Branch","Happy Flower","Mercury Hourglass","Question Card","Lee\u0027s Waffle"],"acts_visited":["Exordium","TheCity","TheBeyond"],"potions_floor_usage":[16,18,18,20,20,22,28,31,31,34,40,43,47,47,52,52,52,52],"damage_taken":[{"damage":0,"enemies":"Jaw Worm","floor":1,"turns":1},{"damage":0,"enemies":"Cultist","floor":2,"turns":1},{"damage":0,"enemies":"2 Louse","floor":4,"turns":1},{"damage":15,"enemies":"Lagavulin","floor":6,"turns":5},{"damage":29,"enemies":"Exordium Thugs","floor":7,"turns":6},{"damage":10,"enemies":"3 Louse","floor":11,"turns":5},{"damage":13,"enemies":"Blue Slaver","floor":14,"turns":3},{"damage":2,"enemies":"Hexaghost","floor":16,"turns":9},{"damage":26,"enemies":"2 Thieves","floor":18,"turns":4},{"damage":2,"enemies":"Chosen","floor":20,"turns":4},{"damage":15,"enemies":"Centurion and Healer","floor":22,"turns":8},{"damage":14,"enemies":"Snake Plant","floor":28,"turns":4},{"damage":9,"enemies":"3 Cultists","floor":31,"turns":4},{"damage":49,"enemies":"Automaton","floor":34,"turns":9},{"damage":47,"enemies":"3 Darklings","floor":36,"turns":7},{"damage":15,"enemies":"Orb Walker","floor":39,"turns":4},{"damage":14,"enemies":"Jaw Worm Horde","floor":40,"turns":2},{"damage":22,"enemies":"Sphere and 2 Shapes","floor":42,"turns":6},{"damage":0,"enemies":"Nemesis","floor":43,"turns":9},{"damage":7,"enemies":"Writhing Mass","floor":47,"turns":5},{"damage":66,"enemies":"Awakened One","floor":52,"turns":10}],"seed_played":"5603974854350078869","potions_obtained":[{"floor":6,"key":"FearPotion"},{"floor":7,"key":"DuplicationPotion"},{"floor":11,"key":"SmokeBomb"},{"floor":16,"key":"ColorlessPotion"},{"floor":18,"key":"Poison Potion"},{"floor":20,"key":"Swift Potion"},{"floor":42,"key":"DistilledChaos"},{"floor":47,"key":"SkillPotion"}],"is_trial":false,"path_per_floor":["M","M","?","M","?","E","M","R","T","$","M","$","$","M","R","B",null,"M","?","M","$","M","R","?","R","T","R","M","$","R","M","R","R","B",null,"M","?","T","M","M","R","M","E","T","R","$","M","?","?","R","R","B",null],"character_chosen":"THE_SILENT","items_purchased":["Membership Card","Dagger Spray","Apotheosis","Orrery","Burst","Footwork","Lee\u0027s Waffle","Caltrops","PowerPotion"],"campfire_rested":8,"item_purchase_floors":[10,12,21,21,21,29,46,46,46],"current_hp_per_floor":[63,63,56,56,56,41,12,33,33,33,23,23,23,10,31,29,60,34,34,32,32,17,38,25,47,47,47,33,33,55,46,68,68,19,61,14,14,14,22,8,30,8,8,8,30,82,75,75,75,75,75,9],"gold":115,"neow_bonus":"THREE_ENEMY_KILL","is_daily":false,"chose_seed":false,"campfire_upgraded":3,"win_rate":0.0,"timestamp":1608336949,"path_taken":["M","M","?","?","?","E","M","R","T","$","M","?","$","M","R","BOSS","M","?","M","$","M","R","?","R","T","R","M","$","R","M","R","R","BOSS","M","?","?","M","?","R","M","E","T","R","$","M","?","?","R","R","BOSS"],"items_purchased_type":["Relic","Card","Card","Relic","Card","Card","Relic","Card","Potion"],"build_version":"2020-12-13","purchased_purges":2,"victory":true,"max_hp_per_floor":[70,70,70,70,70,70,70,70,70,70,70,70,70,70,70,70,70,70,70,70,70,70,70,75,75,75,75,75,75,75,75,75,75,75,75,75,75,75,75,75,75,75,75,75,75,82,82,82,82,82,82,82],"card_choices":[{"not_picked":["Outmaneuver","Cloak And Dagger"],"picked":"Deadly Poison","floor":1},{"not_picked":["Cloak And Dagger","PiercingWail"],"picked":"Poisoned Stab","floor":2},{"not_picked":["Envenom","Deadly Poison"],"picked":"Bouncing Flask","floor":4},{"not_picked":["Flying Knee","Deadly Poison"],"picked":"Footwork","floor":6},{"not_picked":["Outmaneuver","Sucker Punch","Leg Sweep"],"picked":"SKIP","floor":7},{"not_picked":["Flying Knee","Predator"],"picked":"Noxious Fumes","floor":11},{"not_picked":["Endless Agony","Masterful Stab","Finisher"],"picked":"SKIP","floor":14},{"not_picked":["Malaise","Glass Knife"],"picked":"Venomology","floor":16},{"not_picked":["Slice+1"],"picked":"SKIP","floor":18},{"not_picked":["All Out Attack"],"picked":"SKIP","floor":20},{"not_picked":[],"picked":"Deadly Poison+1","floor":21},{"not_picked":[],"picked":"Caltrops","floor":21},{"not_picked":[],"picked":"Deadly Poison","floor":22},{"not_picked":["Concentrate"],"picked":"SKIP","floor":28},{"not_picked":["Deadly Poison+1"],"picked":"SKIP","floor":31},{"not_picked":["Infinite Blades+1"],"picked":"SKIP","floor":36},{"not_picked":["Dodge and Roll"],"picked":"SKIP","floor":39},{"not_picked":[],"picked":"Leg Sweep","floor":42},{"not_picked":["Acrobatics+1"],"picked":"SKIP","floor":43},{"not_picked":["Heel Hook+1","Skewer"],"picked":"SKIP","floor":47}],"player_experience":376132,"relics_obtained":[{"floor":6,"key":"Nunchaku"},{"floor":9,"key":"Paper Crane"},{"floor":26,"key":"Peace Pipe"},{"floor":35,"key":"Pen Nib"},{"floor":35,"key":"Darkstone Periapt"},{"floor":35,"key":"Dead Branch"},{"floor":38,"key":"Happy Flower"},{"floor":43,"key":"Mercury Hourglass"},{"floor":44,"key":"Question Card"}],"event_choices":[{"damage_healed":0,"gold_gain":75,"player_choice":"Touch","damage_taken":7,"max_hp_gain":0,"max_hp_loss":0,"event_name":"FaceTrader","floor":3,"gold_loss":0},{"cards_removed":["Strike_G"],"damage_healed":0,"gold_gain":0,"player_choice":"Purged","damage_taken":0,"max_hp_gain":0,"max_hp_loss":0,"event_name":"Purifier","floor":5,"gold_loss":0},{"damage_healed":0,"gold_gain":99,"player_choice":"Steal","damage_taken":0,"max_hp_gain":0,"max_hp_loss":0,"event_name":"betterThird:BetterNest","floor":19,"gold_loss":0},{"damage_healed":0,"gold_gain":0,"player_choice":"Shed Blood","damage_taken":18,"max_hp_gain":5,"max_hp_loss":0,"event_name":"Forgotten Altar","floor":24,"gold_loss":0},{"cards_removed":["Strike_G"],"damage_healed":0,"gold_gain":0,"player_choice":"Removed Attack","damage_taken":0,"max_hp_gain":0,"max_hp_loss":0,"event_name":"Falling","floor":37,"gold_loss":0},{"damage_healed":0,"gold_gain":0,"player_choice":"Ignored","damage_taken":0,"max_hp_gain":0,"max_hp_loss":0,"event_name":"Tomb of Lord Red Mask","floor":48,"gold_loss":0},{"damage_healed":0,"gold_gain":0,"player_choice":"Memory 1","damage_taken":0,"max_hp_gain":0,"max_hp_loss":0,"event_name":"SensoryStone","floor":49,"gold_loss":0}],"is_beta":false,"boss_relics":[{"not_picked":["SacredBark","Philosopher\u0027s Stone"],"picked":"Busted Crown"},{"not_picked":["Astrolabe","Ring of the Serpent"],"picked":"Calling Bell"}],"items_purged_floors":[10,13],"is_endless":false,"potions_floor_spawned":[6,7,11,16,18,20,22,42,47],"ascension_level":9}}