{"host":"j49z5jz0n7e8vjox","time":1608403138,"event":{"mods":["AchievementEnabler","BaseMod","Bestiary","Colored Map","Colored Powertips","DeckTracker","Minty Spire (QoL Compilation)"],"gold_per_floor":[110,124,104,119,119,144,69,69,147,176,176,192,157,10,10,108,108,122,136,136,59,59,59],"floor_reached":22,"playtime":1268,"items_purged":["Regret"],"score":262,"play_id":"058e8e11-fac5-47d4-9e24-2196246a1495","local_time":"20201219123858","is_ascension_mode":true,"campfire_choices":[{"floor":11,"key":"REST"},{"floor":15,"key":"REST"}],"circlet_count":0,"master_deck":["Strike_R","Strike_R","Strike_R","Defend_R","Defend_R","Defend_R","Defend_R+1","Bash+1","Armaments+1","Hemokinesis","True Grit","True Grit","Immolate","Seeing Red","Hemokinesis"],"relics":["Burning Blood","War Paint","Omamori","Boot","Potion Belt","Empty Cage"],"acts_visited":["Exordium","TheCity"],"potions_floor_usage":[8,8,16,16,18,19,19,22,22],"damage_taken":[{"damage":8,"enemies":"2 Louse","floor":1,"turns":3},{"damage":1,"enemies":"Cultist","floor":2,"turns":4},{"damage":8,"enemies":"Small Slimes","floor":4,"turns":4},{"damage":61,"enemies":"3 Sentries","floor":6,"turns":13},{"damage":22,"enemies":"Gremlin Nob","floor":10,"turns":4},{"damage":3,"enemies":"Red Slaver","floor":12,"turns":4},{"damage":30,"enemies":"Exordium Thugs","floor":13,"turns":5},{"damage":45,"enemies":"Slime Boss","floor":16,"turns":9},{"damage":21,"enemies":"3 Byrds","floor":18,"turns":6},{"damage":33,"enemies":"Shell Parasite","floor":19,"turns":7},{"damage":16,"enemies":"3 Cultists","floor":22,"turns":4}],"seed_played":"888013985458266403","potions_obtained":[{"floor":1,"key":"Energy Potion"},{"floor":2,"key":"Fruit Juice"},{"floor":3,"key":"BloodPotion"},{"floor":8,"key":"DuplicationPotion"},{"floor":8,"key":"PowerPotion"},{"floor":18,"key":"EntropicBrew"},{"floor":19,"key":"BloodPotion"}],"is_trial":false,"path_per_floor":["M","M","?","M","?","E","$","?","T","E","R","M","M","$","R","B",null,"M","M","?","$","M"],"character_chosen":"IRONCLAD","items_purchased":["Potion Belt","Hemokinesis"],"campfire_rested":2,"item_purchase_floors":[14,21],"current_hp_per_floor":[70,75,75,73,73,18,18,39,39,23,48,51,27,27,52,13,67,52,25,9,9,2,2],"gold":59,"neow_bonus":"UPGRADE_CARD","is_daily":false,"chose_seed":false,"campfire_upgraded":0,"win_rate":0.0,"timestamp":1608403138,"path_taken":["M","M","?","?","?","E","$","?","T","E","R","M","?","$","R","BOSS","M","M","?","$","M"],"items_purchased_type":["Relic","Card"],"build_version":"2020-12-13","purchased_purges":1,"victory":false,"max_hp_per_floor":[80,80,80,80,80,80,80,85,85,85,85,85,85,85,85,85,85,85,85,90,90,90,90],"card_choices":[{"not_picked":["Burning Pact","Anger"],"picked":"Armaments","floor":1},{"not_picked":["Armaments","Iron Wave","Heavy Blade"],"picked":"SKIP","floor":2},{"not_picked":["Clothesline","Headbutt"],"picked":"Hemokinesis","floor":4},{"not_picked":["Sever Soul","Reckless Charge"],"picked":"True Grit","floor":6},{"not_picked":["Sword Boomerang","Clothesline","Infernal Blade"],"picked":"SKIP","floor":10},{"not_picked":["Dropkick","Sword Boomerang"],"picked":"True Grit","floor":12},{"not_picked":["Clash","Anger","Twin Strike"],"picked":"SKIP","floor":13},{"not_picked":["Reaper","Exhume"],"picked":"Immolate","floor":16},{"not_picked":["Wild Strike","Bloodletting"],"picked":"Seeing Red","floor":18},{"not_picked":["Headbutt","Pummel","Pommel Strike"],"picked":"SKIP","floor":19}],"player_experience":710279,"relics_obtained":[{"floor":6,"key":"Omamori"},{"floor":10,"key":"Boot"}],"event_choices":[{"damage_healed":0,"gold_gain":0,"player_choice":"Bought 1 Potion","damage_taken":0,"max_hp_gain":0,"max_hp_loss":0,"event_name":"The Woman in Blue","floor":3,"gold_loss":0},{"damage_healed":0,"gold_gain":0,"player_choice":"Box","damage_taken":0,"relics_obtained":["War Paint"],"max_hp_gain":0,"max_hp_loss":0,"event_name":"Big Fish","floor":5,"gold_loss":0,"cards_obtained":["Regret"]},{"damage_healed":0,"gold_gain":0,"player_choice":"Got Potions","damage_taken":0,"max_hp_gain":0,"max_hp_loss":0,"event_name":"Lab","floor":8,"gold_loss":0},{"damage_healed":0,"gold_gain":0,"player_choice":"Shed Blood","damage_taken":21,"max_hp_gain":5,"max_hp_loss":0,"event_name":"Forgotten Altar","floor":20,"gold_loss":0}],"is_beta":false,"boss_relics":[{"not_picked":["Tiny House","Coffee Dripper"],"picked":"Empty Cage"}],"items_purged_floors":[7],"is_endless":false,"potions_floor_spawned":[1,2,10,18,19],"killed_by":"3 Cultists","ascension_level":7}}