{"host":"i3w38rq1z4slkels","time":1608389117,"event":{"mods":["2.2 Compatiblity","Act Like it!","BaseMod","Better Match","Better Vampires","BetterRewards","Conspire","Downfall","Minty Spire (QoL Compilation)","Rare Cards Sparkle","Replay The Spire","StSLib"],"gold_per_floor":[99,99,132,132,157,157,157,177,27,56,67,52,65,165,175,175,175],"floor_reached":16,"playtime":681,"items_purged":[],"score":185,"play_id":"09cec731-b2b5-4a51-a9a6-f8d8e038215e","local_time":"20201219214517","is_ascension_mode":true,"campfire_choices":[{"floor":1,"key":"RECALL"},{"data":"hexamod:Sear","floor":9,"key":"SMITH"}],"circlet_count":0,"master_deck":["hexamod:Strike","hexamod:Strike","hexamod:Strike","hexamod:Strike","hexamod:Defend","hexamod:Defend","hexamod:Defend","hexamod:Defend","hexamod:Sear+1","hexamod:Float","hexamod:ExtraCrispy+1","hexamod:RadiantFlame","hexamod:Incineration","hexamod:Toasty","hexamod:ThermalTransfer"],"relics":["hexamod:SpiritBrand","downfall:HeartsMalice","MealTicket","Ancient Tea Set","downfall:HeartBlessingBlue","downfall:HeartBlessingRed","Snack Pack"],"acts_visited":["Exordium"],"potions_floor_usage":[13,16],"damage_taken":[{"damage":0,"enemies":"Jaw Worm","floor":2,"turns":1},{"damage":0,"enemies":"Gremlin Nob","floor":3,"turns":1},{"damage":0,"enemies":"Lagavulin","floor":5,"turns":1},{"damage":7,"enemies":"2 Louse","floor":8,"turns":3},{"damage":27,"enemies":"3 Sentries","floor":10,"turns":10},{"damage":0,"enemies":"Cultist","floor":11,"turns":3},{"damage":4,"enemies":"downfall:FleeingMerchant","floor":12,"turns":4},{"damage":14,"enemies":"Exordium Thugs","floor":13,"turns":4},{"damage":19,"enemies":"Large Slime","floor":15,"turns":3},{"damage":29,"enemies":"downfall:Defect","floor":16,"turns":4}],"seed_played":"3569116543468987839","potions_obtained":[{"floor":10,"key":"Dexterity Potion"},{"floor":11,"key":"Adrenaline Potion"},{"floor":15,"key":"AttackPotion"}],"is_trial":false,"path_per_floor":["R","M","E","?","E","?","T","M","R","E","M","$","M","?","M","B"],"character_chosen":"THE_SPIRIT","items_purchased":[],"campfire_rested":0,"item_purchase_floors":[],"current_hp_per_floor":[70,70,70,70,70,70,70,63,73,46,46,57,43,43,24,0,0],"gold":175,"neow_bonus":"THREE_ENEMY_KILL","is_daily":false,"chose_seed":false,"campfire_upgraded":1,"win_rate":0.0,"timestamp":1608389117,"path_taken":["R","M","E","?","E","?","T","M","R","E","M","$","?","?","M","BOSS"],"items_purchased_type":[],"build_version":"2020-12-13","purchased_purges":0,"victory":false,"max_hp_per_floor":[70,70,70,70,70,70,70,70,80,80,80,80,80,80,80,80,80],"card_choices":[{"not_picked":["hexamod:Rewind","hexamod:Hexaguard","hexamod:GhostLash"],"picked":"SKIP","floor":2},{"not_picked":["hexamod:HeatCrush","hexamod:EtherealExpedition","hexamod:RadiantFlame"],"picked":"SKIP","floor":3},{"not_picked":["hexamod:GhostLash","hexamod:HauntingEcho"],"picked":"hexamod:ExtraCrispy","floor":5},{"not_picked":["hexamod:GhostShield","hexamod:SpectersWail","hexamod:SpectralAdrenaline"],"picked":"SKIP","floor":8},{"not_picked":["hexamod:ApocalypseNow","hexamod:SpectersWail","hexamod:RainOfEmbers"],"picked":"SKIP","floor":10},{"not_picked":["hexamod:SpectersWail","hexamod:RetreatToShadows"],"picked":"hexamod:RadiantFlame","floor":11},{"not_picked":["hexamod:GhostShield","hexamod:EtherealExpedition"],"picked":"hexamod:Incineration","floor":12},{"not_picked":["hexamod:InspiringFlames","hexamod:GhostLash"],"picked":"hexamod:Toasty","floor":13},{"not_picked":["hexamod:BacktrackSmack","hexamod:RetreatToShadows"],"picked":"hexamod:ThermalTransfer","floor":15}],"player_experience":440888,"relics_obtained":[{"floor":3,"key":"MealTicket"},{"floor":5,"key":"Ancient Tea Set"},{"floor":10,"key":"Snack Pack"}],"event_choices":[{"damage_healed":0,"gold_gain":0,"player_choice":"Disagree","damage_taken":0,"max_hp_gain":0,"max_hp_loss":0,"event_name":"conspire:LoneGhost","floor":4,"gold_loss":0},{"damage_healed":0,"gold_gain":0,"player_choice":"Grow","damage_taken":0,"max_hp_gain":0,"max_hp_loss":0,"event_name":"Living Wall","floor":6,"gold_loss":0,"cards_upgraded":["hexamod:ExtraCrispy"]}],"is_beta":false,"boss_relics":[],"items_purged_floors":[],"is_endless":false,"potions_floor_spawned":[10,11,15],"killed_by":"downfall:Defect","ascension_level":2}}