{"host":"lg1piimdyocafd6j","time":1608394589,"event":{"mods":["AchievementEnabler","BaseMod","Better Third Choice","BetterRewards","Colored Map","Colored Powertips","Downfall","Minty Spire (QoL Compilation)","Quick Restart","Rare Cards Sparkle","StSLib","SuperFastMode"],"gold_per_floor":[116,116,191,191,205,235,235,267,267,367,384,402,177,196,196,301,301,312,312,312,74,89,89,89],"floor_reached":23,"playtime":947,"items_purged":["Doom and Gloom","Strike_B"],"score":235,"play_id":"86deef3f-5808-429a-b3ab-94d71360279f","local_time":"20201219171629","is_ascension_mode":true,"campfire_choices":[{"data":"Static Discharge","floor":7,"key":"SMITH"},{"floor":15,"key":"REST"}],"circlet_count":0,"master_deck":["Defend_B","Defend_B","Defend_B","Zap","Dualcast","Steam","Static Discharge+1","Auto Shields","Glacier","Hello World","Loop+1","Capacitor","Hello World","Multi-Cast","White Noise","Buffer","Steam"],"relics":["Cracked Core","NeowsBlessing","Pear","Blue Candle","Juzu Bracelet","Empty Cage"],"acts_visited":["Exordium","TheCity"],"potions_floor_usage":[16,16,18,23],"damage_taken":[{"damage":0,"enemies":"Jaw Worm","floor":1,"turns":1},{"damage":0,"enemies":"2 Louse","floor":5,"turns":1},{"damage":0,"enemies":"3 Sentries","floor":6,"turns":1},{"damage":33,"enemies":"Gremlin Nob","floor":8,"turns":5},{"damage":3,"enemies":"Cultist","floor":11,"turns":4},{"damage":5,"enemies":"Large Slime","floor":12,"turns":6},{"damage":3,"enemies":"Gremlin Gang","floor":14,"turns":4},{"damage":19,"enemies":"Slime Boss","floor":16,"turns":12},{"damage":29,"enemies":"2 Thieves","floor":18,"turns":4},{"damage":18,"enemies":"3 Byrds","floor":22,"turns":2},{"damage":41,"enemies":"Gremlin Leader","floor":23,"turns":4}],"seed_played":"1165000374915712955","potions_obtained":[{"floor":6,"key":"LiquidBronze"},{"floor":8,"key":"BlessingOfTheForge"},{"floor":14,"key":"Weak Potion"},{"floor":16,"key":"FocusPotion"}],"is_trial":false,"path_per_floor":["M","?","?","?","M","E","R","E","T","?","M","M","$","M","R","B",null,"M","?","?","$","M","E"],"character_chosen":"DEFECT","items_purchased":["Juzu Bracelet","White Noise","Buffer"],"campfire_rested":1,"item_purchase_floors":[13,21,21],"current_hp_per_floor":[75,75,64,64,64,74,74,41,41,41,38,33,33,30,55,36,85,56,56,56,56,38,0,0],"gold":89,"neow_bonus":"THREE_ENEMY_KILL","is_daily":false,"chose_seed":false,"campfire_upgraded":1,"win_rate":0.0,"timestamp":1608394589,"path_taken":["M","?","?","?","?","E","R","E","T","?","?","M","$","M","R","BOSS","M","?","?","$","M","E"],"items_purchased_type":["Relic","Card","Card"],"build_version":"2020-12-13","purchased_purges":2,"victory":false,"max_hp_per_floor":[75,75,75,75,75,85,85,85,85,85,85,85,85,85,85,85,85,85,85,85,85,85,85,85],"card_choices":[{"not_picked":["Aggregate","Leap"],"picked":"Steam","floor":1},{"not_picked":["Hologram","Compile Driver"],"picked":"Static Discharge","floor":5},{"not_picked":["Gash","Skim"],"picked":"Auto Shields","floor":6},{"not_picked":["Auto Shields","Reinforced Body"],"picked":"Glacier","floor":8},{"not_picked":["Stack","Coolheaded"],"picked":"Doom and Gloom","floor":11},{"not_picked":["Ball Lightning","Reinforced Body"],"picked":"Hello World","floor":12},{"not_picked":["Ball Lightning","Skim"],"picked":"Loop","floor":14},{"not_picked":["Rip and Tear+1","Compile Driver+1"],"picked":"Capacitor","floor":18},{"not_picked":["Ball Lightning+1","Go for the Eyes"],"picked":"Steam","floor":22}],"player_experience":200957,"relics_obtained":[{"floor":6,"key":"Pear"},{"floor":8,"key":"Blue Candle"}],"event_choices":[{"damage_healed":75,"gold_gain":0,"player_choice":"Leave","damage_taken":0,"max_hp_gain":0,"max_hp_loss":75,"event_name":"betterThird:BetterShining","floor":2,"gold_loss":0},{"damage_healed":0,"gold_gain":75,"player_choice":"Gold","damage_taken":11,"max_hp_gain":0,"max_hp_loss":0,"event_name":"betterThird:BetterGoop","floor":3,"gold_loss":0},{"damage_healed":0,"gold_gain":0,"cards_transformed":["Strike_B"],"player_choice":"Transformed","damage_taken":0,"max_hp_gain":0,"max_hp_loss":0,"event_name":"Transmorgrifier","floor":4,"gold_loss":0,"cards_obtained":["Undo"]},{"damage_healed":0,"gold_gain":100,"player_choice":"Pray","damage_taken":0,"max_hp_gain":0,"max_hp_loss":0,"event_name":"Golden Shrine","floor":10,"gold_loss":0},{"damage_healed":0,"gold_gain":0,"cards_transformed":["Strike_B","Defend_B"],"player_choice":"Became Test Subject","damage_taken":0,"max_hp_gain":0,"max_hp_loss":0,"event_name":"Drug Dealer","floor":19,"gold_loss":0,"cards_obtained":["Hello World","Multi-Cast"]},{"damage_healed":0,"gold_gain":0,"player_choice":"Forge","damage_taken":0,"max_hp_gain":0,"max_hp_loss":0,"event_name":"Accursed Blacksmith","floor":20,"gold_loss":0,"cards_upgraded":["Loop"]}],"is_beta":false,"boss_relics":[{"not_picked":["Busted Crown","Astrolabe"],"picked":"Empty Cage"}],"items_purged_floors":[13,21],"is_endless":false,"potions_floor_spawned":[6,8,14,16],"killed_by":"Gremlin Leader","ascension_level":1}}