{"host":"5dk97cf2ubw2v967","time":1608397580,"event":{"mods":["AlwaysNeverKeys","BaseMod","Better Altar","Better Vampires","Block Reminder","Colored Powertips","Downfall","Googly Eyes","Highlight Path","Minty Spire (QoL Compilation)","Permanent Neow","Potion Indicator Mod","Quick Restart","Relic Filter","Relic Stats","Say the Spire","Spicy Shops","StSLib","Waifu the Spire","everything is the same but u backflip on backflip"],"gold_per_floor":[119,269,269,269,289,289,289],"floor_reached":6,"playtime":260,"items_purged":[],"score":68,"play_id":"a39d4041-432a-4eb6-918c-c1b956832049","local_time":"20201219170620","is_ascension_mode":true,"campfire_choices":[],"circlet_count":0,"master_deck":["AscendersBane","Strike_R","Strike_R","Strike_R","Strike_R","Strike_R","Defend_R","Defend_R","Defend_R","Defend_R","Bash","Shrug It Off","Doubt","Regret","Injury","Burning Pact"],"relics":["Burning Blood","Champion Belt","Art of War","Golden Idol"],"acts_visited":["Exordium"],"potions_floor_usage":[6],"damage_taken":[{"damage":14,"enemies":"Small Slimes","floor":1,"turns":4},{"damage":6,"enemies":"2 Louse","floor":5,"turns":4},{"damage":60,"enemies":"3 Sentries","floor":6,"turns":12}],"seed_played":"1208555214036969721","potions_obtained":[{"floor":5,"key":"Fire Potion"}],"is_trial":false,"path_per_floor":["M","?","?","?","M","E"],"character_chosen":"IRONCLAD","items_purchased":[],"campfire_rested":0,"item_purchase_floors":[],"current_hp_per_floor":[60,60,60,60,60,0,0],"gold":289,"neow_bonus":"ONE_RARE_RELIC","is_daily":false,"chose_seed":false,"campfire_upgraded":0,"win_rate":0.0,"timestamp":1608397580,"path_taken":["M","?","?","?","M","E"],"items_purchased_type":[],"build_version":"2020-12-13","purchased_purges":0,"victory":false,"max_hp_per_floor":[68,68,68,68,68,68,68],"relic_stats":{"counters":[3,20],"Golden Idol":4,"Art of War":[2],"Champion Belt":[2],"obtain_stats":[{"Golden Idol":4,"Art of War":3,"Champion Belt":0,"Burning Blood":0},{"Golden Idol":1,"Art of War":1,"Champion Belt":0,"Burning Blood":0},{"Golden Idol":4,"Art of War":4,"Champion Belt":0,"Burning Blood":0}],"Burning Blood":12},"card_choices":[{"not_picked":["Heavy Blade","Second Wind"],"picked":"Shrug It Off","floor":1},{"not_picked":["Anger","Body Slam"],"picked":"Burning Pact","floor":5}],"player_experience":1243753,"relics_obtained":[],"event_choices":[{"damage_healed":0,"gold_gain":150,"player_choice":"AGREE","damage_taken":0,"max_hp_gain":0,"max_hp_loss":0,"event_name":"Liars Game","floor":2,"gold_loss":0,"cards_obtained":["Doubt"]},{"damage_healed":0,"gold_gain":0,"player_choice":"Box","damage_taken":0,"relics_obtained":["Art of War"],"max_hp_gain":0,"max_hp_loss":0,"event_name":"Big Fish","floor":3,"gold_loss":0,"cards_obtained":["Regret"]},{"damage_healed":0,"gold_gain":0,"player_choice":"Take Wound","damage_taken":0,"relics_obtained":["Golden Idol"],"max_hp_gain":0,"max_hp_loss":0,"event_name":"Golden Idol","floor":4,"gold_loss":0,"cards_obtained":["Injury"]}],"is_beta":false,"boss_relics":[],"items_purged_floors":[],"is_endless":false,"potions_floor_spawned":[5],"killed_by":"3 Sentries","ascension_level":20}}