{"host":"373g0ui1bgeshz9m","time":1608353386,"event":{"mods":["Act Like it!","Aspiration","BaseMod","Beaked The Cultist","Better Third Choice","Colored Map","Conspire","Downfall","Halation","Hermit","Hubris","Infinite Spire","Jorbs\u0027s Wanderer Trilogy","Minty Spire (QoL Compilation)","Pale of the Ancients","Permanent Neow","Quick Restart","Replay The Spire","Shade Mod","Shop Mod","Spikes Relics","StSLib","The Animator","The Bladedancer","The Bug Knight","The Construct","The Cursed","The Factory","The Florist","The Judge","The Jungle","The Necromancer","The Sage","The Wild Card","Trackpad","vexMod"],"gold_per_floor":[99,119,119,219,219,144,144,177,177,210,23,8,18,18,35,133,133,133,133,133,133],"floor_reached":20,"playtime":1001,"items_purged":[],"score":176,"play_id":"c495dc53-7529-4874-8f74-ae8cdb4cc804","local_time":"20201218234946","is_ascension_mode":false,"campfire_choices":[{"floor":1,"key":"RECALL"},{"data":"theWildCard:Arsene","floor":6,"key":"SMITH"},{"floor":9,"key":"REST"},{"data":"Slimebound:WasteNot","floor":18,"key":"SMITH"}],"circlet_count":0,"master_deck":["Slimebound:Strike_Slimebound","Slimebound:Strike_Slimebound","Slimebound:Strike_Slimebound","Slimebound:Tackle","Slimebound:Defend_Slimebound","Slimebound:Defend_Slimebound","Slimebound:Defend_Slimebound","Slimebound:Defend_Slimebound","Slimebound:Split","Slimebound:CorrosiveSpit","Slimebound:Gluttony","Slimebound:SplitAcid","theWildCard:Arsene+1","Slimebound:RainOfGoop+1","Slimebound:Nibble","Slimebound:SplitMire","Slimebound:Schlurp","Slimebound:LeadByExample","Slimebound:WasteNot+1"],"relics":["Slimebound:AbsorbEndCombat","sagemod:Singing_Vial","downfall:HeartBlessingRed","trackpad:WondrousWand","vexMod:FocusSash","Membership Card","conspire:SpecialSausage","hubris:BottledHeart"],"acts_visited":["Exordium","TheCity"],"potions_floor_usage":[10,16],"damage_taken":[{"damage":13,"enemies":"2 Louse","floor":2,"turns":4},{"damage":27,"enemies":"Gremlin Nob","floor":8,"turns":3},{"damage":41,"enemies":"3 Sentries","floor":10,"turns":7},{"damage":8,"enemies":"downfall:FleeingMerchant","floor":11,"turns":4},{"damage":8,"enemies":"downfall:FleeingMerchant","floor":12,"turns":4},{"damage":6,"enemies":"Jaw Worm","floor":13,"turns":2},{"damage":4,"enemies":"Small Slimes","floor":15,"turns":2},{"damage":43,"enemies":"downfall:Ironclad","floor":16,"turns":6}],"seed_played":"-6152983877522476777","potions_obtained":[{"floor":2,"key":"DistilledChaos"},{"floor":8,"key":"DistilledChaos"},{"floor":13,"key":"DuplicationPotion"},{"floor":16,"key":"ColorlessPotion"}],"is_trial":false,"path_per_floor":["R","M","?","?","?","R","T","E","R","E","$","$","M","?","M","B",null,"R","?","T"],"character_chosen":"SLIMEBOUND","items_purchased":["Membership Card","Slimebound:Schlurp"],"campfire_rested":1,"item_purchase_floors":[11,11],"current_hp_per_floor":[60,59,59,59,59,59,59,49,60,35,47,60,60,60,60,40,60,60,1,1,1],"gold":133,"neow_bonus":"THREE_CARDS","is_daily":false,"chose_seed":false,"campfire_upgraded":2,"win_rate":0.0,"timestamp":1608353386,"path_taken":["R","M","?","?","?","R","T","E","R","E","$","$","?","?","M","BOSS","R","?","?"],"items_purchased_type":["Relic","Card"],"build_version":"2020-12-13","purchased_purges":0,"victory":false,"max_hp_per_floor":[60,60,60,60,60,60,60,60,60,60,60,60,60,60,60,60,60,60,1,1,1],"card_choices":[{"not_picked":["Slimebound:SlimeTap","Slimebound:PressTheAttack"],"picked":"Slimebound:Gluttony","floor":0},{"not_picked":["Slimebound:BestDefense","Slimebound:ComboTackle"],"picked":"Slimebound:SplitAcid","floor":2},{"not_picked":["Slimebound:Grow","Slimebound:SlimeSpikes"],"picked":"Slimebound:RainOfGoop","floor":8},{"not_picked":["Slimebound:ItLooksTasty","Slimebound:RejuvenatingLick"],"picked":"Slimebound:Nibble","floor":10},{"not_picked":["Slimebound:PressTheAttack","Slimebound:BestDefense"],"picked":"Slimebound:SplitMire","floor":11},{"not_picked":["Slimebound:GoopTackle","Slimebound:SplitBruiser","Slimebound:LeechLife"],"picked":"SKIP","floor":12},{"not_picked":["Slimebound:FinishingTackle","Slimebound:RollThrough"],"picked":"Slimebound:LeadByExample","floor":13},{"not_picked":["Slimebound:Prepare","Slimebound:SplitBruiser","Slimebound:SplitLeeching"],"picked":"SKIP","floor":15},{"not_picked":["Slimebound:Overexert","Slimebound:LeechLife"],"picked":"Slimebound:WasteNot","floor":16}],"player_experience":92260,"relics_obtained":[{"floor":3,"key":"sagemod:Singing_Vial"},{"floor":7,"key":"trackpad:WondrousWand"},{"floor":10,"key":"vexMod:FocusSash"}],"event_choices":[{"damage_healed":0,"gold_gain":0,"player_choice":"Upgraded","damage_taken":0,"max_hp_gain":0,"max_hp_loss":0,"event_name":"Upgrade Shrine","floor":14,"gold_loss":0,"cards_upgraded":["Slimebound:RainOfGoop"]}],"is_beta":false,"boss_relics":[{"not_picked":["Ring of Chaos","aspiration:SilentSkillbook"],"picked":"conspire:SpecialSausage"}],"items_purged_floors":[],"is_endless":false,"potions_floor_spawned":[2,8,13,16],"ascension_level":0}}