{"host":"qoai0zeca0j4yswu","time":1608406536,"event":{"mods":["Act Like it!","BaseMod","Curses Come First","Hallownest","Minty Spire (QoL Compilation)","StSLib","The Servant 0.9.4"],"gold_per_floor":[119,137,193,193,37,2,2,15,92,122,122,3,23,58,58,159,159,174,174,174,194,46,46,59,59,59,77,77,93,117,128,128,225,225,237,254,334,348,66,66,66,66,66,16,29,29,54,74,74,176],"floor_reached":51,"playtime":6486,"items_purged":["Defend_S","Defend_S","Strike_S","Hallownest:curseDreamersLament"],"score":810,"play_id":"06db6470-b479-4e52-a2c9-5f5add1dd32c","local_time":"20201219113536","is_ascension_mode":false,"campfire_choices":[{"data":"Hightail","floor":7.0,"key":"SMITH"},{"data":"Gouge","floor":11.0,"key":"SMITH"},{"floor":15.0,"key":"REST"},{"floor":23.0,"key":"REST"},{"floor":25.0,"key":"REST"},{"data":"DualDimension","floor":32.0,"key":"SMITH"},{"floor":40,"key":"REST"},{"floor":42,"key":"REST"},{"data":"Panacea","floor":49,"key":"SMITH"}],"circlet_count":0,"master_deck":["Strike_S","Strike_S","Defend_S","Defend_S","KidneyShot","Exchange","Hightail+1","DualDimension+1","FanOfKnives","DualDimension+1","Gouge+1","Rearm","Read","Dilation","Sunlight+1","CurseOfTheBell","Panacea+1","Luminosity","DualDimension+1","Contraction+1","Duplication","SurpressingFire","Barrier","TheWorld"],"relics":["Uniform","DollysMirror","Question Card","Smiling Mask","Molten Egg 2","Calling Bell","Dream Catcher","Singing Bowl","Pocketwatch","Kunai","Boot","StoneMask","Chemical X","Hallownest:BeastSealRelic","Blue Candle","Unceasing Top"],"acts_visited":["Exordium","Hallownest:Greenpath","Hallownest:CityofTears"],"potions_floor_usage":[35,36,37],"damage_taken":[{"damage":5.0,"enemies":"Hallownest:2_Tiktiks_and_1_Crawlid","floor":1.0,"turns":7.0},{"damage":7.0,"enemies":"Hallownest:monsterHuskGuard","floor":2.0,"turns":4.0},{"damage":1.0,"enemies":"Hallownest:monsterHuskWarrior","floor":8.0,"turns":4.0},{"damage":0.0,"enemies":"Hallownest:eliteMossKnight","floor":10.0,"turns":19.0},{"damage":17.0,"enemies":"Hallownest:1_Baldur_1_Crawlid_1_Warrior","floor":13.0,"turns":4.0},{"damage":8.0,"enemies":"Hallownest:eliteVengeflyKing","floor":14.0,"turns":8.0},{"damage":6.0,"enemies":"Hallownest:BossHornet","floor":16.0,"turns":22.0},{"damage":15.0,"enemies":"Hallownest:3_Youths","floor":18.0,"turns":5.0},{"damage":0.0,"enemies":"Hallownest:Guard_and_Sentry","floor":21.0,"turns":8.0},{"damage":20.0,"enemies":"Hallownest:3_Mistakes","floor":24.0,"turns":6.0},{"damage":6.0,"enemies":"Hallownest:monsterShrumalOgre","floor":27.0,"turns":6.0},{"damage":0.0,"enemies":"Hallownest:Warrior_and_Youth","floor":29.0,"turns":11.0},{"damage":0.0,"enemies":"Hallownest:Master_and_Novice","floor":31.0,"turns":5.0},{"damage":23.0,"enemies":"Hallownest:BossSoulMaster","floor":33.0,"turns":34.0},{"damage":17,"enemies":"Hallownest:3_Siblings","floor":35,"turns":6},{"damage":55,"enemies":"Hallownest:2_Littles","floor":36,"turns":10},{"damage":1,"enemies":"Hallownest:2_Littles","floor":37,"turns":14},{"damage":0,"enemies":"Hallownest:2_Littles","floor":37,"turns":2},{"damage":1,"enemies":"Hallownest:Slobbering_and_Violent","floor":38,"turns":14},{"damage":11,"enemies":"Hallownest:Shield_Sturdy","floor":45,"turns":13},{"damage":0,"enemies":"Hallownest:StalkingDevout","floor":47,"turns":16},{"damage":0,"enemies":"Hallownest:2_Soldiers_and_1_Guardian","floor":48,"turns":5},{"damage":0,"enemies":"Hallownest:BossHollowKnight","floor":50,"turns":17}],"seed_played":"1965089143456958388","potions_obtained":[{"floor":8.0,"key":"Energy Potion"},{"floor":13.0,"key":"LiquidMemories"},{"floor":16.0,"key":"ColorlessPotion"},{"floor":36,"key":"Strength Potion"},{"floor":47,"key":"SpeedPotion"},{"floor":50,"key":"DuplicationPotion"}],"is_trial":false,"path_per_floor":["M","M","?","?","$","?","R","M","T","E","R","$","M","E","R","B",null,"M","?","?","M","$","R","M","R","T","M","?","M","T","M","R","B",null,"M","M","?","M","$","R","?","R","T","$","M","?","E","M","R","B",null],"character_chosen":"THE_SERVANT","items_purchased":["DollysMirror","BestPractice","Panacea","Chemical X","Barrier"],"campfire_rested":5,"item_purchase_floors":[5,12,22,39,39],"current_hp_per_floor":[60,53,53,53,53,58,58,57,57,57,57,57,40,32,53,47,70,57,57,53,55,55,74,54,74,74,70,70,72,72,74,74,51,80,74,19,27,34,34,63,63,93,93,93,90,90,95,106,106,109],"gold":176,"neow_bonus":"THREE_CARDS","is_daily":false,"chose_seed":false,"campfire_upgraded":4,"win_rate":0.0,"timestamp":1608406536,"path_taken":["M","M","?","?","$","?","R","M","T","E","R","$","M","E","R","BOSS","M","?","?","M","$","R","M","R","T","M","?","M","?","M","R","BOSS","M","?","?","M","$","R","?","R","T","$","M","?","E","M","R","BOSS"],"items_purchased_type":["Relic","Card","Card","Relic","Card"],"build_version":"2020-12-13","purchased_purges":4,"victory":true,"max_hp_per_floor":[65,65,65,65,65,70,70,70,70,70,70,70,70,70,70,70,70,72,72,72,74,74,74,74,74,74,76,76,78,78,80,80,80,80,85,85,88,92,92,94,94,96,96,96,100,100,103,108,108,109],"card_choices":[{"not_picked":["Replace","Defy"],"picked":"Hightail","floor":0.0},{"not_picked":["Alleviate","Rewind"],"picked":"DualDimension","floor":1.0},{"not_picked":["Defy","Ricochet"],"picked":"FanOfKnives","floor":2.0},{"not_picked":["FastForward","Alleviate"],"picked":"Gouge","floor":8.0},{"not_picked":["ShatteredReality","DoubleEdge","FastForward"],"picked":"Rearm","floor":10.0},{"not_picked":["Reset","Potential","Comet"],"picked":"Read","floor":13.0},{"not_picked":["Collapse+1","Defy","Potential+1"],"picked":"Dilation","floor":14.0},{"not_picked":["Deny","FloweringNight","Duplication"],"picked":"Sunlight+1","floor":16.0},{"not_picked":["ShatteredReality+1","Replace","SpecialFormula","Moondial"],"picked":"Singing Bowl","floor":18.0},{"not_picked":["Rewind","Replace","MoonPhase","Rearm+1"],"picked":"Singing Bowl","floor":21.0},{"not_picked":["Foresight+1","LightFlow+1","Collapse+1"],"picked":"Luminosity","floor":23.0},{"not_picked":["Misdirection","Alleviate","InstantArmor+1"],"picked":"DualDimension","floor":24.0},{"not_picked":["Potential+1","FanOfKnives+1","ShatteredReality+1"],"picked":"Contraction+1","floor":25.0},{"not_picked":["Spin+1","WasteNot","ShiftingGears+1","Replace+1"],"picked":"Singing Bowl","floor":27.0},{"not_picked":["Foresight","Deny","BottledTime+1","Unruled+1"],"picked":"Singing Bowl","floor":29.0},{"not_picked":["MoonPhase","SilverBlades+1","TimeWarp+1","FanOfKnives+1"],"picked":"Singing Bowl","floor":31.0},{"not_picked":["LightFlow+1","Initiator+1","Deny"],"picked":"Duplication","floor":33.0},{"not_picked":["FastForward+1","ReturningBlade+1","Spin+1","BottledTime"],"picked":"Singing Bowl","floor":35},{"not_picked":["Alleviate","Ricochet+1","Luminosity"],"picked":"SurpressingFire","floor":36},{"not_picked":["Hightail","DoubleEdge+1","FloweringNight","Starlight+1"],"picked":"Singing Bowl","floor":38},{"not_picked":["Desolation+1","Foresight","FastForward+1","Starlight+1"],"picked":"Singing Bowl","floor":40},{"not_picked":["Alleviate","Rearm","Defy","Potential+1"],"picked":"Singing Bowl","floor":42},{"not_picked":["ReturningBlade+1","Deny","Misdirection+1","Spin+1"],"picked":"Singing Bowl","floor":45},{"not_picked":["Ricochet+1","RealityMarble","Alleviate","DoubleEdge+1"],"picked":"Singing Bowl","floor":47},{"not_picked":["Reset","Starlight+1","Snipe+1","Rewind+1"],"picked":"Singing Bowl","floor":48},{"not_picked":["Deny","Initiator+1","Dilation"],"picked":"TheWorld","floor":50}],"player_experience":669254,"relics_obtained":[{"floor":9.0,"key":"Question Card"},{"floor":10.0,"key":"Smiling Mask"},{"floor":14.0,"key":"Molten Egg 2"},{"floor":17.0,"key":"Dream Catcher"},{"floor":17.0,"key":"Singing Bowl"},{"floor":17.0,"key":"Pocketwatch"},{"floor":26.0,"key":"Kunai"},{"floor":30.0,"key":"Boot"},{"floor":43,"key":"Blue Candle"},{"floor":47,"key":"Unceasing Top"}],"event_choices":[],"is_beta":false,"boss_relics":[{"not_picked":["Snecko Eye","Velvet Choker"],"picked":"Calling Bell"},{"not_picked":["Cursed Key","Black Star"],"picked":"StoneMask"}],"items_purged_floors":[12,22,39,44],"is_endless":false,"potions_floor_spawned":[8,13,16,24,29,33,36,37,37,47,50],"ascension_level":0}}