{"host":"u0ul4tg7h190tzjo","time":1608339283,"event":{"mods":["AchievementEnabler","Act Like it!","Aspiration","BaseMod","Beaked The Cultist","Better Altar","Better Note","Better Sensory Stone","Better Skull","Better Third Choice","Colored Powertips","Conspire","Downfall","Energized Spire","GifTheSpireLib","Hubris","Minty Spire (QoL Compilation)","Rare Cards Sparkle","Shop Mod","Spikes Relics","StSLib","Stuff the Spire","The Fake Hero","vexMod"],"gold_per_floor":[500,516,527,452,468,468,468,468,479,509,509,522,91,110,126,126,126],"floor_reached":16,"playtime":1468,"items_purged":["luka_mod:Surrender"],"score":104,"play_id":"0e59eab9-1541-4b19-8f42-69260f4fa3d6","local_time":"20201218195443","is_ascension_mode":false,"campfire_choices":[{"floor":1,"key":"RECALL"},{"data":"luka_mod:Edging","floor":4,"key":"SMITH"},{"data":"luka_mod:DeathSwordChaosStar","floor":6,"key":"SMITH"}],"circlet_count":0,"master_deck":["luka_mod:StrikeLukaOne","luka_mod:StrikeLukaTwo","luka_mod:StrikeLukaThree","luka_mod:StrikeLukaFour","luka_mod:StrikeLukaFive","luka_mod:StrikeLukaSix","luka_mod:Salt","luka_mod:Guard","luka_mod:Wait","luka_mod:Edging+1","luka_mod:FlailWildly","luka_mod:Meditation","luka_mod:ThunderThrust","luka_mod:EndlessGuard","luka_mod:DeathSwordChaosStar+1","luka_mod:FlashKill","luka_mod:Undine","luka_mod:Undine","luka_mod:HeroicStrike"],"relics":["luka_mod:KeepsakeRing","downfall:HeartBlessingRed","hubris:Towel","Bag of Preparation","RetroEgg"],"acts_visited":["Exordium"],"potions_floor_usage":[5,10,15,16],"damage_taken":[{"damage":7,"enemies":"2 Louse","floor":2,"turns":3},{"damage":7,"enemies":"Small Slimes","floor":3,"turns":3},{"damage":11,"enemies":"Jaw Worm","floor":5,"turns":2},{"damage":9,"enemies":"2 Fungi Beasts","floor":9,"turns":3},{"damage":20,"enemies":"3 Sentries","floor":10,"turns":6},{"damage":6,"enemies":"Red Slaver","floor":12,"turns":6},{"damage":2,"enemies":"downfall:FleeingMerchant","floor":13,"turns":4},{"damage":0,"enemies":"Blue Slaver","floor":14,"turns":3},{"damage":0,"enemies":"Large Slime","floor":15,"turns":2},{"damage":90,"enemies":"downfall:Ironclad","floor":16,"turns":13}],"seed_played":"-6789489414035334746","potions_obtained":[{"floor":2,"key":"PowerPotion"},{"floor":9,"key":"CultistPotion"},{"floor":12,"key":"LiquidMemories"},{"floor":15,"key":"PowerPotion"}],"is_trial":false,"path_per_floor":["R","M","M","R","M","R","T","?","M","E","?","M","$","M","M","B"],"character_chosen":"LUKA_CLASS","items_purchased":["RetroEgg","luka_mod:Undine"],"campfire_rested":0,"item_purchase_floors":[13,13],"current_hp_per_floor":[44,37,44,44,33,33,33,33,24,5,10,27,44,44,44,0,0],"gold":126,"neow_bonus":"TEN_PERCENT_HP_BONUS","is_daily":false,"chose_seed":false,"campfire_upgraded":2,"win_rate":0.0,"timestamp":1608339283,"path_taken":["R","M","M","R","M","R","T","?","M","E","?","M","?","?","M","BOSS"],"items_purchased_type":["Relic","Card"],"build_version":"2020-12-13","purchased_purges":1,"victory":false,"max_hp_per_floor":[44,44,44,44,44,44,44,44,44,46,46,46,46,46,46,46,46],"card_choices":[{"not_picked":["luka_mod:Cutscene","luka_mod:WaterSlash"],"picked":"luka_mod:ThunderThrust","floor":2},{"not_picked":["luka_mod:ThunderThrust","luka_mod:DemonDecapitation"],"picked":"luka_mod:EndlessGuard","floor":3},{"not_picked":["luka_mod:Overexert","luka_mod:RestrictedStrike"],"picked":"luka_mod:DeathSwordChaosStar","floor":5},{"not_picked":["luka_mod:RestrictedStrike","luka_mod:Request","luka_mod:PerfectTiming"],"picked":"SKIP","floor":9},{"not_picked":["luka_mod:Determination","luka_mod:WaterSlash"],"picked":"luka_mod:FlashKill","floor":10},{"not_picked":["luka_mod:WindSlash","luka_mod:NotVerySharp","luka_mod:Intense"],"picked":"SKIP","floor":12},{"not_picked":["luka_mod:GuardedStrike","luka_mod:AlmaElma"],"picked":"luka_mod:Undine","floor":13},{"not_picked":["luka_mod:ThunderThrust","luka_mod:GuardedStrike","luka_mod:IliasesJudgement"],"picked":"SKIP","floor":14},{"not_picked":["luka_mod:FireSlash","luka_mod:Sylph"],"picked":"luka_mod:HeroicStrike","floor":15}],"player_experience":169329,"relics_obtained":[{"floor":10,"key":"Bag of Preparation"}],"event_choices":[],"is_beta":false,"boss_relics":[],"items_purged_floors":[13],"is_endless":false,"potions_floor_spawned":[2,9,12,15],"killed_by":"downfall:Ironclad","ascension_level":0}}