{"host":"xcuflocadasoaqda","time":1608416282,"event":{"mods":["BaseMod","Bestiary","Filter the Spire","Minty Spire (QoL Compilation)","Relic Stats"],"gold_per_floor":[110,185,201,215,46,74,74,89,89,109,144,144,144,159,159,233,233,252,267,31,45,45,45,45,45],"floor_reached":24,"playtime":1534,"items_purged":[],"score":416,"play_id":"c9ce4202-4229-4f86-bc1e-80264a7efbdd","local_time":"20201219161802","is_ascension_mode":true,"campfire_choices":[{"data":"Buffer","floor":7,"key":"SMITH"},{"data":"Buffer","floor":12,"key":"SMITH"},{"data":"Self Repair","floor":15,"key":"SMITH"},{"data":"Double Energy","floor":23,"key":"SMITH"}],"circlet_count":0,"master_deck":["AscendersBane","Zap","Dualcast","Amplify","Buffer+1","Go for the Eyes","Steam","Buffer+1","Self Repair+1","Compile Driver","Leap","Gash","Doom and Gloom","Genetic Algorithm","Glacier","Genetic Algorithm","Sweeping Beam","Meteor Strike","Meteor Strike","Double Energy+1","Capacitor","Turbo","Ghostly","Ghostly","Ghostly"],"relics":["Pandora\u0027s Box","Ornamental Fan","Sundial","Akabeko","WingedGreaves","Empty Cage","DataDisk"],"acts_visited":["Exordium","TheCity"],"potions_floor_usage":[10,11,11],"damage_taken":[{"damage":0,"enemies":"Jaw Worm","floor":1,"turns":5},{"damage":0,"enemies":"Small Slimes","floor":3,"turns":3},{"damage":7,"enemies":"2 Louse","floor":4,"turns":4},{"damage":20,"enemies":"Lagavulin","floor":6,"turns":8},{"damage":0,"enemies":"Blue Slaver","floor":8,"turns":5},{"damage":0,"enemies":"Looter","floor":10,"turns":4},{"damage":12,"enemies":"3 Sentries","floor":11,"turns":10},{"damage":10,"enemies":"3 Louse","floor":14,"turns":5},{"damage":20,"enemies":"Slime Boss","floor":16,"turns":12},{"damage":0,"enemies":"Spheric Guardian","floor":18,"turns":5},{"damage":39,"enemies":"3 Byrds","floor":19,"turns":9},{"damage":50,"enemies":"Shelled Parasite and Fungi","floor":21,"turns":7},{"damage":16,"enemies":"Slavers","floor":24,"turns":6}],"seed_played":"-1977383080482162962","potions_obtained":[{"floor":4,"key":"SteroidPotion"},{"floor":6,"key":"EssenceOfSteel"},{"floor":10,"key":"Dexterity Potion"},{"floor":11,"key":"FearPotion"},{"floor":21,"key":"SpeedPotion"}],"is_trial":false,"path_per_floor":["M","?","M","M","$","E","R","M","T","M","E","R","?","M","R","B",null,"M","M","$","M","?","R","E"],"character_chosen":"DEFECT","items_purchased":["Doom and Gloom","Genetic Algorithm","DataDisk","Capacitor"],"campfire_rested":0,"item_purchase_floors":[5,5,20,20],"current_hp_per_floor":[71,60,67,67,67,61,61,71,71,71,66,66,55,52,52,42,64,71,52,52,12,12,12,0,0],"gold":45,"neow_bonus":"BOSS_RELIC","is_daily":false,"chose_seed":false,"campfire_upgraded":4,"win_rate":0.0,"timestamp":1608416282,"path_taken":["M","?","M","M","$","E","R","M","T","M","E","R","?","M","R","BOSS","M","M","$","M","?","R","E"],"items_purchased_type":["Card","Card","Relic","Card"],"build_version":"2020-12-13","purchased_purges":0,"victory":false,"max_hp_per_floor":[71,71,71,71,71,71,71,71,71,71,71,71,71,71,71,71,71,71,71,71,71,35,35,35,35],"relic_stats":{"counters":[13,83],"Ornamental Fan":[20],"Sundial":[8],"Pandora\u0027s Box":["Amplify","Buffer","Go for the Eyes","Steam","Buffer","Steam Power","Self Repair","Steam Power"],"obtain_stats":[{"DataDisk":20,"Ornamental Fan":6,"Sundial":9,"Pandora\u0027s Box":0,"WingedGreaves":13,"Cracked Core":0,"Empty Cage":17,"Akabeko":11},{"DataDisk":11,"Ornamental Fan":4,"Sundial":5,"Pandora\u0027s Box":0,"WingedGreaves":7,"Cracked Core":0,"Empty Cage":9,"Akabeko":7},{"DataDisk":70,"Ornamental Fan":20,"Sundial":25,"Pandora\u0027s Box":0,"WingedGreaves":39,"Cracked Core":0,"Empty Cage":56,"Akabeko":39}]},"card_choices":[{"not_picked":["Redo","Storm"],"picked":"Compile Driver","floor":1},{"not_picked":["Redo","Hello World"],"picked":"Leap","floor":3},{"not_picked":["Turbo","Coolheaded"],"picked":"Gash","floor":4},{"not_picked":["Go for the Eyes","Force Field"],"picked":"Glacier","floor":6},{"not_picked":["Compile Driver","Redo"],"picked":"Genetic Algorithm","floor":8},{"not_picked":["Hyperbeam","Barrage","Chaos"],"picked":"SKIP","floor":10},{"not_picked":["Conserve Battery","Beam Cell"],"picked":"Sweeping Beam","floor":11},{"not_picked":["Sunder","Steam Power"],"picked":"Meteor Strike","floor":14},{"not_picked":["Seek","Core Surge"],"picked":"Meteor Strike","floor":16},{"not_picked":["Barrage","Streamline"],"picked":"Double Energy","floor":18},{"not_picked":["Cold Snap+1","Beam Cell","Streamline"],"picked":"SKIP","floor":19},{"not_picked":["Go for the Eyes","Self Repair+1"],"picked":"Turbo","floor":21}],"player_experience":1766696,"relics_obtained":[{"floor":6,"key":"Ornamental Fan"},{"floor":9,"key":"Sundial"},{"floor":11,"key":"Akabeko"}],"event_choices":[{"damage_healed":0,"gold_gain":75,"player_choice":"Gather Gold","damage_taken":11,"max_hp_gain":0,"max_hp_loss":0,"event_name":"World of Goop","floor":2,"gold_loss":0},{"damage_healed":0,"gold_gain":0,"player_choice":"Success","damage_taken":11,"relics_obtained":["WingedGreaves"],"max_hp_gain":0,"max_hp_loss":0,"event_name":"Scrap Ooze","floor":13,"gold_loss":0},{"damage_healed":0,"gold_gain":0,"player_choice":"Became a Ghost","damage_taken":0,"max_hp_gain":0,"max_hp_loss":36,"event_name":"Ghosts","floor":22,"gold_loss":0,"cards_obtained":["Ghostly","Ghostly","Ghostly"]}],"is_beta":false,"boss_relics":[{"not_picked":["Tiny House","Velvet Choker"],"picked":"Empty Cage"}],"items_purged_floors":[],"is_endless":false,"potions_floor_spawned":[4,6,10,11,21],"killed_by":"Slavers","ascension_level":20}}