{"host":"12piqfhmdln9x2la","time":1608399552,"event":{"mods":["2.2 Compatiblity","AchievementEnabler","BaseMod","BetterRewards","Colored Powertips","Minty Spire (QoL Compilation)","Quick Restart","SuperFastMode"],"gold_per_floor":[118,68,143,160,335,335,364,364,364,375,73,88,117,136,136,136,136],"floor_reached":16,"playtime":214,"items_purged":["Strike_B"],"score":135,"play_id":"e2b4f1ac-fb91-4ab7-bbae-7f3dcc4c4d87","local_time":"20201220023912","is_ascension_mode":false,"campfire_choices":[{"data":"FTL","floor":6,"key":"SMITH"},{"data":"Machine Learning","floor":8,"key":"SMITH"},{"data":"Defragment","floor":15,"key":"SMITH"}],"circlet_count":0,"master_deck":["Strike_B+1","Strike_B+1","Defend_B","Defend_B","Defend_B","Defend_B","Zap","Dualcast","Tempest","FTL+1","Doubt","Machine Learning+1","Static Discharge","Compile Driver","Conserve Battery","Defragment+1","Barrage"],"relics":["Cracked Core","NeowsBlessing","Whetstone","Ice Cream","PreservedInsect","Orichalcum"],"acts_visited":["Exordium"],"potions_floor_usage":[16,16,16],"damage_taken":[{"damage":0,"enemies":"2 Louse","floor":1,"turns":1},{"damage":0,"enemies":"Jaw Worm","floor":4,"turns":1},{"damage":0,"enemies":"Lagavulin","floor":7,"turns":1},{"damage":5,"enemies":"Small Slimes","floor":10,"turns":3},{"damage":9,"enemies":"Red Slaver","floor":12,"turns":4},{"damage":28,"enemies":"Gremlin Nob","floor":13,"turns":4},{"damage":11,"enemies":"3 Louse","floor":14,"turns":3},{"damage":11,"enemies":"The Guardian","floor":16,"turns":4}],"seed_played":"-284202692578398720","potions_obtained":[{"floor":1,"key":"Dexterity Potion"},{"floor":10,"key":"Swift Potion"},{"floor":14,"key":"CultistPotion"}],"is_trial":false,"path_per_floor":["M","?","?","M","?","R","E","R","T","M","$","M","E","M","R","B"],"character_chosen":"DEFECT","items_purchased":["PreservedInsect","Compile Driver","Conserve Battery"],"campfire_rested":0,"item_purchase_floors":[11,11,11],"current_hp_per_floor":[75,75,64,64,64,64,64,64,64,59,59,50,22,11,11,0,0],"gold":136,"neow_bonus":"THREE_ENEMY_KILL","is_daily":false,"chose_seed":false,"campfire_upgraded":3,"win_rate":0.0,"timestamp":1608399552,"path_taken":["M","?","?","M","?","R","E","R","T","M","$","M","E","M","R","BOSS"],"items_purchased_type":["Relic","Card","Card"],"build_version":"2020-12-13","purchased_purges":1,"victory":false,"max_hp_per_floor":[75,75,75,75,75,75,75,75,75,75,75,75,75,75,75,75,75],"card_choices":[{"not_picked":["Steam","Gash"],"picked":"Tempest","floor":1},{"not_picked":["Gash","Tempest"],"picked":"FTL","floor":4},{"not_picked":["Barrage","Streamline"],"picked":"Machine Learning","floor":7},{"not_picked":["Aggregate","Reprogram"],"picked":"Static Discharge","floor":10},{"not_picked":["Genetic Algorithm","Rebound"],"picked":"Defragment","floor":12},{"not_picked":["Leap","Rebound","Reinforced Body"],"picked":"SKIP","floor":13},{"not_picked":["Fusion","Rebound"],"picked":"Barrage","floor":14}],"player_experience":106744,"relics_obtained":[{"floor":7,"key":"Whetstone"},{"floor":9,"key":"Ice Cream"},{"floor":13,"key":"Orichalcum"}],"event_choices":[{"cards_removed":["Strike_B"],"damage_healed":0,"gold_gain":0,"player_choice":"Card Removal","damage_taken":0,"max_hp_gain":0,"max_hp_loss":0,"event_name":"The Cleric","floor":2,"gold_loss":50},{"damage_healed":0,"gold_gain":75,"player_choice":"Gather Gold","damage_taken":11,"max_hp_gain":0,"max_hp_loss":0,"event_name":"World of Goop","floor":3,"gold_loss":0},{"damage_healed":0,"gold_gain":175,"player_choice":"AGREE","damage_taken":0,"max_hp_gain":0,"max_hp_loss":0,"event_name":"Liars Game","floor":5,"gold_loss":0,"cards_obtained":["Doubt"]}],"is_beta":false,"boss_relics":[],"items_purged_floors":[11],"is_endless":false,"potions_floor_spawned":[1,10,14],"killed_by":"The Guardian","ascension_level":0}}