{"host":"dvpvhz1t6etneyb3","time":1608402106,"event":{"mods":["AchievementEnabler","BaseMod","Colored Map","Highlight Path","Minty Spire (QoL Compilation)","Permanent Neow","Quick Restart"],"gold_per_floor":[110,128,146,146,160,160,187,187,214,214,225,281,281,312,312,383,383,383,383,383,383,51,51,51,51,51,51,51,51,51,51,51,51,51],"floor_reached":33,"playtime":1607,"items_purged":[],"score":582,"play_id":"79356c7d-dfb4-428e-b236-401a8288a5d2","local_time":"20201219132146","is_ascension_mode":true,"campfire_choices":[{"data":"Carnage","floor":6.0,"key":"SMITH"},{"data":"Rampage","floor":8.0,"key":"SMITH"},{"data":"True Grit","floor":10.0,"key":"SMITH"},{"floor":15.0,"key":"REST"},{"data":"Berserk","floor":23.0,"key":"SMITH"},{"data":"Fire Breathing","floor":25.0,"key":"SMITH"},{"data":"Evolve","floor":28.0,"key":"SMITH"},{"data":"Spot Weakness","floor":30.0,"key":"SMITH"},{"data":"Feel No Pain","floor":32.0,"key":"SMITH"}],"circlet_count":0,"master_deck":["AscendersBane","Strike_R","Strike_R","Strike_R","Strike_R","Defend_R","Defend_R","Defend_R","Defend_R","Bash+1","Headbutt","Rampage+1","Carnage+1","True Grit+1","Burning Pact","Pommel Strike","Berserk+1","Immolate","Second Wind","Feel No Pain+1","Evolve+1","Fire Breathing+1","Spot Weakness+1","Shrug It Off"],"relics":["Burning Blood","Potion Belt","Art of War","Bronze Scales","FossilizedHelix","Ectoplasm","Bird Faced Urn","Mango","Shovel","Bag of Marbles"],"acts_visited":["Exordium","TheCity"],"potions_floor_usage":[33],"damage_taken":[{"damage":3.0,"enemies":"2 Louse","floor":1.0,"turns":4.0},{"damage":2.0,"enemies":"Cultist","floor":2.0,"turns":4.0},{"damage":3.0,"enemies":"Small Slimes","floor":3.0,"turns":3.0},{"damage":12.0,"enemies":"Looter","floor":5.0,"turns":3.0},{"damage":30.0,"enemies":"Lagavulin","floor":7.0,"turns":4.0},{"damage":6.0,"enemies":"Blue Slaver","floor":11.0,"turns":4.0},{"damage":19.0,"enemies":"3 Sentries","floor":12.0,"turns":7.0},{"damage":26.0,"enemies":"3 Sentries","floor":14.0,"turns":8.0},{"damage":24.0,"enemies":"The Guardian","floor":16.0,"turns":9.0},{"damage":7.0,"enemies":"Shell Parasite","floor":18.0,"turns":3.0},{"damage":0.0,"enemies":"3 Byrds","floor":21.0,"turns":3.0},{"damage":24.0,"enemies":"Slavers","floor":24.0,"turns":4.0},{"damage":28.0,"enemies":"Gremlin Leader","floor":27.0,"turns":6.0},{"damage":0.0,"enemies":"Shelled Parasite and Fungi","floor":29.0,"turns":2.0},{"damage":69,"enemies":"Champ","floor":33,"turns":10}],"seed_played":"5333570486046675613","potions_obtained":[{"floor":2.0,"key":"LiquidMemories"},{"floor":5.0,"key":"SpeedPotion"},{"floor":11.0,"key":"Dexterity Potion"},{"floor":16.0,"key":"Block Potion"},{"floor":20.0,"key":"Block Potion"},{"floor":20.0,"key":"ColorlessPotion"},{"floor":21.0,"key":"SteroidPotion"},{"floor":27.0,"key":"Fire Potion"}],"is_trial":false,"path_per_floor":["M","M","M","?","M","R","E","R","T","R","M","?","?","E","R","B",null,"M","?","?","M","$","R","E","R","T","E","R","M","R","?","R","B"],"character_chosen":"IRONCLAD","items_purchased":["Bird Faced Urn"],"campfire_rested":1,"item_purchase_floors":[22],"current_hp_per_floor":[71,75,75,75,69,69,45,45,45,45,45,32,32,12,34,16,60,59,59,59,65,65,65,65,65,65,49,49,55,55,55,55,0,0],"gold":51,"neow_bonus":"UPGRADE_CARD","is_daily":false,"chose_seed":false,"campfire_upgraded":8,"win_rate":0.0,"timestamp":1608402106,"path_taken":["M","M","M","?","M","R","E","R","T","R","?","?","?","E","R","BOSS","M","?","?","M","$","R","E","R","T","E","R","?","R","?","R","BOSS"],"items_purchased_type":["Relic"],"build_version":"2020-12-13","purchased_purges":0,"victory":false,"max_hp_per_floor":[75,75,75,75,75,75,75,75,75,75,75,75,75,75,75,75,75,75,75,75,75,75,75,89,89,89,89,89,89,89,89,89,89,89],"card_choices":[{"not_picked":["Heavy Blade","Perfected Strike"],"picked":"Headbutt","floor":1.0},{"not_picked":["Rupture","Havoc","Heavy Blade"],"picked":"SKIP","floor":2.0},{"not_picked":["Thunderclap","Sword Boomerang"],"picked":"Rampage","floor":3.0},{"not_picked":["Cleave","Hemokinesis"],"picked":"Carnage","floor":5.0},{"not_picked":["Pummel","Cleave"],"picked":"True Grit","floor":7.0},{"not_picked":["Armaments","Flame Barrier"],"picked":"Burning Pact","floor":11.0},{"not_picked":["Dual Wield","Bloodletting"],"picked":"Pommel Strike","floor":12.0},{"not_picked":["Carnage","Headbutt"],"picked":"Berserk","floor":14.0},{"not_picked":["Barricade","Reaper"],"picked":"Immolate","floor":16.0},{"not_picked":["Entrench","Flex"],"picked":"Second Wind","floor":18.0},{"not_picked":["Headbutt","Cleave"],"picked":"Evolve","floor":21.0},{"not_picked":["Clash","Cleave"],"picked":"Fire Breathing","floor":24.0},{"not_picked":["Anger","Armaments"],"picked":"Spot Weakness","floor":27.0},{"not_picked":["Havoc","Pommel Strike"],"picked":"Shrug It Off","floor":29.0}],"player_experience":1906300,"relics_obtained":[{"floor":7.0,"key":"Potion Belt"},{"floor":9.0,"key":"Art of War"},{"floor":14.0,"key":"FossilizedHelix"},{"floor":24.0,"key":"Mango"},{"floor":26.0,"key":"Shovel"},{"floor":27.0,"key":"Bag of Marbles"}],"event_choices":[{"cards_removed":["Strike_R"],"damage_healed":0.0,"max_hp_gain":0.0,"max_hp_loss":0.0,"gold_gain":0.0,"event_name":"Bonfire Elementals","player_choice":"Offered Basic","floor":4.0,"gold_loss":0.0,"damage_taken":0.0},{"damage_healed":0.0,"max_hp_gain":0.0,"max_hp_loss":0.0,"gold_gain":30.0,"event_name":"Dead Adventurer","player_choice":"Searched \u00273\u0027 times","floor":12.0,"gold_loss":0.0,"damage_taken":0.0,"relics_obtained":["Bronze Scales"]},{"damage_healed":0.0,"max_hp_gain":0.0,"max_hp_loss":0.0,"gold_gain":0.0,"event_name":"Liars Game","player_choice":"Ignored","floor":13.0,"gold_loss":0.0,"damage_taken":0.0},{"damage_healed":0.0,"max_hp_gain":0.0,"max_hp_loss":0.0,"gold_gain":0.0,"event_name":"The Library","player_choice":"Read","floor":19.0,"gold_loss":0.0,"damage_taken":0.0,"cards_obtained":["Feel No Pain"]},{"damage_healed":0.0,"max_hp_gain":0.0,"max_hp_loss":0.0,"gold_gain":0.0,"event_name":"Lab","player_choice":"Got Potions","floor":20.0,"gold_loss":0.0,"damage_taken":0.0},{"damage_healed":0.0,"max_hp_gain":0.0,"max_hp_loss":0.0,"gold_gain":0.0,"event_name":"Ghosts","player_choice":"Ignored","floor":31.0,"gold_loss":0.0,"damage_taken":0.0}],"is_beta":false,"boss_relics":[{"not_picked":["Black Blood","Runic Pyramid"],"picked":"Ectoplasm"}],"items_purged_floors":[],"is_endless":false,"potions_floor_spawned":[2,5,11,16,21,27],"killed_by":"Champ","ascension_level":20}}