{"host":"7yyoe0ei0fseceei","time":1608391563,"event":{"mods":["BaseMod","Colored Map","Highlight Path","Minty Spire (QoL Compilation)","Quick Restart"],"gold_per_floor":[99,99,99,99,99,99,99,99,99,99,64,64,64,64,64,64,64],"floor_reached":16,"playtime":733,"items_purged":[],"score":228,"play_id":"f786bfa5-52ee-461b-a0a1-9b3c7c288ac5","local_time":"20201219162603","is_ascension_mode":true,"campfire_choices":[{"data":"Blade Dance","floor":6.0,"key":"SMITH"},{"data":"Terror","floor":10,"key":"SMITH"},{"floor":15,"key":"REST"}],"circlet_count":0,"master_deck":["AscendersBane","Strike_G","Strike_G","Strike_G","Strike_G","Strike_G","Defend_G","Defend_G","Defend_G","Defend_G","Defend_G","Survivor","Neutralize","Terror+1","Well Laid Plans","Underhanded Strike","Leg Sweep","Blade Dance+1","Quick Slash","Backstab","Acrobatics"],"relics":["Ectoplasm","Bottled Flame","Orichalcum","Paper Crane"],"acts_visited":["Exordium"],"potions_floor_usage":[7,13,13],"damage_taken":[{"damage":2.0,"enemies":"Jaw Worm","floor":1.0,"turns":5.0},{"damage":2.0,"enemies":"2 Louse","floor":2.0,"turns":3.0},{"damage":5.0,"enemies":"Cultist","floor":3.0,"turns":4.0},{"damage":10.0,"enemies":"Large Slime","floor":4.0,"turns":6.0},{"damage":13.0,"enemies":"Gremlin Gang","floor":5.0,"turns":7.0},{"damage":9,"enemies":"Lagavulin","floor":7,"turns":8},{"damage":0,"enemies":"2 Fungi Beasts","floor":8,"turns":2},{"damage":0,"enemies":"3 Louse","floor":12,"turns":3},{"damage":7,"enemies":"3 Sentries","floor":13,"turns":5},{"damage":46,"enemies":"Slime Boss","floor":16,"turns":7}],"seed_played":"2360712382402353100","potions_obtained":[{"floor":2.0,"key":"DuplicationPotion"},{"floor":3.0,"key":"ColorlessPotion"},{"floor":5.0,"key":"Weak Potion"},{"floor":7,"key":"SteroidPotion"}],"is_trial":false,"path_per_floor":["M","M","M","M","M","R","E","M","T","R","?","M","E","?","R","B"],"character_chosen":"THE_SILENT","items_purchased":[],"campfire_rested":1,"item_purchase_floors":[],"current_hp_per_floor":[57,55,50,40,27,27,18,18,18,18,34,34,27,27,46,0,0],"gold":64,"neow_bonus":"BOSS_RELIC","is_daily":false,"chose_seed":false,"campfire_upgraded":2,"win_rate":0.0,"timestamp":1608391563,"path_taken":["M","M","M","M","M","R","E","M","T","R","?","M","E","?","R","BOSS"],"items_purchased_type":[],"build_version":"2020-12-13","purchased_purges":0,"victory":false,"max_hp_per_floor":[66,66,66,66,66,66,66,66,66,66,66,66,66,66,66,66,66],"card_choices":[{"not_picked":["Poisoned Stab","Sucker Punch"],"picked":"Terror","floor":1.0},{"not_picked":["Backflip","Prepared"],"picked":"Well Laid Plans","floor":2.0},{"not_picked":["Reflex","Sucker Punch"],"picked":"Underhanded Strike","floor":3.0},{"not_picked":["Outmaneuver","Expertise"],"picked":"Leg Sweep","floor":4.0},{"not_picked":["Deadly Poison","Masterful Stab"],"picked":"Blade Dance","floor":5.0},{"not_picked":["Eviscerate","Flying Knee"],"picked":"Quick Slash","floor":7},{"not_picked":["Deflect","Doppelganger"],"picked":"Backstab","floor":8},{"not_picked":["Catalyst","Deadly Poison","Quick Slash"],"picked":"SKIP","floor":12},{"not_picked":["All Out Attack","Unload"],"picked":"Acrobatics","floor":13}],"player_experience":905314,"relics_obtained":[{"floor":7,"key":"Bottled Flame"},{"floor":9,"key":"Orichalcum"},{"floor":13,"key":"Paper Crane"}],"event_choices":[{"damage_healed":16,"gold_gain":0,"player_choice":"Healed","damage_taken":0,"max_hp_gain":0,"max_hp_loss":0,"event_name":"The Cleric","floor":11,"gold_loss":35},{"damage_healed":0,"gold_gain":0,"player_choice":"Ignored","damage_taken":0,"max_hp_gain":0,"max_hp_loss":0,"event_name":"Liars Game","floor":14,"gold_loss":0}],"is_beta":false,"boss_relics":[],"items_purged_floors":[],"is_endless":false,"potions_floor_spawned":[2,3,5,7],"killed_by":"Slime Boss","ascension_level":20}}