{"host":"hqvh779b89tfrjxy","time":1608390971,"event":{"mods":["Act Like it!","BaseMod","Better Third Choice","Downfall","Elementarium","Filter the Spire","GifTheSpireLib","Minty Spire (QoL Compilation)","Replay The Spire","Spicy Shops","StSLib"],"gold_per_floor":[111,111,124,141,161,192,205,205,205,233,298,298,39,64,64,161,161,181,181,181,198,216,242,242,273,273,289,299,330,330,70,70,174,174,234,270,308,378,415,415,443,443,443,499,182,231,231,231,231,231,231,231,11,44,44],"floor_reached":56,"playtime":6473,"items_purged":["Strike_P"],"score":2147,"play_id":"54bfa8c3-721b-42a2-a6b0-9867d9ff13cc","local_time":"20201219161611","is_ascension_mode":true,"campfire_choices":[{"data":"Eruption","floor":8.0,"key":"SMITH"},{"data":"Magnetism","floor":15.0,"key":"SMITH"},{"data":"Elementarium:EarthblessedBlade","floor":24.0,"key":"SMITH"},{"data":"Vigilance","floor":32.0,"key":"SMITH"},{"floor":40.0,"key":"RECALL"},{"data":"Wish","floor":42.0,"key":"SMITH"},{"data":"Discovery","floor":49.0,"key":"SMITH"},{"data":"Elementarium:VoidblessedBlade","floor":52.0,"key":"SMITH"}],"circlet_count":0,"master_deck":["Strike_P","Strike_P","Strike_P","Defend_P+1","Defend_P","Defend_P","Defend_P","Eruption+1","Vigilance+1","SignatureMove","Protect","DevaForm","Consecrate+1","Halt","EmptyBody","SpiritShield","ThirdEye","Magnetism+1","Omniscience","Elementarium:FireblessedBlade+1","Elementarium:WindblessedBlade","Elementarium:EarthblessedBlade+1","Elementarium:IceblessedBlade","Elementarium:VoidblessedBlade+1","Tantrum+1","Halt+1","Fasting2+1","Wish+1","EmptyFist+1","Discovery+1"],"relics":["PureWater","NeowsBlessing","Pen Nib","Yang","TungstenRod","Pear","ReplayTheSpireMod:Lightbulb","Snecko Eye","Snack Pack","Whetstone","Gremlin Horn","Tiny Chest","Molten Egg 2","Elementarium:ElementariumTrophy","Black Star","CaptainsWheel","Ancient Tea Set","Juzu Bracelet","Blood Vial","Iron Hammer","ReplayFunnel","White Beast Statue","Eternal Feather","Replay:Bottled Steam","Gremlin Food"],"acts_visited":["Exordium","Elementarium:Elementarium","TheBeyond","TheEnding"],"potions_floor_usage":[55,55],"damage_taken":[{"damage":0.0,"enemies":"Jaw Worm","floor":1.0,"turns":1.0},{"damage":0.0,"enemies":"Cultist","floor":3.0,"turns":1.0},{"damage":0.0,"enemies":"2 Louse","floor":4.0,"turns":1.0},{"damage":6.0,"enemies":"Looter","floor":5.0,"turns":2.0},{"damage":0.0,"enemies":"Lagavulin","floor":6.0,"turns":3.0},{"damage":3.0,"enemies":"Blue Slaver","floor":7.0,"turns":5.0},{"damage":8.0,"enemies":"Gremlin Nob","floor":10.0,"turns":3.0},{"damage":6.0,"enemies":"Hexaghost","floor":16.0,"turns":7.0},{"damage":0.0,"enemies":"Elementarium:2_ELEMENTALS","floor":18.0,"turns":7.0},{"damage":0.0,"enemies":"Elementarium:VoidCorruption","floor":21.0,"turns":3.0},{"damage":0.0,"enemies":"Elementarium:CYCLONE_AND_ORB_OF_FIRE","floor":22.0,"turns":5.0},{"damage":2.0,"enemies":"Elementarium:FIRE_NOBILITY","floor":23.0,"turns":6.0},{"damage":0.0,"enemies":"Elementarium:ElementalPortal","floor":25.0,"turns":6.0},{"damage":0.0,"enemies":"Elementarium:STONE_GOLEMS","floor":27.0,"turns":4.0},{"damage":0.0,"enemies":"Elementarium:CYCLONE_AND_LIVING_STORMCLOUD","floor":28.0,"turns":3.0},{"damage":12.0,"enemies":"Elementarium:FIRE_NOBILITY","floor":29.0,"turns":7.0},{"damage":0.0,"enemies":"Elementarium:GoldenDragon","floor":33.0,"turns":6.0},{"damage":2.0,"enemies":"3 Shapes","floor":35.0,"turns":4.0},{"damage":0.0,"enemies":"Orb Walker","floor":36.0,"turns":4.0},{"damage":0.0,"enemies":"Spire Growth","floor":37.0,"turns":6.0},{"damage":6.0,"enemies":"2 Orb Walkers","floor":38.0,"turns":4.0},{"damage":11.0,"enemies":"Jaw Worm Horde","floor":39.0,"turns":5.0},{"damage":0.0,"enemies":"Reptomancer","floor":41.0,"turns":2.0},{"damage":0.0,"enemies":"R_Hoarder","floor":44.0,"turns":5.0},{"damage":0.0,"enemies":"Sphere and 2 Shapes","floor":46.0,"turns":3.0},{"damage":0.0,"enemies":"Awakened One","floor":50.0,"turns":5.0},{"damage":30.0,"enemies":"Shield and Spear","floor":54.0,"turns":3.0},{"damage":1,"enemies":"The Heart","floor":55,"turns":8}],"seed_played":"-1694897905188987559","potions_obtained":[{"floor":1.0,"key":"SkillPotion"},{"floor":2.0,"key":"Adrenaline Potion"},{"floor":2.0,"key":"LiquidMemories"},{"floor":27.0,"key":"Strength Potion"},{"floor":46.0,"key":"sneckomod:MuddlingPotion"},{"floor":54.0,"key":"Explosive Potion"}],"is_trial":false,"path_per_floor":["M","?","M","M","M","E","M","R","T","E","?","?","$","T","R","B",null,"M","?","?","M","M","E","R","E","T","M","M","E","?","$","R","B",null,"M","M","M","?","M","R","E","R","T","E","$","M","?","T","R","B",null,"R","$","E","B",null],"character_chosen":"WATCHER","items_purchased":["Magnetism","Molten Egg 2","ReplayFunnel","Discovery","champ:CounterPotion","Eternal Feather","Weak Potion"],"campfire_rested":0,"item_purchase_floors":[13,31,45,45,53,53,53],"current_hp_per_floor":[65,65,65,65,59,59,56,56,56,48,41,41,41,41,41,43,72,72,72,50,50,50,48,48,50,50,50,50,42,42,42,42,48,50,48,50,50,46,37,37,39,39,39,45,45,49,49,49,49,50,50,50,50,24,29],"gold":44,"neow_bonus":"THREE_ENEMY_KILL","is_daily":false,"chose_seed":false,"campfire_upgraded":7,"win_rate":0.0,"timestamp":1608390971,"path_taken":["M","?","M","?","?","E","M","R","T","E","?","?","$","?","R","BOSS","M","?","?","M","M","E","R","E","T","M","M","E","?","$","R","BOSS","M","M","M","?","M","R","E","R","T","E","$","M","?","?","R","BOSS","R","$","E","BOSS"],"items_purchased_type":["Card","Relic","Relic","Card","Potion","Relic","Potion"],"build_version":"2020-12-13","purchased_purges":1,"victory":true,"max_hp_per_floor":[72,72,72,72,72,72,72,72,72,72,82,82,82,82,82,82,82,82,82,50,50,50,50,50,50,50,50,50,50,50,50,50,50,50,50,50,50,50,50,50,50,50,50,50,50,50,50,50,50,50,50,50,50,50,50],"card_choices":[{"not_picked":["Replay:DivineShield","EmptyFist"],"picked":"SignatureMove","floor":1.0},{"not_picked":["Pray","Replay:Battleflow","Replay:BluntJabs"],"picked":"SKIP","floor":3.0},{"not_picked":["Crescendo","Replay:DivineShield"],"picked":"Protect","floor":4.0},{"not_picked":["FollowUp","ForeignInfluence"],"picked":"DevaForm","floor":5.0},{"not_picked":["FlyingSleeves","ClearTheMind"],"picked":"Consecrate","floor":6.0},{"not_picked":["PathToVictory","Evaluate"],"picked":"Halt","floor":7.0},{"not_picked":["FollowUp","Protect"],"picked":"EmptyBody","floor":10.0},{"not_picked":["CutThroughFate","SashWhip"],"picked":"SpiritShield","floor":11.0},{"not_picked":["Protect","Halt"],"picked":"ThirdEye","floor":11.0},{"not_picked":["Replay:LoomingThreat","Scrawl"],"picked":"Omniscience","floor":16.0},{"not_picked":["Consecrate","ClearTheMind","WreathOfFlame"],"picked":"SKIP","floor":18.0},{"not_picked":["Replay:BluntJabs","FlyingSleeves"],"picked":"Tantrum","floor":21.0},{"not_picked":["Adaptation","Halt+1","EmptyBody"],"picked":"SKIP","floor":22.0},{"not_picked":["Replay:DivineShield+1","Collect","BowlingBash+1"],"picked":"SKIP","floor":23.0},{"not_picked":["Crescendo+1","BowlingBash+1"],"picked":"Halt+1","floor":25.0},{"not_picked":["LessonLearned","ThirdEye","Replay:ManipulateFuture"],"picked":"SKIP","floor":27.0},{"not_picked":["ClearTheMind+1","Replay:Battleflow","Meditate"],"picked":"SKIP","floor":28.0},{"not_picked":["EmptyMind+1","Replay:ManipulateFuture"],"picked":"Fasting2+1","floor":29.0},{"not_picked":["Replay:AllIn","DeusExMachina"],"picked":"Wish","floor":33.0},{"not_picked":["Collect+1","EmptyMind","Halt"],"picked":"SKIP","floor":35.0},{"not_picked":["JustLucky+1","CrushJoints+1","BattleHymn"],"picked":"SKIP","floor":36.0},{"not_picked":["CrushJoints+1","Weave+1","FlurryOfBlows+1"],"picked":"SKIP","floor":37.0},{"not_picked":["Study+1","JustLucky+1"],"picked":"EmptyFist+1","floor":39.0},{"not_picked":["WaveOfTheHand","Replay:Cycle","FlurryOfBlows+1"],"picked":"SKIP","floor":41.0},{"not_picked":["Sanctity+1","BowlingBash+1","Wireheading"],"picked":"SKIP","floor":44.0},{"not_picked":["Crescendo","Conclude+1","WreathOfFlame"],"picked":"SKIP","floor":46.0},{"not_picked":["Replay:Anticipation","Replay:Battleflow+1","Tantrum+1"],"picked":"SKIP","floor":54.0}],"player_experience":137998,"relics_obtained":[{"floor":6.0,"key":"Pen Nib"},{"floor":9.0,"key":"Yang"},{"floor":10.0,"key":"TungstenRod"},{"floor":11.0,"key":"Pear"},{"floor":14.0,"key":"ReplayTheSpireMod:Lightbulb"},{"floor":23.0,"key":"Snack Pack"},{"floor":25.0,"key":"Whetstone"},{"floor":26.0,"key":"Gremlin Horn"},{"floor":29.0,"key":"Tiny Chest"},{"floor":38.0,"key":"CaptainsWheel"},{"floor":41.0,"key":"Ancient Tea Set"},{"floor":41.0,"key":"Juzu Bracelet"},{"floor":44.0,"key":"Blood Vial"},{"floor":44.0,"key":"Iron Hammer"},{"floor":48.0,"key":"White Beast Statue"},{"floor":54.0,"key":"Replay:Bottled Steam"},{"floor":54.0,"key":"Gremlin Food"}],"event_choices":[{"damage_healed":0.0,"max_hp_gain":0.0,"max_hp_loss":0.0,"gold_gain":0.0,"event_name":"Lab","player_choice":"Got Potions","floor":2.0,"gold_loss":0.0,"damage_taken":0.0},{"damage_healed":0.0,"max_hp_gain":0.0,"max_hp_loss":0.0,"gold_gain":0.0,"event_name":"betterThird:BetterSerpent","player_choice":"Ignored","floor":12.0,"gold_loss":0.0,"damage_taken":298.0},{"damage_healed":0.0,"max_hp_gain":0.0,"max_hp_loss":0.0,"gold_gain":0.0,"event_name":"Elementarium:VoidShrine","player_choice":"Pray","floor":19.0,"gold_loss":0.0,"damage_taken":0.0,"cards_upgraded":["Defend_P"]},{"damage_healed":0.0,"max_hp_gain":0.0,"max_hp_loss":32.0,"gold_gain":0.0,"event_name":"Elementarium:ElementalBlades","player_choice":"Touch","floor":20.0,"gold_loss":0.0,"damage_taken":0.0,"cards_obtained":["Elementarium:FireblessedBlade","Elementarium:WindblessedBlade","Elementarium:EarthblessedBlade","Elementarium:IceblessedBlade","Elementarium:VoidblessedBlade"]},{"damage_healed":0.0,"max_hp_gain":0.0,"max_hp_loss":0.0,"gold_gain":0.0,"event_name":"Elementarium:FountainOfGold","player_choice":"Ignored","floor":30.0,"gold_loss":0.0,"damage_taken":0.0},{"damage_healed":0.0,"max_hp_gain":0.0,"max_hp_loss":0.0,"gold_gain":0.0,"event_name":"Mysterious Sphere","player_choice":"Fight","floor":38.0,"gold_loss":0.0,"damage_taken":0.0},{"damage_healed":0.0,"max_hp_gain":0.0,"max_hp_loss":0.0,"gold_gain":0.0,"event_name":"Upgrade Shrine","player_choice":"Upgraded","floor":47.0,"gold_loss":0.0,"damage_taken":0.0,"cards_upgraded":["Elementarium:FireblessedBlade"]}],"is_beta":false,"boss_relics":[{"not_picked":["Replay:Ancient Bell","VioletLotus"],"picked":"Snecko Eye"},{"not_picked":["Abe\u0027s Treasure","Pandora\u0027s Box"],"picked":"Black Star"}],"items_purged_floors":[45],"is_endless":false,"potions_floor_spawned":[1,3,5,22,27,29,35,36,46,54],"ascension_level":9}}