{"host":"csp9nt53rootlkah","time":1608373201,"event":{"mods":["Act Like it!","BaseMod","Colored Powertips","Friendly Minions","Gensokyo","Highlight Path","Koishi","Minty Spire (QoL Compilation)","Quick Restart","Replay The Spire","StSLib","TestMod","The Factory","The Jungle","UnlockEverythingMod"],"gold_per_floor":[113,38,58,58,58,58,91,107,107,107,207,242,242,72,72,177,177,196,216,226,101,117,150,150,177,177,193,212,212,225,150,150,246,246,261,261,111,111,131,131,148,148,174,174,185,10,21,38,38,38],"floor_reached":51,"playtime":3148,"items_purged":["Koishi:BasicStrike","Koishi:BasicStrike","Koishi:BasicDefend","Koishi:BasicStrike","Koishi:BasicDefend"],"score":572,"play_id":"362018f8-68f7-4252-b159-450653f41b93","local_time":"20201219182001","is_ascension_mode":false,"campfire_choices":[{"data":"Koishi:HauntingSlash","floor":6.0,"key":"SMITH"},{"data":"Koishi:JumpScare","floor":13,"key":"SMITH"},{"data":"Koishi:MindStellarRelief","floor":24,"key":"SMITH"},{"data":"Koishi:JumpScare","floor":29,"key":"SMITH"},{"data":"Koishi:RacingHeart","floor":32,"key":"SMITH"},{"data":"testmod-AutoReboundSystem","floor":40,"key":"SMITH"},{"data":"testmod-Reflect","floor":42,"key":"SMITH"},{"data":"Koishi:RuptureMind","floor":44,"key":"SMITH"},{"data":"ReplayTheSpireMod:Necrogeddon","floor":49,"key":"SMITH"}],"circlet_count":0,"master_deck":["Koishi:BasicDefend","Koishi:BasicDefend","Koishi:Provoke","Koishi:HauntingSlash+1","Koishi:TremblingHands","Koishi:HeartfeltFancy","Looming Evil","Koishi:JumpScare+1","Koishi:MindNumbingTerror+1","Koishi:MindStellarRelief+1","Koishi:DreadfulBlow","Koishi:PredatoryInstincts+1","Koishi:JumpScare+1","Koishi:RacingHeart+1","Koishi:ParalyzingFear","AbeCurse","Koishi:RuptureMind+1","ReplayTheSpireMod:Necrogeddon+1","testmod-Reflect+1","testmod-AutoReboundSystem+1"],"relics":["Koishi:ImaginaryFriend","testmod-TestBox","testmod-CasingShield","NeowsBlessing","Gensokyo:NagashiBinaDoll","Ring of Searing","Ring of Peace","Torii","Ornamental Fan","Mango","Nunchaku","testmod-CardMagician","MealTicket","Bronze Scales","testmod-Nyarlathotep","SacredBark","ReplayTheSpireMod:Lightbulb"],"acts_visited":["Gensokyo:Gensokyo","TheCity","TheBeyond"],"potions_floor_usage":[50,50,50],"damage_taken":[{"damage":0.0,"enemies":"Gensokyo:2_Kodama","floor":1.0,"turns":1.0},{"damage":0.0,"enemies":"Gensokyo:3_Fairies","floor":3.0,"turns":2.0},{"damage":0.0,"enemies":"Gensokyo:Cirno","floor":7.0,"turns":2.0},{"damage":15.0,"enemies":"Gensokyo:Gryphon","floor":8.0,"turns":5.0},{"damage":8,"enemies":"Gensokyo:Mamizou","floor":12,"turns":14},{"damage":13,"enemies":"Gensokyo:Reimu","floor":16,"turns":13},{"damage":22,"enemies":"2 Thieves","floor":18,"turns":4},{"damage":5,"enemies":"Shell Parasite","floor":19,"turns":5},{"damage":6,"enemies":"Snake Plant","floor":20,"turns":3},{"damage":24,"enemies":"Cultist and Chosen","floor":22,"turns":4},{"damage":6,"enemies":"Replay:Snechameleon","floor":23,"turns":6},{"damage":2,"enemies":"Gremlin Leader","floor":25,"turns":4},{"damage":12,"enemies":"Snecko","floor":27,"turns":5},{"damage":16,"enemies":"3 Cultists","floor":28,"turns":5},{"damage":6,"enemies":"Shelled Parasite and Fungi","floor":30,"turns":2},{"damage":32,"enemies":"Pondfish","floor":33,"turns":9},{"damage":5,"enemies":"Orb Walker","floor":35,"turns":2},{"damage":11,"enemies":"3 Shapes","floor":39,"turns":4},{"damage":22,"enemies":"Sphere and 2 Shapes","floor":41,"turns":4},{"damage":12,"enemies":"Maw","floor":45,"turns":4},{"damage":19,"enemies":"Writhing Mass","floor":47,"turns":6},{"damage":11,"enemies":"3 Darklings","floor":48,"turns":4},{"damage":49,"enemies":"Awakened One","floor":50,"turns":8}],"seed_played":"325207800001930628","potions_obtained":[{"floor":1.0,"key":"Regen Potion"},{"floor":3.0,"key":"Regen Potion"},{"floor":16,"key":"Regen Potion"}],"is_trial":false,"path_per_floor":["M","$","M","?","?","R","E","M","T","?","?","?","R","$","R","B",null,"M","M","M","$","M","E","R","E","T","M","M","R","M","?","R","B",null,"M","?","$","?","M","R","M","R","T","R","M","$","M","M","R","B",null],"character_chosen":"KOISHI","items_purchased":["Koishi:MindNumbingTerror"],"campfire_rested":0,"item_purchase_floors":[14],"current_hp_per_floor":[60,60,60,60,60,60,60,49,49,42,42,50,50,50,50,45,74,60,63,65,65,49,53,53,67,67,73,74,74,74,74,74,59,74,74,74,74,64,74,74,74,74,74,74,74,74,74,74,74,74],"gold":38,"neow_bonus":"THREE_ENEMY_KILL","is_daily":false,"chose_seed":false,"campfire_upgraded":9,"win_rate":0.0,"timestamp":1608373201,"path_taken":["M","$","M","?","?","R","E","?","T","?","?","?","R","$","R","BOSS","M","M","M","$","M","E","R","E","T","M","M","R","M","?","R","BOSS","M","?","$","?","M","R","M","R","T","R","M","$","M","M","R","BOSS"],"items_purchased_type":["Card"],"build_version":"2020-12-13","purchased_purges":5,"victory":true,"max_hp_per_floor":[60,60,60,60,60,60,60,60,60,74,74,74,74,74,74,74,74,74,74,74,74,74,74,74,74,74,74,74,74,74,74,74,74,74,74,74,74,74,74,74,74,74,74,74,74,74,74,74,74,74],"card_choices":[{"not_picked":["Koishi:LastRemote","Koishi:StingingMind"],"picked":"Koishi:TremblingHands","floor":1.0},{"not_picked":["Koishi:SpiritedAway","Koishi:ReleaseOfTheId"],"picked":"Koishi:HeartfeltFancy","floor":3.0},{"not_picked":["Koishi:Possession","Koishi:GhostParty","Koishi:UnconsciousUprising"],"picked":"SKIP","floor":7.0},{"not_picked":["Koishi:HeartAttack","Koishi:MindNumbingTerror"],"picked":"Koishi:JumpScare","floor":8.0},{"not_picked":["Koishi:UnconsciousUrges","Koishi:PhantomBarrier","Koishi:PhantomStrike"],"picked":"SKIP","floor":12},{"not_picked":["Koishi:SilentAndRestless","Koishi:MentalBreakdown"],"picked":"Koishi:MindStellarRelief","floor":16},{"not_picked":["Koishi:StrangeCloudFist","Koishi:PhantomStrike","Koishi:Prune"],"picked":"SKIP","floor":18},{"not_picked":["Koishi:LastRemote","Koishi:EmbersOfLove","Koishi:EmbryosDream"],"picked":"SKIP","floor":19},{"not_picked":["Koishi:VengefulSpirit+1","Koishi:CatchAndRose","Koishi:Jaunt"],"picked":"SKIP","floor":20},{"not_picked":["Koishi:DreadfulBlow","Koishi:CatchAndRose","Koishi:FidgetySnatcher+1"],"picked":"SKIP","floor":22},{"not_picked":["Koishi:CatchAndRose","Koishi:FidgetySnatcher+1"],"picked":"Koishi:DreadfulBlow","floor":22},{"not_picked":["Koishi:UnansweredLove","Koishi:ApparitionsStalkTheNight"],"picked":"Koishi:PredatoryInstincts+1","floor":23},{"not_picked":["Koishi:RollingInRichesHeart","Koishi:Whimsy"],"picked":"Koishi:JumpScare","floor":25},{"not_picked":["Koishi:IdleWhim","Koishi:SpiritedAway","Koishi:EmbryosDream"],"picked":"SKIP","floor":27},{"not_picked":["Koishi:ParalyzingFear","Koishi:SubconsciousSweep"],"picked":"Koishi:RacingHeart","floor":28},{"not_picked":["Koishi:PhantomBarrier","Koishi:ReflexRadar"],"picked":"Koishi:ParalyzingFear","floor":30},{"not_picked":["Koishi:Ego","Koishi:Heartbroken"],"picked":"Koishi:RuptureMind","floor":33},{"not_picked":["Koishi:ReleaseOfTheId","Koishi:SubterraneanRose+1","Koishi:UnconsciousUprising"],"picked":"SKIP","floor":35},{"not_picked":["testmod-PulseDistributor","Impatience"],"picked":"ReplayTheSpireMod:Necrogeddon","floor":38},{"not_picked":["Flash of Steel","ReplayTheSpireMod:Trickstab"],"picked":"testmod-Reflect","floor":38},{"not_picked":["Thinking Ahead","Enlightenment"],"picked":"testmod-AutoReboundSystem","floor":38},{"not_picked":["Koishi:MindNumbingTerror+1","Koishi:PhantomStrike+1","Koishi:LastRemote"],"picked":"SKIP","floor":39},{"not_picked":["Koishi:Prune+1","Koishi:SubterraneanRose+1","Koishi:RorschachInDanmaku"],"picked":"SKIP","floor":41},{"not_picked":["Koishi:StrangeCloudFist+1","Koishi:ParalyzingFear+1","Koishi:EmbryosDream"],"picked":"SKIP","floor":45},{"not_picked":["Koishi:DreadfulBlow+1","Koishi:CatchAndRose","Koishi:PhantomBarrier+1"],"picked":"SKIP","floor":47},{"not_picked":["Koishi:FreudianInstinct+1","Koishi:Vanish","Koishi:CatchAndRose"],"picked":"SKIP","floor":48}],"player_experience":111465,"relics_obtained":[{"floor":5.0,"key":"Ring of Searing"},{"floor":5.0,"key":"Ring of Peace"},{"floor":7.0,"key":"Torii"},{"floor":9.0,"key":"Ornamental Fan"},{"floor":12,"key":"Nunchaku"},{"floor":23,"key":"MealTicket"},{"floor":25,"key":"Bronze Scales"},{"floor":26,"key":"testmod-Nyarlathotep"},{"floor":43,"key":"ReplayTheSpireMod:Lightbulb"}],"event_choices":[{"cards_removed":["Koishi:BasicStrike"],"damage_healed":0,"gold_gain":0,"player_choice":"Gave Gold","damage_taken":0,"max_hp_gain":0,"max_hp_loss":0,"event_name":"Beggar","floor":31,"gold_loss":75},{"damage_healed":0,"gold_gain":0,"player_choice":"Ignored","damage_taken":0,"max_hp_gain":0,"max_hp_loss":0,"event_name":"给自己的盒子","floor":36,"gold_loss":0},{"damage_healed":0,"gold_gain":0,"player_choice":"Memory 3","damage_taken":10,"max_hp_gain":0,"max_hp_loss":0,"event_name":"SensoryStone","floor":38,"gold_loss":0}],"is_beta":false,"boss_relics":[{"not_picked":["testmod-DreamHouse","Snecko Eye"],"picked":"testmod-CardMagician"},{"not_picked":["testmod-Fanaticism","Fusion Hammer"],"picked":"SacredBark"}],"items_purged_floors":[2,14,21,37,46],"is_endless":false,"potions_floor_spawned":[1,3,16,20,23,25,30,33,39,41],"ascension_level":0}}