{"host":"ormi09wwzv7sq47a","time":1608420846,"event":{"mods":["2.2 Compatiblity","AchievementEnabler","Act Like it!","BaseMod","Bestiary","Better Note","Better Sensory Stone","Better Skull","Better Vampires","Colored Map","Colored Powertips","Curses Come First","DeckTracker","Downfall","Highlight Path","Minty Spire (QoL Compilation)","Permanent Neow","Quick Restart","Rare Cards Sparkle","Relic Stats","Shop Mod","StSLib","The Jungle"],"gold_per_floor":[99,113,148,164,164,178,178,178,198,227,250,250,200,217,228,326,326,326,351,351,351,351,365,419,435,461,461,461,471,481,501,521,616,616,616,633,633,668,680,680,680,680,680],"floor_reached":42,"playtime":2204,"items_purged":[],"score":655,"play_id":"f2583952-aed9-4280-899a-39ec8315f8d3","local_time":"20201219213406","is_ascension_mode":true,"campfire_choices":[{"data":"Slimebound:CorrosiveSpit","floor":1,"key":"SMITH"},{"data":"Slimebound:Grow","floor":5,"key":"SMITH"},{"data":"Slimebound:DisruptingSlam","floor":8,"key":"SMITH"},{"data":"Slimebound:SamplingLick","floor":18,"key":"SMITH"},{"data":"Slimebound:OneTwoCombo","floor":21,"key":"SMITH"},{"data":"Slimebound:SplitLeeching","floor":27,"key":"SMITH"},{"data":"Slimebound:MassFeed","floor":35,"key":"SMITH"},{"data":"Slimebound:Prepare","floor":37,"key":"SMITH"},{"data":"Slimebound:SpikyOuterGoop","floor":40,"key":"SMITH"}],"circlet_count":0,"master_deck":["Slimebound:Defend_Slimebound","Slimebound:Defend_Slimebound","Slimebound:Defend_Slimebound","Slimebound:Defend_Slimebound","Slimebound:Split+1","Slimebound:CorrosiveSpit+1","Slimebound:Grow+1","Slimebound:DisruptingSlam+1","Slimebound:Recollect","Slimebound:Gluttony","Slimebound:Repurpose","Slimebound:ItLooksTasty","Slimebound:SamplingLick+1","Slimebound:SlimeSpikes","Slimebound:OneTwoCombo+1","Slimebound:LeechingTouch","Slimebound:SlimeSpikes","Guardian:Aged","Slimebound:SplitLeeching+1","Slimebound:SamplingLick","Bite","Bite","Slimebound:SplitAcid+1","Slimebound:SpikyOuterGoop+1","Slimebound:Prepare+1","Slimebound:MassFeed+1","Slimebound:LeechingTouch+1","Slimebound:GoopSpray+1","Shame"],"relics":["Slimebound:AbsorbEndCombat","Lizard Tail","Mango","Lantern","Odd Mushroom","Cursed Key","Dream Catcher","Akabeko","Slimebound:SlimedSkullRelic","Busted Crown","Omamori"],"acts_visited":["Exordium","TheCity","TheBeyond"],"potions_floor_usage":[6,9,10,11,23,33,38],"damage_taken":[{"damage":8,"enemies":"2 Louse","floor":2,"turns":3},{"damage":47,"enemies":"Gremlin Nob","floor":3,"turns":4},{"damage":8,"enemies":"Jaw Worm","floor":4,"turns":4},{"damage":8,"enemies":"Small Slimes","floor":6,"turns":3},{"damage":14,"enemies":"Exordium Wildlife","floor":9,"turns":3},{"damage":24,"enemies":"Lagavulin","floor":10,"turns":7},{"damage":0,"enemies":"The Mushroom Lair","floor":11,"turns":3},{"damage":24,"enemies":"Large Slime","floor":14,"turns":5},{"damage":8,"enemies":"Blue Slaver","floor":15,"turns":3},{"damage":31,"enemies":"Slime Boss","floor":16,"turns":9},{"damage":47,"enemies":"Slavers","floor":19,"turns":5},{"damage":19,"enemies":"Chosen","floor":23,"turns":5},{"damage":8,"enemies":"3 Byrds","floor":25,"turns":4},{"damage":38,"enemies":"Book of Stabbing","floor":26,"turns":6},{"damage":30,"enemies":"Centurion and Healer","floor":29,"turns":6},{"damage":16,"enemies":"Shelled Parasite and Fungi","floor":30,"turns":4},{"damage":12,"enemies":"Snecko","floor":31,"turns":5},{"damage":26,"enemies":"Cultist and Chosen","floor":32,"turns":6},{"damage":35,"enemies":"downfall:Watcher","floor":33,"turns":11},{"damage":19,"enemies":"Orb Walker","floor":36,"turns":4},{"damage":36,"enemies":"3 Darklings","floor":38,"turns":6},{"damage":39,"enemies":"Writhing Mass","floor":39,"turns":6},{"damage":175,"enemies":"Giant Head","floor":42,"turns":12}],"seed_played":"-6895456577570478809","potions_obtained":[{"floor":2,"key":"Fire Potion"},{"floor":6,"key":"ColorlessPotion"},{"floor":9,"key":"Explosive Potion"},{"floor":10,"key":"DistilledChaos"},{"floor":16,"key":"Energy Potion"},{"floor":19,"key":"DuplicationPotion"},{"floor":23,"key":"Fruit Juice"},{"floor":26,"key":"EssenceOfSteel"},{"floor":33,"key":"ColorlessPotion"}],"is_trial":false,"path_per_floor":["R","M","E","M","R","M","T","R","M","E","?","?","?","M","M","B",null,"R","E","?","R","?","M","T","M","E","R","?","M","M","M","M","B",null,"R","M","R","M","M","R","T","E"],"character_chosen":"SLIMEBOUND","items_purchased":[],"campfire_rested":0,"item_purchase_floors":[],"current_hp_per_floor":[54,56,23,29,29,33,47,47,47,53,55,48,48,50,60,67,72,72,49,35,35,35,43,43,49,39,39,39,55,71,73,67,73,73,73,70,70,73,66,66,66,0,0],"gold":680,"neow_bonus":"UPGRADE_CARD","is_daily":false,"chose_seed":false,"campfire_upgraded":9,"win_rate":0.0,"timestamp":1608420846,"path_taken":["R","M","E","M","R","M","T","R","M","E","?","?","?","M","M","BOSS","R","E","?","R","?","M","T","M","E","R","?","M","M","?","M","BOSS","R","M","R","M","M","R","T","E"],"items_purchased_type":[],"build_version":"2020-12-13","purchased_purges":0,"victory":false,"max_hp_per_floor":[60,60,60,60,60,60,74,74,74,74,74,74,74,74,74,74,74,74,74,79,79,79,84,84,84,84,84,73,73,73,73,73,73,73,73,73,73,73,77,77,77,77,77],"relic_stats":{"Lizard Tail":38,"Dream Catcher":0,"Busted Crown":6,"counters":[23,123],"Cursed Key":2,"obtain_stats":[{"Lizard Tail":3,"Lantern":10,"Dream Catcher":19,"Busted Crown":34,"Mango":7,"Slimebound:AbsorbEndCombat":0,"Omamori":41,"Odd Mushroom":11,"Cursed Key":17,"Akabeko":24,"Slimebound:SlimedSkullRelic":26},{"Lizard Tail":2,"Lantern":6,"Dream Catcher":11,"Busted Crown":19,"Mango":4,"Slimebound:AbsorbEndCombat":0,"Omamori":22,"Odd Mushroom":7,"Cursed Key":10,"Akabeko":12,"Slimebound:SlimedSkullRelic":14},{"Lizard Tail":6,"Lantern":23,"Dream Catcher":48,"Busted Crown":95,"Mango":13,"Slimebound:AbsorbEndCombat":0,"Omamori":111,"Odd Mushroom":26,"Cursed Key":43,"Akabeko":53,"Slimebound:SlimedSkullRelic":63}]},"card_choices":[{"not_picked":["Slimebound:SlimeTap","Slimebound:SplitBruiser"],"picked":"Slimebound:Grow","floor":2},{"not_picked":["Slimebound:ViciousTackle","Slimebound:FlameTackle"],"picked":"Slimebound:DisruptingSlam","floor":3},{"not_picked":["Slimebound:SplitBruiser","Slimebound:RollThrough"],"picked":"Slimebound:Recollect","floor":4},{"not_picked":["Slimebound:SplitLeeching","Slimebound:PressTheAttack"],"picked":"Slimebound:Gluttony","floor":6},{"not_picked":["Slimebound:RollThrough","Slimebound:SplitLeeching"],"picked":"Slimebound:Repurpose","floor":9},{"not_picked":["Slimebound:Dissolve","Slimebound:SplitAcid"],"picked":"Slimebound:ItLooksTasty","floor":10},{"not_picked":["Slimebound:FinishingTackle","Slimebound:Gluttony"],"picked":"Slimebound:SamplingLick","floor":14},{"not_picked":["Slimebound:SlimeBrawl","Slimebound:DisruptingSlam"],"picked":"Slimebound:SlimeSpikes","floor":15},{"not_picked":["Slimebound:Teamwork","Slimebound:CheckThePlaybook"],"picked":"Slimebound:OneTwoCombo","floor":16},{"not_picked":["Slimebound:ComboTackle+1","Slimebound:ViciousTackle"],"picked":"Slimebound:LeechingTouch","floor":19},{"not_picked":["Slimebound:ComboTackle+1","Slimebound:LeechingTouch"],"picked":"Slimebound:SlimeSpikes","floor":23},{"not_picked":["Slimebound:FinishingTackle","Slimebound:CheckThePlaybook"],"picked":"Slimebound:SplitLeeching","floor":25},{"not_picked":["Slimebound:Schlurp","Slimebound:LeechEnergy"],"picked":"Slimebound:SamplingLick","floor":26},{"not_picked":["Slimebound:LeadByExample","Slimebound:TongueLash+1"],"picked":"Slimebound:SplitAcid+1","floor":29},{"not_picked":["Slimebound:Prepare","Slimebound:Schlurp"],"picked":"Slimebound:SpikyOuterGoop","floor":30},{"not_picked":["Slimebound:LeechEnergy","Slimebound:LeechingTouch","Slimebound:ItLooksTasty"],"picked":"SKIP","floor":31},{"not_picked":["Slimebound:Replication","Slimebound:ViciousTackle"],"picked":"Slimebound:Prepare","floor":32},{"not_picked":["Slimebound:Teamwork","Slimebound:MassRepurpose"],"picked":"Slimebound:MassFeed","floor":33},{"not_picked":[],"picked":"Slimebound:LeechingTouch+1","floor":36},{"not_picked":[],"picked":"Slimebound:GoopSpray+1","floor":38},{"not_picked":["Slimebound:GoopSpray"],"picked":"SKIP","floor":39}],"player_experience":708214,"relics_obtained":[{"floor":3,"key":"Lizard Tail"},{"floor":7,"key":"Mango"},{"floor":10,"key":"Lantern"},{"floor":11,"key":"Odd Mushroom"},{"floor":19,"key":"Dream Catcher"},{"floor":24,"key":"Akabeko"},{"floor":26,"key":"Slimebound:SlimedSkullRelic"},{"floor":41,"key":"Omamori"}],"event_choices":[{"damage_healed":0,"gold_gain":0,"player_choice":"Fought Mushrooms","damage_taken":0,"max_hp_gain":0,"max_hp_loss":0,"event_name":"Mushrooms","floor":11,"gold_loss":0},{"cards_removed":["Slimebound:Tackle"],"damage_healed":0,"gold_gain":0,"player_choice":"Card Removal","damage_taken":7,"max_hp_gain":0,"max_hp_loss":0,"event_name":"Golden Wing","floor":12,"gold_loss":0},{"cards_removed":["Slimebound:Strike_Slimebound"],"damage_healed":0,"gold_gain":0,"player_choice":"Card Removal","damage_taken":0,"max_hp_gain":0,"max_hp_loss":0,"event_name":"The Cleric","floor":13,"gold_loss":50},{"damage_healed":0,"gold_gain":0,"player_choice":"Became a vampire","damage_taken":0,"max_hp_gain":0,"max_hp_loss":11,"event_name":"Vampires","floor":28,"gold_loss":0,"cards_obtained":["Bite","Bite"]}],"is_beta":false,"boss_relics":[{"not_picked":["Ectoplasm","Snecko Eye"],"picked":"Cursed Key"},{"not_picked":["Sozu","SlaversCollar"],"picked":"Busted Crown"}],"items_purged_floors":[],"is_endless":false,"potions_floor_spawned":[2,6,9,10,16,19,23,26,33],"killed_by":"Giant Head","ascension_level":8}}