{"host":"rz01j32460kf2mtw","time":1608371867,"event":{"mods":["BaseMod","Koishi","Marisa????????","Minty Spire (QoL Compilation)","Prisma Mod","Quick Restart","StSLib","The Cursed","The Disciple","The Jungle","The Runesmith","The Servant 0.9.4"],"gold_per_floor":[367,378,81,81,81,81,101,101,126,126,16,66,66,18,18,153,153,177,277,275,275,275],"floor_reached":21,"playtime":1002,"items_purged":["Runesmith:Defend_RS"],"score":175,"play_id":"52fbaa13-0ec7-4516-9bec-cc8c835d7ed0","local_time":"20201219025747","is_ascension_mode":false,"campfire_choices":[{"data":"Runesmith:UnlimitedPower","floor":6,"key":"SMITH"},{"data":"Runesmith:CraftMagma","floor":8,"key":"SMITH"},{"data":"Runesmith:CraftProtectio","floor":10,"key":"SMITH"},{"data":"Runesmith:CreatorForm","floor":13,"key":"SMITH"},{"data":"Runesmith:Firewall","floor":15,"key":"SMITH"}],"circlet_count":0,"master_deck":["Runesmith:Strike_RS","Runesmith:Strike_RS","Runesmith:Strike_RS","Runesmith:Strike_RS","Runesmith:Defend_RS","Runesmith:Defend_RS","Runesmith:Defend_RS","Runesmith:CraftFirestone","Runesmith:Fortify","Runesmith:CraftProtectio+1","Runesmith:UnlimitedPower+1","Runesmith:CraftMagma+1","Runesmith:NegativeSpace","Runesmith:CraftProtectio","Runesmith:Firewall+1","Runesmith:CreatorForm+1","Runesmith:ArcReactor","Runesmith:Grindstone"],"relics":["Runesmith:BrokenRuby","Golden Idol","CeramicFish","Eternal Feather","Runic Dome"],"acts_visited":["Exordium","TheCity"],"potions_floor_usage":[12,16,16,16],"damage_taken":[{"damage":1,"enemies":"Jaw Worm","floor":1,"turns":5},{"damage":0,"enemies":"2 Louse","floor":2,"turns":3},{"damage":0,"enemies":"Cultist","floor":7,"turns":4},{"damage":9,"enemies":"3 Sentries","floor":12,"turns":6},{"damage":3,"enemies":"Slime Boss","floor":16,"turns":5},{"damage":7,"enemies":"Shell Parasite","floor":18,"turns":5},{"damage":8,"enemies":"2 Thieves","floor":20,"turns":4},{"damage":50,"enemies":"3 Cultists","floor":21,"turns":5}],"seed_played":"7994421454266126449","potions_obtained":[{"floor":2,"key":"AttackPotion"},{"floor":12,"key":"DuplicationPotion"}],"is_trial":false,"path_per_floor":["M","M","$","?","?","R","M","R","T","R","$","E","R","$","R","B",null,"M","?","M","M"],"character_chosen":"RUNESMITH_CLASS","items_purchased":["Runesmith:UnlimitedPower","Runesmith:CraftMagma","Runesmith:NegativeSpace","Runesmith:Firewall","SteroidPotion","AttackPotion"],"campfire_rested":0,"item_purchase_floors":[3,3,3,11,11,14],"current_hp_per_floor":[62,62,62,62,47,47,47,47,47,47,47,38,47,47,56,53,63,56,56,48,0,0],"gold":275,"neow_bonus":"TWO_FIFTY_GOLD","is_daily":false,"chose_seed":false,"campfire_upgraded":5,"win_rate":0.0,"timestamp":1608371867,"path_taken":["M","M","$","?","?","R","M","R","T","R","?","E","R","$","R","BOSS","M","?","?","M"],"items_purchased_type":["Card","Card","Card","Card","Potion","Potion"],"build_version":"2020-12-13","purchased_purges":1,"victory":false,"max_hp_per_floor":[63,63,63,63,63,63,63,63,63,63,63,63,63,63,63,63,63,63,63,63,63,63],"card_choices":[{"not_picked":["Runesmith:EarthShield","Runesmith:Overpower","Runesmith:ChargedHammer"],"picked":"SKIP","floor":1},{"not_picked":["Runesmith:Attraction","Runesmith:NanitesCloud"],"picked":"Runesmith:CraftProtectio","floor":2},{"not_picked":["Runesmith:EarthShield","Runesmith:EnergizedChisel"],"picked":"Runesmith:CraftProtectio","floor":7},{"not_picked":["Runesmith:StaticCage","Runesmith:CraftSpiculum"],"picked":"Runesmith:CreatorForm","floor":12},{"not_picked":["Runesmith:UnlimitedPower","Runesmith:GrandSlam"],"picked":"Runesmith:ArcReactor","floor":16},{"not_picked":["Runesmith:CraftProtectio","Runesmith:EarthShield+1","Runesmith:ChiselStab"],"picked":"SKIP","floor":18},{"not_picked":["Runesmith:RuneHurl","Runesmith:Overpower"],"picked":"Runesmith:Grindstone","floor":20}],"player_experience":928521,"relics_obtained":[{"floor":9,"key":"CeramicFish"},{"floor":12,"key":"Eternal Feather"}],"event_choices":[{"damage_healed":0,"gold_gain":0,"player_choice":"Ignored","damage_taken":0,"max_hp_gain":0,"max_hp_loss":0,"event_name":"Liars Game","floor":4,"gold_loss":0},{"damage_healed":0,"gold_gain":0,"player_choice":"Take Damage","damage_taken":15,"relics_obtained":["Golden Idol"],"max_hp_gain":0,"max_hp_loss":0,"event_name":"Golden Idol","floor":5,"gold_loss":0},{"damage_healed":0,"gold_gain":100,"player_choice":"Pray","damage_taken":0,"max_hp_gain":0,"max_hp_loss":0,"event_name":"Golden Shrine","floor":19,"gold_loss":0}],"is_beta":false,"boss_relics":[{"not_picked":["Runesmith:PocketReactor","Snecko Eye"],"picked":"Runic Dome"}],"items_purged_floors":[3],"is_endless":false,"potions_floor_spawned":[2,12],"killed_by":"3 Cultists","ascension_level":0}}