{"host":"ErinAnne","time":1608412571,"event":{"mods":["AchievementEnabler","BaseMod","Colored Map","Colored Powertips","Downfall","Highlight Path","Minty Spire (QoL Compilation)","Relic Stats","Replay The Spire","Slay the Relics Exporter","StSLib","everything is the same but u backflip on backflip"],"gold_per_floor":[99,374,374,374,402,327,353,353,353,353,388,313,327,352,364,374,394,495,495,495,522,522,522,522,522,548,578,503,535,535,555,118,48,62,163,163,163,101,101,180,283,294,318,351,351,383,394,405,473,473,491,491,491,522,49,49,49],"floor_reached":58,"playtime":9787,"items_purged":[],"score":1510,"play_id":"43467115-7971-4c51-9ea1-c4cf539eb11b","local_time":"20201219151611","is_ascension_mode":false,"campfire_choices":[{"floor":1,"key":"RECALL"},{"data":"Guardian:Reroute","floor":6,"key":"SMITH"},{"data":"Guardian:CurlUp","floor":8,"key":"SMITH"},{"data":"Guardian:BronzeOrb","floor":12,"key":"SMITH"},{"data":"Guardian:ExploitGems","floor":20,"key":"SMITH"},{"data":"Guardian:AncientConstruct","floor":23,"key":"SMITH"},{"data":"Guardian:ChargeCore","floor":25,"key":"SMITH"},{"data":"Pot Of Greed","floor":28,"key":"SMITH"},{"data":"Guardian:PrismaticBarrier","floor":37,"key":"SMITH"},{"data":"Midas Touch","floor":39,"key":"SMITH"},{"data":"Guardian:TimeCapacitor","floor":45,"key":"SMITH"},{"floor":56,"key":"REST"}],"circlet_count":0,"master_deck":["Guardian:Defend_Guardian","Guardian:CurlUp+1","Clumsy","Guardian:RollAttack","Guardian:BronzeOrb+1","Guardian:TemporalStrike+1","Guardian:PrismaticBarrier+1","Guardian:SentryBeam+1","Guardian:AncientConstruct+1","Guardian:ExploitGems+1","Guardian:CrystalBeam","Guardian:ChargeCore+1","Pot Of Greed+1","Guardian:Reroute","Pot Of Greed+1","Guardian:Emergency","Guardian:BronzeArmor","Guardian:TimeBomb+1","Guardian:FloatingOrbs","Guardian:Incinerate+1","Guardian:FloatingOrbs+1","Pot Of Greed+1","Guardian:RevengeProtocol","Guardian:ArmoredProtocol","Guardian:GuardianWhirl+1","Midas Touch+1","Guardian:FloatingOrbs+1","Guardian:EvasiveProtocol","Specialist+1","Guardian:DecasProtection+1","Guardian:TimeCapacitor+1","Guardian:VentSteam+1","Pot Of Greed+1","Guardian:EvasiveProtocol+1","Guardian:WalkerClaw+1","expansioncontent:StudyTheSpire+1","expansioncontent:StudyTheSpire+1","Guardian:SpikerProtocol+1","Guardian:Gem_Crimson"],"relics":["Guardian:ModeShifter","downfall:HeartsMalice","Replay:PocketPolymizer","downfall:HeartBlessingRed","Replay:Wax Seal","Replay:Rubber Ducky","downfall:HeartBlessingBlue","Toy Ornithopter","Philosopher\u0027s Stone","Whetstone","Oddly Smooth Stone","Happy Flower","Grinning Jar","downfall:HeartBlessingGreen","Replay:Bottled Eggs","Lee\u0027s Waffle","Blood Vial","Runic Pyramid","DollysMirror","Toxic Egg 2","Bronze Scales","Regal Pillow","Mummified Hand","Blue Doll","HornCleat","Gremlin Food","Boot","Guide Book"],"acts_visited":["Exordium","TheCity","TheBeyond","TheEnding"],"potions_floor_usage":[18,18,48],"damage_taken":[{"damage":0,"enemies":"3 Sentries","floor":5,"turns":1},{"damage":0,"enemies":"Gremlin Nob","floor":7,"turns":1},{"damage":0,"enemies":"2 Louse","floor":10,"turns":1},{"damage":27,"enemies":"3 Sentries","floor":11,"turns":8},{"damage":2,"enemies":"Cultist","floor":13,"turns":3},{"damage":0,"enemies":"Small Slimes","floor":15,"turns":2},{"damage":2,"enemies":"Blue Slaver","floor":16,"turns":3},{"damage":0,"enemies":"Gremlin Gang","floor":17,"turns":3},{"damage":43,"enemies":"downfall:Defect","floor":18,"turns":11},{"damage":39,"enemies":"Book of Stabbing","floor":21,"turns":6},{"damage":26,"enemies":"Gremlin Leader","floor":27,"turns":5},{"damage":0,"enemies":"Slavers","floor":29,"turns":4},{"damage":5,"enemies":"Spheric Guardian","floor":31,"turns":3},{"damage":0,"enemies":"downfall:FleeingMerchant","floor":32,"turns":4},{"damage":0,"enemies":"downfall:FleeingMerchant","floor":33,"turns":4},{"damage":0,"enemies":"Chosen and Byrds","floor":34,"turns":3},{"damage":35,"enemies":"downfall:Watcher","floor":35,"turns":7},{"damage":1,"enemies":"downfall:FleeingMerchant","floor":38,"turns":3},{"damage":5,"enemies":"3 Shapes","floor":42,"turns":3},{"damage":2,"enemies":"R_Hoarder","floor":44,"turns":6},{"damage":0,"enemies":"Nemesis","floor":46,"turns":5},{"damage":8,"enemies":"3 Darklings","floor":47,"turns":2},{"damage":16,"enemies":"4 Shapes","floor":48,"turns":5},{"damage":0,"enemies":"Maw","floor":51,"turns":5},{"damage":10,"enemies":"downfall:Ironclad","floor":52,"turns":9},{"damage":68,"enemies":"downfall:CharBossMerchant","floor":54,"turns":10},{"damage":0,"enemies":"downfall:NeowBoss","floor":57,"turns":16}],"seed_played":"-7794109215778936541","potions_obtained":[{"floor":7,"key":"Languid Potion"},{"floor":11,"key":"Dexterity Potion"},{"floor":15,"key":"Block Potion"},{"floor":27,"key":"SteroidPotion"},{"floor":34,"key":"SkillPotion"},{"floor":54,"key":"Energy Potion"}],"is_trial":false,"path_per_floor":["R","?","PTL","PTL","E","R","E","R","T","M","E","R","M","T","M","M","M","B",null,"R","E","?","R","?","R","T","E","R","E","?","M","$","$","M","B",null,"R","$","R","?","?","M","T","E","R","E","M","M","T","?","M","B",null,"E","$","R","B",null],"character_chosen":"GUARDIAN","items_purchased":["Lee\u0027s Waffle","Blood Vial","Guardian:TimeBomb+1","Guardian:FloatingOrbs","Guardian:FloatingOrbs+1","Midas Touch","DollysMirror","Guardian:EvasiveProtocol","expansioncontent:StudyTheSpire","Guardian:SpikerProtocol+1","Boot","Guide Book"],"campfire_rested":1,"item_purchase_floors":[32,32,32,32,33,38,38,38,55,55,55,55],"current_hp_per_floor":[80,80,80,80,80,80,80,80,80,80,53,63,61,61,61,59,59,26,90,90,51,51,51,51,51,51,25,25,25,25,20,97,97,97,62,97,97,96,96,96,58,55,55,55,55,57,51,42,42,42,44,36,97,29,29,73,75],"gold":49,"neow_bonus":"THREE_ENEMY_KILL","is_daily":false,"chose_seed":false,"campfire_upgraded":10,"win_rate":0.0,"timestamp":1608412571,"path_taken":["R","?","PTL","PTL","E","R","E","R","T","?","E","R","M","?","M","M","M","BOSS","R","E","?","R","?","R","T","E","R","E","?","?","?","$","M","BOSS","R","$","R","?","?","M","T","E","R","E","?","M","?","?","M","BOSS","E","$","R","BOSS"],"items_purchased_type":["Relic","Relic","Card","Card","Card","Card","Relic","Card","Card","Card","Relic","Relic"],"build_version":"2020-12-18","purchased_purges":0,"victory":true,"max_hp_per_floor":[80,80,80,80,80,80,80,80,80,80,80,90,90,90,90,90,90,90,90,90,90,90,90,90,90,90,90,90,90,90,90,97,97,97,97,97,97,97,97,97,97,97,97,97,97,97,97,97,97,97,97,97,97,97,97,97,97],"relic_stats":{"Blood Vial":16,"Lee\u0027s Waffle":77,"Regal Pillow":15,"Happy Flower":[31],"counters":[27,129],"Mummified Hand":[89],"Bronze Scales":[88],"Whetstone":["Guardian:SentryBeam","Guardian:TemporalStrike"],"Boot":[10],"obtain_stats":[{"Regal Pillow":43,"Replay:PocketPolymizer":5,"downfall:HeartBlessingGreen":28,"Blue Doll":46,"Whetstone":21,"Boot":55,"Replay:Rubber Ducky":11,"Blood Vial":32,"HornCleat":49,"downfall:HeartBlessingBlue":12,"DollysMirror":38,"Mummified Hand":44,"Philosopher\u0027s Stone":19,"Replay:Wax Seal":7,"Replay:Bottled Eggs":29,"Toxic Egg 2":40,"Runic Pyramid":36,"Gremlin Food":54,"Lee\u0027s Waffle":32,"downfall:HeartBlessingRed":6,"Happy Flower":26,"Guide Book":55,"Guardian:ModeShifter":0,"Oddly Smooth Stone":24,"downfall:HeartsMalice":0,"Bronze Scales":41,"Grinning Jar":27,"Toy Ornithopter":14},{"Regal Pillow":19,"Replay:PocketPolymizer":1,"downfall:HeartBlessingGreen":11,"Blue Doll":21,"Whetstone":10,"Boot":26,"Replay:Rubber Ducky":4,"Blood Vial":14,"HornCleat":23,"downfall:HeartBlessingBlue":4,"DollysMirror":18,"Mummified Hand":20,"Philosopher\u0027s Stone":9,"Replay:Wax Seal":2,"Replay:Bottled Eggs":12,"Toxic Egg 2":18,"Runic Pyramid":17,"Gremlin Food":26,"Lee\u0027s Waffle":14,"downfall:HeartBlessingRed":1,"Happy Flower":10,"Guide Book":26,"Guardian:ModeShifter":0,"Oddly Smooth Stone":10,"downfall:HeartsMalice":0,"Bronze Scales":18,"Grinning Jar":11,"Toy Ornithopter":5},{"Regal Pillow":72,"Replay:PocketPolymizer":0,"downfall:HeartBlessingGreen":41,"Blue Doll":83,"Whetstone":36,"Boot":113,"Replay:Rubber Ducky":8,"Blood Vial":52,"HornCleat":89,"downfall:HeartBlessingBlue":8,"DollysMirror":69,"Mummified Hand":78,"Philosopher\u0027s Stone":30,"Replay:Wax Seal":0,"Replay:Bottled Eggs":45,"Toxic Egg 2":69,"Runic Pyramid":66,"Gremlin Food":113,"Lee\u0027s Waffle":52,"downfall:HeartBlessingRed":0,"Happy Flower":36,"Guide Book":113,"Guardian:ModeShifter":0,"Oddly Smooth Stone":36,"downfall:HeartsMalice":0,"Bronze Scales":69,"Grinning Jar":41,"Toy Ornithopter":11}],"Toy Ornithopter":15},"card_choices":[{"not_picked":["Guardian:Recover","Guardian:HyperBeam_Guardian"],"picked":"Guardian:Reroute","floor":5},{"not_picked":["Guardian:Gem_Red","Guardian:Reroute"],"picked":"Guardian:Gem_White","floor":7},{"not_picked":["Guardian:Incinerate","Guardian:Planning"],"picked":"Guardian:RollAttack","floor":10},{"not_picked":["Guardian:RollAttack","Guardian:Reroute"],"picked":"Guardian:Gem_Lightblue","floor":11},{"not_picked":["Guardian:Harden","Guardian:Suspension"],"picked":"Guardian:TemporalStrike","floor":13},{"not_picked":["Guardian:VentSteam","Guardian:PiercingHide"],"picked":"Guardian:PrismaticBarrier","floor":15},{"not_picked":["Guardian:Gem_Red","Guardian:Incinerate"],"picked":"Guardian:SentryBeam","floor":16},{"not_picked":["Guardian:PrimingBeam","Guardian:Reroute"],"picked":"Guardian:Gem_Lightblue","floor":17},{"not_picked":["Guardian:SphericShield","Guardian:HyperBeam_Guardian"],"picked":"Guardian:AncientConstruct","floor":18},{"not_picked":["Guardian:Gem_Lightblue","Guardian:Repulse"],"picked":"Guardian:Gem_Red","floor":21},{"not_picked":["Guardian:SentryBeam+1","Guardian:Suspension"],"picked":"Guardian:Gem_Fragmented","floor":27},{"not_picked":["Guardian:ChargeCore","Guardian:VentSteam"],"picked":"Guardian:Reroute","floor":29},{"not_picked":["Guardian:Incinerate","Guardian:PrimingBeam+1"],"picked":"Guardian:Emergency","floor":31},{"not_picked":["Guardian:StasisStrike","Guardian:VentSteam+1"],"picked":"Guardian:BronzeArmor","floor":32},{"not_picked":["Guardian:ChargeUp+1","Guardian:VentSteam+1"],"picked":"Guardian:Incinerate+1","floor":33},{"not_picked":["Guardian:PrimingBeam","Guardian:TemporalStrike"],"picked":"Guardian:Gem_Cyan","floor":34},{"not_picked":["Guardian:HyperBeam_Guardian","Guardian:Gem_Synthetic"],"picked":"Guardian:RevengeProtocol","floor":35},{"not_picked":["Guardian:PiercingHide","Guardian:CrystalBeam"],"picked":"Guardian:GuardianWhirl+1","floor":38},{"not_picked":["Guardian:BronzeArmor+1","Guardian:SentryBeam+1"],"picked":"Guardian:DecasProtection+1","floor":41},{"not_picked":["Guardian:MultiBeam","Guardian:CrystalBeam"],"picked":"Guardian:Gem_Lightblue","floor":41},{"not_picked":["Guardian:ShieldCharger+1","Guardian:VentSteam+1","Guardian:PrismaticBarrier+1"],"picked":"SKIP","floor":42},{"not_picked":["Guardian:PrismaticBeam","Guardian:DonusPower+1"],"picked":"Guardian:TimeCapacitor","floor":44},{"not_picked":["Guardian:Reroute","Guardian:Preprogram+1","Guardian:VentSteam+1"],"picked":"SKIP","floor":46},{"not_picked":["Guardian:Suspension+1","Guardian:Gem_Lightblue"],"picked":"Guardian:EvasiveProtocol+1","floor":47},{"not_picked":["Guardian:Planning+1","Guardian:WalkerClaw+1"],"picked":"Guardian:Gem_Green","floor":48},{"not_picked":["Guardian:AncientConstruct","Guardian:ChargeCore"],"picked":"Guardian:WalkerClaw+1","floor":51},{"not_picked":["Guardian:RefractedBeam","Guardian:Preprogram+1","Guardian:Gem_Lightblue"],"picked":"SKIP","floor":54}],"player_experience":54240,"relics_obtained":[{"floor":5,"key":"Replay:PocketPolymizer"},{"floor":7,"key":"Replay:Wax Seal"},{"floor":11,"key":"Replay:Rubber Ducky"},{"floor":14,"key":"Toy Ornithopter"},{"floor":21,"key":"Whetstone"},{"floor":26,"key":"Happy Flower"},{"floor":27,"key":"Grinning Jar"},{"floor":29,"key":"Replay:Bottled Eggs"},{"floor":40,"key":"Toxic Egg 2"},{"floor":41,"key":"Bronze Scales"},{"floor":43,"key":"Regal Pillow"},{"floor":44,"key":"Mummified Hand"},{"floor":46,"key":"Blue Doll"},{"floor":49,"key":"HornCleat"},{"floor":54,"key":"Gremlin Food"}],"event_choices":[{"damage_healed":0,"gold_gain":0,"player_choice":"Copied","damage_taken":0,"max_hp_gain":0,"max_hp_loss":0,"event_name":"Duplicator","floor":30,"gold_loss":0,"cards_obtained":["Pot Of Greed"]}],"is_beta":true,"boss_relics":[{"not_picked":["SlaversCollar","Velvet Choker"],"picked":"Philosopher\u0027s Stone"},{"not_picked":["Kintsugi","Snecko Eye"],"picked":"Runic Pyramid"}],"items_purged_floors":[],"is_endless":false,"potions_floor_spawned":[7,11,15,17,27,34,44,54],"ascension_level":0}}