{"host":"3mdjmozz5rahgtdc","time":1608390157,"event":{"mods":["AchievementEnabler","BaseMod","Better Silent Start","Better-Laid Plans","Colored Map","Colored Powertips","Custom Start","DeckTracker","Emptier Cage","KOR Keyword Fix","Keyboard Shortcuts","Minty Spire (QoL Compilation)","Permanent Neow","Quick Restart","StSLib","SuperFastMode"],"gold_per_floor":[115,14,14,24,24,24,39,39,93,128,128,53,69,84,84,180,180,200,115,115,115,115,115,115],"floor_reached":23,"playtime":578,"items_purged":["Strike_R"],"score":262,"play_id":"5cc6d616-f235-424c-8268-5a89f470beb6","local_time":"20201220000237","is_ascension_mode":true,"campfire_choices":[{"data":"Barricade","floor":6,"key":"SMITH"},{"data":"Power Through","floor":8,"key":"SMITH"},{"data":"True Grit","floor":11,"key":"SMITH"},{"data":"Juggernaut","floor":15,"key":"SMITH"}],"circlet_count":0,"master_deck":["Defend_R","Defend_R","Defend_R","Defend_R","Bash","Barricade+1","Power Through+1","True Grit+1","Carnage","Cleave","Shrug It Off","Juggernaut+1","Shrug It Off+1"],"relics":["Burning Blood","Orichalcum","StrikeDummy","Empty Cage","FossilizedHelix"],"acts_visited":["Exordium","TheCity"],"potions_floor_usage":[23,23],"damage_taken":[{"damage":6,"enemies":"2 Louse","floor":1,"turns":4},{"damage":0,"enemies":"Cultist","floor":4,"turns":5},{"damage":2,"enemies":"Jaw Worm","floor":7,"turns":10},{"damage":18,"enemies":"Lagavulin","floor":10,"turns":16},{"damage":8,"enemies":"Large Slime","floor":13,"turns":5},{"damage":5,"enemies":"Looter","floor":14,"turns":5},{"damage":10,"enemies":"The Guardian","floor":16,"turns":17},{"damage":3,"enemies":"Shell Parasite","floor":18,"turns":9},{"damage":85,"enemies":"Slavers","floor":23,"turns":8}],"seed_played":"-8444841910096551651","potions_obtained":[{"floor":1,"key":"Dexterity Potion"},{"floor":16,"key":"Dexterity Potion"},{"floor":18,"key":"Energy Potion"}],"is_trial":false,"path_per_floor":["M","$","?","M","$","R","M","R","T","E","R","$","M","M","R","B",null,"M","?","$","?","?","E"],"character_chosen":"IRONCLAD","items_purchased":["True Grit","Carnage"],"campfire_rested":0,"item_purchase_floors":[2,2],"current_hp_per_floor":[72,72,72,78,78,78,80,80,80,68,68,68,66,67,67,63,76,79,79,79,79,79,0,0],"gold":115,"neow_bonus":"ONE_RANDOM_RARE_CARD","is_daily":false,"chose_seed":false,"campfire_upgraded":4,"win_rate":0.0,"timestamp":1608390157,"path_taken":["M","$","?","M","?","R","M","R","T","E","R","$","M","M","R","BOSS","M","?","$","?","?","E"],"items_purchased_type":["Card","Card"],"build_version":"2020-12-13","purchased_purges":1,"victory":false,"max_hp_per_floor":[80,80,80,80,80,80,80,80,80,80,80,80,80,80,80,80,80,80,80,80,80,80,80,80],"card_choices":[{"not_picked":["Iron Wave","Feel No Pain"],"picked":"Power Through","floor":1},{"not_picked":["Pummel","Metallicize"],"picked":"Cleave","floor":4},{"not_picked":["Dark Embrace","Anger","Iron Wave"],"picked":"SKIP","floor":7},{"not_picked":["Clash","Searing Blow"],"picked":"Shrug It Off","floor":10},{"not_picked":["Infernal Blade","Headbutt","Rage"],"picked":"SKIP","floor":13},{"not_picked":["Rupture","Cleave"],"picked":"Juggernaut","floor":14},{"not_picked":["Cleave","Wild Strike"],"picked":"Shrug It Off+1","floor":18}],"player_experience":310813,"relics_obtained":[{"floor":9,"key":"Orichalcum"},{"floor":10,"key":"StrikeDummy"}],"event_choices":[{"cards_removed":["Strike_R"],"damage_healed":0,"gold_gain":0,"player_choice":"Card Removal","damage_taken":0,"max_hp_gain":0,"max_hp_loss":0,"event_name":"Wheel of Change","floor":3,"gold_loss":0},{"damage_healed":0,"gold_gain":0,"player_choice":"Obtained Relic","damage_taken":0,"relics_obtained":["FossilizedHelix"],"max_hp_gain":0,"max_hp_loss":0,"event_name":"Addict","floor":19,"gold_loss":85},{"damage_healed":0,"gold_gain":0,"player_choice":"Ignored","damage_taken":0,"max_hp_gain":0,"max_hp_loss":0,"event_name":"The Mausoleum","floor":21,"gold_loss":0},{"damage_healed":0,"gold_gain":0,"player_choice":"Ignored","damage_taken":0,"max_hp_gain":0,"max_hp_loss":0,"event_name":"Cursed Tome","floor":22,"gold_loss":0}],"is_beta":false,"boss_relics":[{"not_picked":["Black Blood","Black Star"],"picked":"Empty Cage"}],"items_purged_floors":[12],"is_endless":false,"potions_floor_spawned":[1,16,18],"killed_by":"Slavers","ascension_level":8}}