{"host":"zzf13dk0jcen0ncv","time":1608363412,"event":{"mods":["AchievementEnabler","BaseMod","BetterRewards","Colored Map","Keyboard Shortcuts","Minty Spire (QoL Compilation)","Quick Restart","Shop Mod","StSLib","SuperFastMode","Waifu the Spire"],"gold_per_floor":[113,126,126,126,208,27,61,61,61,79,105,30,59,80,80,158,158,170,170,183,194,206,206,206,206],"floor_reached":24,"playtime":709,"items_purged":["Strike_R","Strike_R"],"score":703,"play_id":"09de6dd9-060e-421e-ac6b-05f6ff8c2b35","local_time":"20201219163652","is_ascension_mode":true,"campfire_choices":[{"data":"Dark Embrace","floor":8.0,"key":"SMITH"},{"data":"Entrench","floor":15.0,"key":"SMITH"},{"data":"Limit Break","floor":23,"key":"SMITH"}],"circlet_count":0,"master_deck":["AscendersBane","Defend_R+1","Defend_R","Defend_R","Defend_R","Bash","Feel No Pain","Panacea","Shockwave+1","Flame Barrier","Mayhem","Dark Embrace+1","Whirlwind","Sadistic Nature","Panacea","Reaper","Feed","Spot Weakness","Disarm","Inflame+1","Flex","Body Slam+1","Evolve+1","Entrench+1","Barricade+1","Wild Strike+1","Limit Break+1","Second Wind","Fire Breathing+1"],"relics":["Burning Blood","Membership Card","HornCleat","Nunchaku","Boot","Matryoshka","Gremlin Horn","Strange Spoon","Frozen Egg 2","Bronze Scales","Self Forming Clay","ClockworkSouvenir","Molten Egg 2","Potion Belt","InkBottle","Bag of Marbles","Pear","Odd Mushroom","Empty Cage","War Paint"],"acts_visited":["Exordium","TheCity"],"potions_floor_usage":[],"damage_taken":[{"damage":2.0,"enemies":"Small Slimes","floor":1.0,"turns":3.0},{"damage":9.0,"enemies":"Jaw Worm","floor":2.0,"turns":6.0},{"damage":30.0,"enemies":"Lagavulin","floor":7.0,"turns":8.0},{"damage":13.0,"enemies":"2 Louse","floor":10.0,"turns":4.0},{"damage":47.0,"enemies":"Gremlin Nob","floor":11.0,"turns":5.0},{"damage":8.0,"enemies":"Lagavulin","floor":13.0,"turns":5.0},{"damage":7.0,"enemies":"The Mushroom Lair","floor":14.0,"turns":4.0},{"damage":30.0,"enemies":"Slime Boss","floor":16.0,"turns":7.0},{"damage":12,"enemies":"3 Byrds","floor":18,"turns":3},{"damage":12,"enemies":"Chosen","floor":20,"turns":11},{"damage":50,"enemies":"3 Cultists","floor":21,"turns":5},{"damage":17,"enemies":"Snake Plant","floor":22,"turns":6},{"damage":47,"enemies":"Slavers","floor":24,"turns":3}],"seed_played":"-2784689246578643399","potions_obtained":[{"floor":10.0,"key":"SteroidPotion"},{"floor":13.0,"key":"Block Potion"},{"floor":14.0,"key":"Strength Potion"},{"floor":21,"key":"Dexterity Potion"}],"is_trial":false,"path_per_floor":["M","M","?","?","T","$","E","R","T","M","E","?","E","?","R","B",null,"M","?","M","M","M","R","E"],"character_chosen":"IRONCLAD","items_purchased":["Membership Card","HornCleat","Nunchaku","Feel No Pain","Panacea","Shockwave","Flame Barrier","Boot","Mayhem","Dark Embrace","Whirlwind","Matryoshka","Gremlin Horn","Sadistic Nature","Panacea","Strange Spoon","Reaper","Feed","Inflame+1","ClockworkSouvenir","Flex"],"campfire_rested":0,"item_purchase_floors":[0,0,0,0,0,0,0,0,0,0,0,0,0,0,0,0,0,0,6,6,6],"current_hp_per_floor":[75,75,70,75,75,75,77,77,77,82,45,45,53,55,55,43,87,81,81,84,40,45,45,0,0],"gold":206,"neow_bonus":"","is_daily":false,"chose_seed":false,"campfire_upgraded":3,"win_rate":0.0,"timestamp":1608363412,"path_taken":["M","M","?","?","?","$","E","R","T","M","E","?","E","?","R","BOSS","M","?","M","M","M","R","E"],"items_purchased_type":["Relic","Relic","Relic","Card","Card","Card","Card","Relic","Card","Card","Card","Relic","Relic","Card","Card","Relic","Card","Card","Card","Relic","Card"],"build_version":"2020-12-13","purchased_purges":2,"victory":false,"max_hp_per_floor":[78,78,78,83,83,83,83,83,83,86,86,86,96,99,99,102,102,102,102,105,105,108,108,108,108],"card_choices":[{"not_picked":["Pommel Strike","Twin Strike"],"picked":"Spot Weakness","floor":1.0},{"not_picked":["Pummel","Pommel Strike"],"picked":"Disarm","floor":2.0},{"not_picked":["Twin Strike+1","Entrench"],"picked":"Body Slam+1","floor":7.0},{"not_picked":["Entrench","Shockwave"],"picked":"Evolve+1","floor":10.0},{"not_picked":["Body Slam+1","Warcry"],"picked":"Entrench","floor":11.0},{"not_picked":["Warcry","Brutality+1"],"picked":"Barricade+1","floor":13.0},{"not_picked":["Dropkick+1","Rampage+1"],"picked":"Wild Strike+1","floor":14.0},{"not_picked":["Brutality+1","Fiend Fire+1"],"picked":"Limit Break","floor":16.0},{"not_picked":["Wild Strike+1","Rupture+1","Cleave+1"],"picked":"SKIP","floor":18},{"not_picked":["Warcry","Iron Wave+1","Shockwave"],"picked":"SKIP","floor":20},{"not_picked":["Anger+1","Perfected Strike+1"],"picked":"Second Wind","floor":21},{"not_picked":["Wild Strike+1","Inflame+1"],"picked":"Fire Breathing+1","floor":22}],"player_experience":901048,"relics_obtained":[{"floor":5.0,"key":"Bronze Scales"},{"floor":5.0,"key":"Self Forming Clay"},{"floor":7.0,"key":"Molten Egg 2"},{"floor":9.0,"key":"Potion Belt"},{"floor":9.0,"key":"InkBottle"},{"floor":11.0,"key":"Bag of Marbles"},{"floor":13.0,"key":"Pear"},{"floor":14.0,"key":"Odd Mushroom"}],"event_choices":[{"damage_healed":0.0,"max_hp_gain":0.0,"max_hp_loss":0.0,"gold_gain":0.0,"event_name":"Scrap Ooze","player_choice":"Success","floor":3.0,"gold_loss":0.0,"damage_taken":5.0,"relics_obtained":["Frozen Egg 2"]},{"damage_healed":0.0,"max_hp_gain":5.0,"max_hp_loss":0.0,"gold_gain":0.0,"event_name":"Big Fish","player_choice":"Donut","floor":4.0,"gold_loss":0.0,"damage_taken":0.0},{"cards_removed":["Strike_R"],"damage_healed":0.0,"max_hp_gain":0.0,"max_hp_loss":0.0,"gold_gain":0.0,"event_name":"The Cleric","player_choice":"Card Removal","floor":12.0,"gold_loss":75.0,"damage_taken":0.0},{"damage_healed":0.0,"max_hp_gain":0.0,"max_hp_loss":0.0,"gold_gain":0.0,"event_name":"Mushrooms","player_choice":"Fought Mushrooms","floor":14.0,"gold_loss":0.0,"damage_taken":0.0},{"damage_healed":0,"gold_gain":0,"player_choice":"Gave Potion","damage_taken":0,"relics_obtained":["War Paint"],"max_hp_gain":0,"max_hp_loss":0,"event_name":"WeMeetAgain","floor":19,"gold_loss":0}],"is_beta":false,"boss_relics":[{"not_picked":["Cursed Key","Calling Bell"],"picked":"Empty Cage"}],"items_purged_floors":[0,6],"is_endless":false,"potions_floor_spawned":[10,13,14,21],"killed_by":"Slavers","ascension_level":20}}