{"host":"r40cn8c2kv7g6k3i","time":1608375227,"event":{"mods":["Act Like it!","BaseMod","Colored Powertips","Downfall","Gensokyo","Hallownest","KinomotoSakuraMod(ƒæ÷Æ±æ”£)","Marisa£®ÏF”Í°°ƒß¿Ì…≥£©","Minty Spire (QoL Compilation)","Onozuka Komachi Mod","Prisma Mod","Reimu£®≤©¿ˆ¡È√Œ£©","Remilia£®¿Ÿ√◊¿Ú—«£©","Replay The Spire","Shop Mod","Spicy Shops","StSLib","The Alterego","The Bug Knight","The Servant 0.9.4","UnlockEverythingMod","WarShipGirlsR/’ΩΩ¢…Ÿ≈ÆR mod","Youmu£®ªÍ∆«—˝√Œ£©","Yuri Mod"],"gold_per_floor":[119,119,119,135,135,135,149,184,184,184,39,52,52,78,78,183,183,94,194,114,34,34,34,65,80,134,2,2,8,62,115,115,163,263,349,378,505,546,563,563,563,622,676,688,688],"floor_reached":44,"playtime":5375,"items_purged":["Defend_MRS","Defend_MRS"],"score":806,"play_id":"509ea09f-5dbd-4d81-ac78-0fde35a66dde","local_time":"20201219185347","is_ascension_mode":true,"campfire_choices":[{"floor":6,"key":"RECALL"},{"data":"IllusionStar","floor":10,"key":"SMITH"},{"floor":15,"key":"REST"},{"data":"BinaryStars","floor":23,"key":"SMITH"},{"data":"OortCloud","floor":23,"key":"SMITH"},{"data":"OpenUniverse","floor":28,"key":"SMITH"},{"data":"WitchOfGreed","floor":28,"key":"SMITH"},{"floor":32,"key":"REST"},{"floor":40,"key":"REST"}],"circlet_count":0,"master_deck":["Defend_MRS","MasterSpark","UpSweep","Acceleration","StarDustReverie","SuperPerseids","Gensokyo:MarisaTwilightSpark","IllusionStar+1","SuperPerseids","DeepEcoloBomb","PowerUp","OrrerysSun","MysteriousBeam","MilkyWay","SatelliteIllusion","BinaryStars+1","OpenUniverse+1","Singularity","EarthLightRay","AlicesGift","OortCloud+1","ShootTheMoon","SprinkleStarSeal","Orbital+1","ReplayTheSpireMod:IOU","ReplayTheSpireMod:IOU","WitchOfGreed+1","WitchOfGreed","Specialist","PowerUp","ReplayTheSpireMod:IOU","ReplayTheSpireMod:IOU","WitchOfGreed","PowerUp","DoubleSpark","LuminesStrike+1","Replay:Parry","Replay:Parry","DeepEcoloBomb+1","ShootTheMoon","SuperPerseids","MillisecondPulsars","IllusionStar+1","MagicAbsorber","Pride","EnergyFlow","ReplayTheSpireMod:IOU","ReplayTheSpireMod:IOU","ReplayTheSpireMod:IOU","ReplayTheSpireMod:IOU","ReplayTheSpireMod:IOU","GrandCross+1","Acceleration","Occultation","AsteroidBelt"],"relics":["MiniHakkero","Replay:Wax Seal","Mango","The Courier","Ice Cream","Blue Doll","ReplayTheSpireMod:Lightbulb","StoneCalendar","Replay:Arrowhead","Snecko Eye","Replay:PocketPolymizer","CaptainsWheel","Potion Belt","Strawberry","TentaclePot:ReiMu","Durian","BargainBundle","BreadOfAWashokuLover","Replay:Wanted Poster","MealTicket","TheAbacus","MawBank"],"acts_visited":["Gensokyo:Gensokyo","Gensokyo:Gensokyoer","TheBeyond"],"potions_floor_usage":[8,25,25,31,31,33,33,33,33,35,35,38,41,41,42,42,42,44,44],"damage_taken":[{"damage":2,"enemies":"Gensokyo:Python","floor":1,"turns":3},{"damage":6,"enemies":"Gensokyo:2_Kodama","floor":4,"turns":3},{"damage":6,"enemies":"Gensokyo:3_Fairies","floor":7,"turns":5},{"damage":14,"enemies":"Gensokyo:Cirno","floor":8,"turns":5},{"damage":10,"enemies":"Gensokyo:Gryphon_and_Rabbit","floor":12,"turns":3},{"damage":7,"enemies":"Gensokyo:Mamizou","floor":14,"turns":5},{"damage":16,"enemies":"Gensokyo:Reimu","floor":16,"turns":7},{"damage":13,"enemies":"Gensokyo:CosmicMonolith","floor":18,"turns":3},{"damage":14,"enemies":"Gensokyo:CosmicMonolith","floor":19,"turns":5},{"damage":0,"enemies":"Gensokyo:2_Gloops","floor":20,"turns":3},{"damage":0,"enemies":"Gensokyo:Wraith","floor":21,"turns":4},{"damage":10,"enemies":"Gensokyo:Tenshi","floor":24,"turns":4},{"damage":25,"enemies":"Gensokyo:Slime_Group","floor":25,"turns":6},{"damage":7,"enemies":"Gensokyo:Mirror_and_Dog","floor":30,"turns":4},{"damage":2,"enemies":"Gensokyo:Koishi","floor":31,"turns":4},{"damage":40,"enemies":"Gensokyo:Eiki","floor":33,"turns":12},{"damage":41,"enemies":"3 Shapes","floor":35,"turns":6},{"damage":10,"enemies":"Orb Walker","floor":36,"turns":2},{"damage":26,"enemies":"Spire Growth","floor":38,"turns":5},{"damage":22,"enemies":"3 Darklings","floor":39,"turns":6},{"damage":0,"enemies":"HollowMod:StalkingDevout","floor":41,"turns":3},{"damage":74,"enemies":"Writhing Mass","floor":42,"turns":7},{"damage":20,"enemies":"4 Shapes","floor":44,"turns":1}],"seed_played":"-3461206922043685019","potions_obtained":[{"floor":1,"key":"ColorlessPotion"},{"floor":8,"key":"BlessingOfTheForge"},{"floor":12,"key":"StarNLove"},{"floor":14,"key":"Block Potion"},{"floor":24,"key":"Dexterity Potion"},{"floor":25,"key":"Dexterity Potion"},{"floor":31,"key":"EssenceOfSteel"},{"floor":33,"key":"ShroomBrew"},{"floor":33,"key":"SkillPotion"},{"floor":33,"key":"Reflective Coating"},{"floor":35,"key":"SkillPotion"},{"floor":35,"key":"GamblersBrew"},{"floor":35,"key":"Regen Potion"},{"floor":35,"key":"FearPotion"},{"floor":36,"key":"champ:CounterPotion"},{"floor":38,"key":"Dexterity Potion"},{"floor":42,"key":"CultistPotion"},{"floor":42,"key":"Adrenaline Potion"}],"is_trial":false,"path_per_floor":["M","?","?","M","?","R","M","E","T","R","$","M","T","E","R","B",null,"M","?","M","M","?","R","E","M","T","$","R","$","M","E","R","B",null,"M","M","$","M","M","R","E","M","T","M"],"character_chosen":"MARISA","items_purchased":["Blue Doll","DeepEcoloBomb","PowerUp","ReplayTheSpireMod:Lightbulb","OrrerysSun","MysteriousBeam","TentaclePot:ReiMu","Durian","WitchOfGreed","Specialist","BargainBundle","WitchOfGreed","PowerUp","DoubleSpark","LuminesStrike+1","Replay:Parry","Fire Potion","Adrenaline Potion","PowerPotion","MealTicket","EnergyFlow","TheAbacus"],"campfire_rested":3,"item_purchase_floors":[11,11,11,11,11,11,27,27,27,27,29,29,29,29,29,29,29,29,29,37,37,37],"current_hp_per_floor":[73,73,66,60,60,60,54,40,40,40,40,30,30,23,49,33,89,76,62,62,62,62,62,56,35,42,47,47,47,44,42,72,37,101,65,56,56,31,18,48,54,14,14,0,0],"gold":688,"neow_bonus":"RANDOM_COMMON_RELIC","is_daily":false,"chose_seed":false,"campfire_upgraded":5,"win_rate":0.0,"timestamp":1608375227,"path_taken":["M","?","?","M","?","R","M","E","T","R","$","M","?","E","R","BOSS","M","?","?","M","?","R","E","?","T","?","R","$","M","E","R","BOSS","M","M","$","M","M","R","E","M","T","M"],"items_purchased_type":["Relic","Card","Card","Relic","Card","Card","Relic","Relic","Card","Card","Relic","Card","Card","Card","Card","Card","Potion","Potion","Potion","Relic","Card","Relic"],"build_version":"2020-12-13","purchased_purges":2,"victory":false,"max_hp_per_floor":[75,75,89,89,89,89,89,89,89,89,89,89,89,89,89,89,89,89,89,89,89,89,89,89,89,96,101,101,101,101,101,101,101,101,101,101,101,101,101,101,101,114,114,114,114],"card_choices":[{"not_picked":["Occultation","6A"],"picked":"Acceleration","floor":1},{"not_picked":["FairyDestructionRay","LuminesStrike"],"picked":"SuperPerseids","floor":4},{"not_picked":["6A","MachineGunSpark"],"picked":"IllusionStar","floor":7},{"not_picked":["PowerUp","UnstableBomb"],"picked":"SuperPerseids","floor":8},{"not_picked":["StarBarrage","WitchLeyline"],"picked":"MilkyWay","floor":12},{"not_picked":["PulseMagic","ShootTheMoon"],"picked":"SatelliteIllusion","floor":14},{"not_picked":["FinalSpark","MaximisePower"],"picked":"BinaryStars","floor":16},{"not_picked":["GrandCross","AlicesGift"],"picked":"OpenUniverse","floor":18},{"not_picked":["GalacticHalo","DC+1"],"picked":"Singularity","floor":19},{"not_picked":["DeepEcoloBomb","6A"],"picked":"EarthLightRay","floor":20},{"not_picked":["FairyDestructionRay","WitchLeyline"],"picked":"AlicesGift","floor":21},{"not_picked":["GrandCross+1","IllusionStar"],"picked":"SprinkleStarSeal","floor":24},{"not_picked":["GalacticHalo+1","MeteoricShower"],"picked":"Orbital+1","floor":25},{"not_picked":["BlazingStar","GalacticHalo"],"picked":"DeepEcoloBomb+1","floor":30},{"not_picked":["WitchLeyline","DC"],"picked":"ShootTheMoon","floor":31},{"not_picked":["SuperNova","AbsoluteMagnitude"],"picked":"MillisecondPulsars","floor":33},{"not_picked":["GravityBeat+1","MysteriousBeam"],"picked":"IllusionStar+1","floor":35},{"not_picked":["LuminesStrike","MilkyWay"],"picked":"MagicAbsorber","floor":36},{"not_picked":["MachineGunSpark+1","WitchOfGreed+1"],"picked":"GrandCross+1","floor":38},{"not_picked":["StarlightTyphoon+1","MysteriousBeam"],"picked":"Acceleration","floor":39},{"not_picked":["DC+1","LuminesStrike"],"picked":"AsteroidBelt","floor":42}],"player_experience":131102,"relics_obtained":[{"floor":8,"key":"The Courier"},{"floor":9,"key":"Ice Cream"},{"floor":13,"key":"StoneCalendar"},{"floor":14,"key":"Replay:Arrowhead"},{"floor":19,"key":"Replay:PocketPolymizer"},{"floor":19,"key":"CaptainsWheel"},{"floor":24,"key":"Potion Belt"},{"floor":26,"key":"Strawberry"},{"floor":31,"key":"BreadOfAWashokuLover"},{"floor":43,"key":"MawBank"}],"event_choices":[],"is_beta":false,"boss_relics":[{"not_picked":["Replay:Grab Bag","Astrolabe"],"picked":"Snecko Eye"},{"not_picked":["SacredBark","Cursed Key"],"picked":"Replay:Wanted Poster"}],"items_purged_floors":[29,37],"is_endless":false,"potions_floor_spawned":[1,8,12,14,21,24,25,30],"killed_by":"4 Shapes","ascension_level":2}}