{"host":"0rxdudjy6rylha1k","time":1608342084,"event":{"mods":["Aspiration","BaseMod","Colored Map","Colored Powertips","Downfall","Highlight Path","Hubris","Minty Spire (QoL Compilation)","StSLib"],"gold_per_floor":[99,99,132,57,57,57,83,50,50,81,91,110,210,227,241,345,345,345,345,357,382,406,406,406,406,419,419,429,442,44,144,154,251,251,251,267,64,82,82,82,135,60,71,71,81,81,84,84,99,99],"floor_reached":51,"playtime":4302,"items_purged":[],"score":799,"play_id":"f23417dc-227e-47f1-ac1b-207db3556e89","local_time":"20201218184124","is_ascension_mode":true,"campfire_choices":[{"floor":1,"key":"RECALL"},{"data":"champ:SkillfulDodge","floor":4,"key":"SMITH"},{"data":"champ:Execute","floor":6,"key":"SMITH"},{"data":"champ:Taunt","floor":9,"key":"SMITH"},{"data":"champ:Improvising","floor":18,"key":"SMITH"},{"data":"champ:Haymaker","floor":23,"key":"SMITH"},{"data":"champ:Balance","floor":25,"key":"SMITH"},{"floor":27,"key":"REST"},{"data":"champ:LastStand","floor":35,"key":"SMITH"},{"data":"Magnetism","floor":42,"key":"SMITH"},{"data":"Juggernaut","floor":44,"key":"SMITH"}],"circlet_count":0,"master_deck":["champ:Strike","champ:Strike","champ:Defend","champ:Defend","champ:Defend","champ:Defend","champ:Execute+1","champ:Taunt+1","champ:SkillfulDodge+1","champ:Encircle","champ:SkillfulDodge+1","champ:FanOfKnives","champ:Balance+1","champ:Haymaker+1","champ:RapidStrikes","champ:BringItOn+1","champ:Improvising+1","champ:Balance","champ:StanceDance","champ:FanOfKnives+1","champ:CrookedStrike","champ:EndlessRage","champ:StanceDance","champ:ShieldSigil+1","champ:LastStand+1","Pommel Strike","Body Slam+1","Magnetism+1","Juggernaut+1","Flame Barrier","Inflame+1","Bandage Up","Barricade"],"relics":["champ:ChampionCrown","downfall:HeartsMalice","champ:LiftRelic","hubris:CrystalStatue","downfall:HeartBlessingRed","hubris:Towel","Oddly Smooth Stone","Toy Ornithopter","hubris:ScarierMask","Enchiridion","StoneCalendar","Bronze Scales","Incense Burner","Toolbox","Akabeko","champ:BlackKnightHelmet","hubris:DeckOfHolding","aspiration:IroncladSkillbook","downfall:HeartBlessingBlue","Kunai"],"acts_visited":["Exordium","TheCity","TheBeyond"],"potions_floor_usage":[15,26,31,33,50,50],"damage_taken":[{"damage":0,"enemies":"Gremlin Nob","floor":3,"turns":1},{"damage":0,"enemies":"downfall:FleeingMerchant","floor":8,"turns":1},{"damage":0,"enemies":"3 Sentries","floor":10,"turns":1},{"damage":7,"enemies":"Cultist","floor":11,"turns":2},{"damage":1,"enemies":"Jaw Worm","floor":12,"turns":2},{"damage":0,"enemies":"2 Louse","floor":14,"turns":1},{"damage":7,"enemies":"Exordium Thugs","floor":15,"turns":3},{"damage":47,"enemies":"downfall:Silent","floor":16,"turns":8},{"damage":15,"enemies":"3 Byrds","floor":20,"turns":2},{"damage":10,"enemies":"Gremlin Leader","floor":21,"turns":7},{"damage":18,"enemies":"Snecko","floor":26,"turns":5},{"damage":4,"enemies":"Centurion and Healer","floor":28,"turns":3},{"damage":11,"enemies":"Cultist and Chosen","floor":29,"turns":3},{"damage":6,"enemies":"downfall:FleeingMerchant","floor":30,"turns":4},{"damage":16,"enemies":"downfall:FleeingMerchant","floor":31,"turns":8},{"damage":2,"enemies":"Chosen and Byrds","floor":32,"turns":2},{"damage":27,"enemies":"downfall:Ironclad","floor":33,"turns":6},{"damage":15,"enemies":"3 Shapes","floor":36,"turns":2},{"damage":10,"enemies":"downfall:FleeingMerchant","floor":37,"turns":4},{"damage":8,"enemies":"Orb Walker","floor":38,"turns":3},{"damage":0,"enemies":"Sphere and 2 Shapes","floor":43,"turns":2},{"damage":3,"enemies":"3 Darklings","floor":45,"turns":3},{"damage":4,"enemies":"downfall:FleeingMerchant","floor":47,"turns":4},{"damage":14,"enemies":"Spire Growth","floor":49,"turns":4},{"damage":20,"enemies":"downfall:Watcher","floor":50,"turns":7}],"seed_played":"3967157943925513802","potions_obtained":[{"floor":12,"key":"hexamod:EctoCoolerPotion"},{"floor":16,"key":"SkillPotion"},{"floor":29,"key":"Explosive Potion"},{"floor":31,"key":"LiquidBronze"},{"floor":32,"key":"Explosive Potion"},{"floor":36,"key":"Block Potion"},{"floor":45,"key":"Fire Potion"}],"is_trial":false,"path_per_floor":["R","?","E","R","?","R","T","$","R","E","M","M","?","M","M","B",null,"R","?","M","E","T","R","T","R","M","R","M","M","$","?","M","B",null,"R","M","$","M","?","?","T","R","M","R","M","?","$","$","M","B",null],"character_chosen":"THE_CHAMP","items_purchased":["champ:SkillfulDodge","Toolbox","Akabeko","champ:EndlessRage","champ:StanceDance","Magnetism","Kunai","Bandage Up"],"campfire_rested":1,"item_purchase_floors":[8,30,30,30,30,37,47,47],"current_hp_per_floor":[90,90,90,90,90,90,90,90,90,90,90,89,89,89,90,65,90,90,74,68,66,66,66,66,66,58,85,85,82,83,87,89,88,90,90,80,80,76,76,68,68,78,82,82,83,83,91,91,81,97],"gold":99,"neow_bonus":"THREE_ENEMY_KILL","is_daily":false,"chose_seed":false,"campfire_upgraded":9,"win_rate":0.0,"timestamp":1608342084,"path_taken":["R","?","E","R","?","R","T","$","R","E","M","M","?","M","M","BOSS","R","?","M","E","?","R","T","R","M","R","?","M","?","?","M","BOSS","R","M","$","M","?","?","T","R","?","R","M","?","?","$","M","BOSS"],"items_purchased_type":["Card","Relic","Relic","Card","Card","Card","Relic","Card"],"build_version":"2020-12-13","purchased_purges":0,"victory":true,"max_hp_per_floor":[90,90,90,90,90,90,90,90,90,90,90,90,90,90,90,90,90,90,90,90,90,90,90,90,90,90,90,90,90,90,90,90,90,90,90,90,90,90,90,90,90,100,100,100,100,100,100,100,100,100],"card_choices":[{"not_picked":["champ:BringItOn","champ:EnGarde"],"picked":"champ:SkillfulDodge","floor":3},{"not_picked":["champ:FocusedDefense","champ:Duel"],"picked":"champ:Encircle","floor":8},{"not_picked":["champ:DeathBlow","champ:DefensiveShout"],"picked":"champ:FanOfKnives","floor":10},{"not_picked":["champ:Duel","champ:BringItOn"],"picked":"champ:Balance","floor":11},{"not_picked":["champ:HoldFirm","champ:PerfectedStrike"],"picked":"champ:Haymaker","floor":12},{"not_picked":["champ:CrookedStrike","champ:SwordSigil"],"picked":"champ:RapidStrikes","floor":14},{"not_picked":["champ:DefensiveShout","champ:Backstep"],"picked":"champ:BringItOn","floor":15},{"not_picked":["champ:Devastate","champ:EnchantCrown"],"picked":"champ:Improvising","floor":16},{"not_picked":["champ:Circumvent+1","champ:BladeFlurry"],"picked":"champ:Balance","floor":20},{"not_picked":["champ:Control","champ:SwordThrow","champ:AdrenalArmor"],"picked":"SKIP","floor":21},{"not_picked":["champ:GladiatorStyle","champ:FlashCut"],"picked":"champ:StanceDance","floor":26},{"not_picked":["champ:Duel+1","champ:Encircle"],"picked":"champ:FanOfKnives+1","floor":28},{"not_picked":["champ:FocusedBerserking","champ:RapidStrikes+1"],"picked":"champ:CrookedStrike","floor":29},{"not_picked":["champ:Haymaker","champ:ViciousMockery","champ:EnGarde"],"picked":"SKIP","floor":30},{"not_picked":["champ:StanceDance","champ:DefensiveStyle"],"picked":"champ:ShieldSigil+1","floor":31},{"not_picked":["champ:Shatter","champ:BringItOn","champ:DefensiveShout"],"picked":"SKIP","floor":32},{"not_picked":["champ:DancingMaster","champ:Improvising"],"picked":"champ:LastStand","floor":33},{"not_picked":["Hemokinesis","Iron Wave+1","Twin Strike"],"picked":"Pommel Strike","floor":36},{"not_picked":["Rampage+1","Second Wind+1","Sword Boomerang+1"],"picked":"Body Slam+1","floor":37},{"not_picked":["Warcry","Carnage+1","Sword Boomerang","champ:RecklessLeap+1"],"picked":"SKIP","floor":38},{"not_picked":["hubris:ReadiedAction","champ:TornadoPunch+1","champ:Balance"],"picked":"Juggernaut","floor":43},{"not_picked":["Carnage","champ:DeathBlow+1","champ:PerfectedStrike+1"],"picked":"Flame Barrier","floor":45},{"not_picked":["True Grit","hubris:ReadiedAction+1","Body Slam+1"],"picked":"Inflame+1","floor":47},{"not_picked":["champ:BerserkersShout+1","Armaments","Second Wind"],"picked":"Barricade","floor":49}],"player_experience":2285408,"relics_obtained":[{"floor":3,"key":"hubris:CrystalStatue"},{"floor":7,"key":"Oddly Smooth Stone"},{"floor":10,"key":"Toy Ornithopter"},{"floor":19,"key":"Enchiridion"},{"floor":21,"key":"StoneCalendar"},{"floor":22,"key":"Bronze Scales"},{"floor":24,"key":"Incense Burner"},{"floor":31,"key":"champ:BlackKnightHelmet"},{"floor":31,"key":"hubris:DeckOfHolding"}],"event_choices":[{"cards_removed":["champ:Strike"],"damage_healed":0,"gold_gain":0,"player_choice":"Removed Attack","damage_taken":0,"max_hp_gain":0,"max_hp_loss":0,"event_name":"Falling","floor":39,"gold_loss":0}],"is_beta":false,"boss_relics":[{"not_picked":["Coffee Dripper","aspiration:RitualDagger"],"picked":"hubris:ScarierMask"},{"not_picked":["Fusion Hammer","SlaversCollar"],"picked":"aspiration:IroncladSkillbook"}],"items_purged_floors":[],"is_endless":false,"potions_floor_spawned":[12,16,29,31,32,36,45,49],"ascension_level":3}}