{"host":"pjgcdp3h1plnbocs","time":1608396425,"event":{"mods":["AchievementEnabler","BaseMod","Colored Map","Highlight Path","Minty Spire (QoL Compilation)"],"gold_per_floor":[359,359,30,30,47,72,72,104,104,148,57,57,76,93,93,190,240,255,33,33,53,53,87,105,135,159,159,177,205,222,222,222,320,320,339,107,107,0,0,34,34,64,110,125,125,175,175,189,189,189],"floor_reached":51,"playtime":1911,"items_purged":["Strike_G"],"score":986,"play_id":"802c3019-a5ab-460a-864b-eedcfed1c45f","local_time":"20201219174705","is_ascension_mode":true,"campfire_choices":[{"floor":7.0,"key":"REST"},{"floor":15.0,"key":"REST"},{"floor":27.0,"key":"REST"},{"data":"1","floor":32,"key":"LIFT"},{"data":"2","floor":41,"key":"LIFT"},{"data":"3","floor":45,"key":"LIFT"},{"floor":49,"key":"REST"}],"circlet_count":0,"master_deck":["Strike_G+1","Strike_G","Strike_G","Strike_G","Defend_G","Defend_G","Defend_G","Defend_G","Defend_G+1","Survivor","Neutralize","Backflip","Infinite Blades","Cloak And Dagger","Blade Dance+1","Accuracy+1","Venomology+1","Blade Dance","Dagger Spray+1","Terror","Envenom","Footwork","Infinite Blades+1","Accuracy+1"],"relics":["Ring of the Snake","Ninja Scroll","Shuriken","Tough Bandages","Girya","MawBank","MealTicket","Tiny House","Lantern","War Paint","Mummified Hand","Orichalcum","Nunchaku","SacredBark","Potion Belt","Red Mask","Toy Ornithopter","Snake Skull","Pen Nib","FossilizedHelix"],"acts_visited":["Exordium","TheCity","TheBeyond"],"potions_floor_usage":[29,29,30,30,46,48,50,50,50,50],"damage_taken":[{"damage":7.0,"enemies":"Cultist","floor":1.0,"turns":6.0},{"damage":0.0,"enemies":"2 Louse","floor":5.0,"turns":2.0},{"damage":20.0,"enemies":"Lagavulin","floor":6.0,"turns":4.0},{"damage":19.0,"enemies":"3 Sentries","floor":8.0,"turns":6.0},{"damage":8.0,"enemies":"Lagavulin","floor":10.0,"turns":5.0},{"damage":0.0,"enemies":"Jaw Worm","floor":13.0,"turns":1.0},{"damage":0.0,"enemies":"Blue Slaver","floor":14.0,"turns":3.0},{"damage":14.0,"enemies":"Hexaghost","floor":16.0,"turns":7.0},{"damage":9.0,"enemies":"3 Byrds","floor":18.0,"turns":4.0},{"damage":11.0,"enemies":"Shell Parasite","floor":21.0,"turns":4.0},{"damage":24.0,"enemies":"Book of Stabbing","floor":23.0,"turns":5.0},{"damage":0.0,"enemies":"Centurion and Healer","floor":24.0,"turns":4.0},{"damage":22.0,"enemies":"Slavers","floor":25.0,"turns":4.0},{"damage":0.0,"enemies":"Sentry and Sphere","floor":28.0,"turns":2.0},{"damage":8,"enemies":"Book of Stabbing","floor":29,"turns":3},{"damage":12,"enemies":"Snake Plant","floor":30,"turns":3},{"damage":20,"enemies":"Champ","floor":33,"turns":6},{"damage":3,"enemies":"3 Darklings","floor":35,"turns":2},{"damage":18,"enemies":"Reptomancer","floor":40,"turns":4},{"damage":3,"enemies":"Giant Head","floor":42,"turns":4},{"damage":4,"enemies":"3 Shapes","floor":44,"turns":2},{"damage":0,"enemies":"Mind Bloom Boss Battle","floor":46,"turns":2},{"damage":0,"enemies":"Maw","floor":48,"turns":3},{"damage":13,"enemies":"Time Eater","floor":50,"turns":5}],"seed_played":"-8884563700720072874","potions_obtained":[{"floor":5.0,"key":"SteroidPotion"},{"floor":8.0,"key":"PowerPotion"},{"floor":10.0,"key":"PowerPotion"},{"floor":17.0,"key":"SkillPotion"},{"floor":24.0,"key":"Energy Potion"},{"floor":42,"key":"CultistPotion"}],"is_trial":false,"path_per_floor":["M","?","$","?","M","E","R","E","T","E","$","?","M","M","R","B",null,"M","$","?","M","?","E","M","E","T","R","M","E","M","?","R","B",null,"M","$","?","?","?","E","R","E","T","M","R","?","?","M","R","B",null],"character_chosen":"THE_SILENT","items_purchased":["Shuriken","Infinite Blades","Blade Dance","Accuracy","Lantern","Footwork","Potion Belt"],"campfire_rested":4,"item_purchase_floors":[3,3,11,11,19,36,36],"current_hp_per_floor":[42,35,35,35,35,15,36,17,17,9,24,10,10,10,31,17,62,53,68,68,57,57,33,33,11,11,33,33,25,13,38,38,18,61,58,73,71,71,71,53,53,50,50,46,46,51,51,56,71,58],"gold":189,"neow_bonus":"TWO_FIFTY_GOLD","is_daily":false,"chose_seed":false,"campfire_upgraded":0,"win_rate":0.0,"timestamp":1608396425,"path_taken":["M","?","$","?","M","E","R","E","T","E","$","?","M","M","R","BOSS","M","$","?","M","?","E","M","E","T","R","?","E","M","?","R","BOSS","M","$","?","?","?","E","R","E","T","M","R","?","?","M","R","BOSS"],"items_purchased_type":["Relic","Card","Card","Card","Relic","Card","Relic"],"build_version":"2020-12-13","purchased_purges":1,"victory":true,"max_hp_per_floor":[70,70,70,70,70,70,70,70,70,70,70,70,70,70,70,70,75,75,75,75,75,75,75,75,75,75,75,75,75,75,75,75,75,75,75,75,71,71,71,71,71,71,71,71,71,71,71,71,71,71],"card_choices":[{"not_picked":["PiercingWail","Underhanded Strike"],"picked":"Backflip","floor":1.0},{"not_picked":["Concentrate","Finisher"],"picked":"Quick Slash","floor":5.0},{"not_picked":["Tactician","Prepared"],"picked":"Cloak And Dagger","floor":6.0},{"not_picked":["Corpse Explosion","Acrobatics","Bane"],"picked":"SKIP","floor":8.0},{"not_picked":["Acrobatics","Poisoned Stab","Outmaneuver"],"picked":"SKIP","floor":10.0},{"not_picked":["Dagger Throw","Quick Slash","Choke"],"picked":"SKIP","floor":13.0},{"not_picked":["Dodge and Roll","Caltrops","Distraction"],"picked":"SKIP","floor":14.0},{"not_picked":["Doppelganger","Night Terror"],"picked":"Venomology","floor":16.0},{"not_picked":["Dash","Quick Slash"],"picked":"Blade Dance","floor":17.0},{"not_picked":["Deadly Poison+1","Backflip","Tactician"],"picked":"SKIP","floor":18.0},{"not_picked":["Sucker Punch+1","Dagger Throw+1"],"picked":"Dagger Spray+1","floor":21.0},{"not_picked":["Flying Knee","Deadly Poison+1","Finisher"],"picked":"SKIP","floor":23.0},{"not_picked":["Catalyst+1","Doppelganger"],"picked":"Terror","floor":24.0},{"not_picked":["Deflect","Slice","Poisoned Stab"],"picked":"SKIP","floor":25.0},{"not_picked":["Eviscerate+1","Bane","Bouncing Flask"],"picked":"SKIP","floor":28.0},{"not_picked":["Acrobatics","Prepared+1","Crippling Poison"],"picked":"SKIP","floor":29},{"not_picked":["Flying Knee","Eviscerate","Distraction"],"picked":"SKIP","floor":30},{"not_picked":["Tools of the Trade","Storm of Steel"],"picked":"Envenom","floor":33},{"not_picked":["Dodge and Roll","Choke+1","Acrobatics+1"],"picked":"SKIP","floor":35},{"not_picked":["Expertise","Outmaneuver"],"picked":"Infinite Blades+1","floor":40},{"not_picked":["Terror","Backflip"],"picked":"Accuracy+1","floor":42},{"not_picked":["Acrobatics+1","Backflip+1","Calculated Gamble+1"],"picked":"SKIP","floor":44},{"not_picked":["Distraction+1","Flechettes","Acrobatics"],"picked":"SKIP","floor":48}],"player_experience":114726,"relics_obtained":[{"floor":6.0,"key":"Tough Bandages"},{"floor":8.0,"key":"Girya"},{"floor":9.0,"key":"MawBank"},{"floor":10.0,"key":"MealTicket"},{"floor":23.0,"key":"War Paint"},{"floor":25.0,"key":"Mummified Hand"},{"floor":26.0,"key":"Orichalcum"},{"floor":29,"key":"Nunchaku"},{"floor":40,"key":"Toy Ornithopter"},{"floor":42,"key":"Snake Skull"},{"floor":43,"key":"Pen Nib"},{"floor":46,"key":"FossilizedHelix"}],"event_choices":[{"damage_healed":0.0,"max_hp_gain":0.0,"max_hp_loss":0.0,"gold_gain":0.0,"event_name":"Scrap Ooze","player_choice":"Success","floor":2.0,"gold_loss":0.0,"damage_taken":7.0,"relics_obtained":["Ninja Scroll"]},{"damage_healed":0.0,"max_hp_gain":0.0,"max_hp_loss":0.0,"gold_gain":0.0,"event_name":"Liars Game","player_choice":"Ignored","floor":4.0,"gold_loss":0.0,"damage_taken":0.0},{"damage_healed":0.0,"max_hp_gain":0.0,"max_hp_loss":0.0,"gold_gain":0.0,"event_name":"Shining Light","player_choice":"Entered Light","floor":12.0,"gold_loss":0.0,"damage_taken":14.0,"cards_upgraded":["Accuracy","Defend_G"]},{"damage_healed":0.0,"max_hp_gain":0.0,"max_hp_loss":0.0,"gold_gain":0.0,"event_name":"Cursed Tome","player_choice":"Ignored","floor":20.0,"gold_loss":0.0,"damage_taken":0.0},{"damage_healed":0.0,"max_hp_gain":0.0,"max_hp_loss":0.0,"gold_gain":0.0,"event_name":"The Woman in Blue","player_choice":"Bought 0 Potions","floor":22.0,"gold_loss":0.0,"damage_taken":0.0},{"damage_healed":25,"gold_gain":0,"player_choice":"Heal","damage_taken":0,"max_hp_gain":0,"max_hp_loss":0,"event_name":"The Library","floor":31,"gold_loss":0},{"damage_healed":0,"gold_gain":0,"player_choice":"Max HP","damage_taken":0,"max_hp_gain":0,"max_hp_loss":4,"event_name":"Winding Halls","floor":37,"gold_loss":0},{"damage_healed":0,"gold_gain":0,"player_choice":"Paid","damage_taken":0,"relics_obtained":["Red Mask"],"max_hp_gain":0,"max_hp_loss":0,"event_name":"Tomb of Lord Red Mask","floor":38,"gold_loss":107},{"cards_removed":["Quick Slash"],"damage_healed":0,"gold_gain":0,"player_choice":"Removed Attack","damage_taken":0,"max_hp_gain":0,"max_hp_loss":0,"event_name":"Falling","floor":39,"gold_loss":0},{"damage_healed":0,"gold_gain":0,"player_choice":"Fight","damage_taken":0,"max_hp_gain":0,"max_hp_loss":0,"event_name":"MindBloom","floor":46,"gold_loss":0},{"damage_healed":0,"gold_gain":0,"player_choice":"Memory 1","damage_taken":0,"max_hp_gain":0,"max_hp_loss":0,"event_name":"SensoryStone","floor":47,"gold_loss":0}],"is_beta":false,"boss_relics":[{"not_picked":["Snecko Eye","Busted Crown"],"picked":"Tiny House"},{"not_picked":["Runic Dome","Astrolabe"],"picked":"SacredBark"}],"items_purged_floors":[19],"is_endless":false,"potions_floor_spawned":[5,8,10,21,24,28,42,48],"ascension_level":5}}