{"host":"sxnl403xm2xmiyj1","time":1608400137,"event":{"mods":["AchievementEnabler","BaseMod","Colored Map","Keyboard Shortcuts","Minty Spire (QoL Compilation)","Quick Restart","StSLib","SuperFastMode"],"gold_per_floor":[117,192,192,50,50,84,101,133,133,133,166,166,166,180,180,279,279,304,323,347,119,143,143,186,198,234,296,331,359,407,469,481,587,599,636,981,1007,1031,1023,1068,1099,1111,1123,1163,1189,142,142,154,154,154,154,154,21,21,21],"floor_reached":54,"playtime":1404,"items_purged":["Strike_B","Zap"],"score":1539,"play_id":"5290e6b3-6413-4c22-ac7e-edffa568e09a","local_time":"20201220024857","is_ascension_mode":true,"campfire_choices":[{"data":"1","floor":10.0,"key":"LIFT"},{"floor":12.0,"key":"REST"},{"data":"2","floor":15.0,"key":"LIFT"},{"data":"3","floor":23.0,"key":"LIFT"},{"data":"Coolheaded","floor":25.0,"key":"SMITH"},{"data":"Beam Cell","floor":32.0,"key":"SMITH"},{"data":"Hologram","floor":42.0,"key":"SMITH"},{"floor":47.0,"key":"RECALL"},{"data":"Hologram","floor":49,"key":"SMITH"},{"data":"Hologram","floor":52,"key":"SMITH"}],"circlet_count":0,"master_deck":["AscendersBane","Strike_B+1","Defend_B","Defend_B","Defend_B","Defend_B","Dualcast","Beam Cell+1","Scrape","Cold Snap+1","Go for the Eyes","Scrape","Steam","Coolheaded+1","All For One","Gash","Genetic Algorithm","BootSequence","Impatience","Rebound","Compile Driver","Go for the Eyes","Gash","Hologram+1","Streamline+1","Leap+1","Beam Cell+1","Reinforced Body","Leap+1","Machine Learning","Hologram+1","Reboot","Chill","Steam","Hologram+1","Reboot","Conserve Battery","Impatience","Streamline","Coolheaded","Swift Strike"],"relics":["Cracked Core","InkBottle","Toy Ornithopter","TungstenRod","Girya","FossilizedHelix","Coffee Dripper","MawBank","Vajra","Bottled Flame","Empty Cage","Gremlin Horn","Centennial Puzzle","Whetstone","Orrery"],"acts_visited":["Exordium","TheCity","TheBeyond","TheEnding"],"potions_floor_usage":[],"damage_taken":[{"damage":2.0,"enemies":"Jaw Worm","floor":1.0,"turns":4.0},{"damage":19.0,"enemies":"Lagavulin","floor":6.0,"turns":7.0},{"damage":12.0,"enemies":"Small Slimes","floor":7.0,"turns":3.0},{"damage":17.0,"enemies":"Gremlin Nob","floor":8.0,"turns":4.0},{"damage":18.0,"enemies":"3 Sentries","floor":11.0,"turns":8.0},{"damage":0.0,"enemies":"Cultist","floor":14.0,"turns":2.0},{"damage":0.0,"enemies":"The Guardian","floor":16.0,"turns":13.0},{"damage":0.0,"enemies":"Shell Parasite","floor":18.0,"turns":3.0},{"damage":0.0,"enemies":"Chosen","floor":19.0,"turns":2.0},{"damage":18.0,"enemies":"Shelled Parasite and Fungi","floor":20.0,"turns":6.0},{"damage":7.0,"enemies":"Snake Plant","floor":22.0,"turns":4.0},{"damage":13.0,"enemies":"Gremlin Leader","floor":24.0,"turns":7.0},{"damage":2.0,"enemies":"Chosen and Byrds","floor":28.0,"turns":5.0},{"damage":0.0,"enemies":"Cultist and Chosen","floor":29.0,"turns":3.0},{"damage":15.0,"enemies":"Book of Stabbing","floor":30.0,"turns":4.0},{"damage":4.0,"enemies":"Collector","floor":33.0,"turns":8.0},{"damage":0.0,"enemies":"Orb Walker","floor":35.0,"turns":1.0},{"damage":0.0,"enemies":"3 Shapes","floor":37.0,"turns":5.0},{"damage":0.0,"enemies":"Jaw Worm Horde","floor":38.0,"turns":4.0},{"damage":20.0,"enemies":"Nemesis","floor":40.0,"turns":7.0},{"damage":25.0,"enemies":"4 Shapes","floor":41.0,"turns":7.0},{"damage":0.0,"enemies":"Giant Head","floor":44.0,"turns":5.0},{"damage":0.0,"enemies":"Maw","floor":45.0,"turns":7.0},{"damage":0,"enemies":"Spire Growth","floor":48,"turns":3},{"damage":19,"enemies":"Awakened One","floor":50,"turns":9},{"damage":97,"enemies":"Shield and Spear","floor":54,"turns":5}],"seed_played":"-2197759205137448769","potions_obtained":[{"floor":6.0,"key":"Weak Potion"},{"floor":7.0,"key":"Swift Potion"},{"floor":11.0,"key":"PowerPotion"},{"floor":16.0,"key":"SkillPotion"},{"floor":18.0,"key":"Block Potion"},{"floor":19.0,"key":"Swift Potion"},{"floor":22.0,"key":"EssenceOfSteel"},{"floor":30.0,"key":"Block Potion"},{"floor":37.0,"key":"Energy Potion"},{"floor":38.0,"key":"GamblersBrew"},{"floor":44.0,"key":"Explosive Potion"}],"is_trial":false,"path_per_floor":["M","?","?","$","T","E","M","E","T","R","E","R","?","M","R","B",null,"M","M","M","$","M","R","E","R","T","?","M","M","E","?","R","B",null,"M","?","M","M","?","E","M","R","T","E","M","$","R","M","R","B",null,"R","$","E"],"character_chosen":"DEFECT","items_purchased":["Scrape","Cold Snap","Impatience","Rebound","Machine Learning","Hologram","Whetstone","Reboot","Orrery","Impatience","FairyPotion","Streamline","Coolheaded","Swift Strike"],"campfire_rested":1,"item_purchase_floors":[4,4,21,21,46,46,46,46,46,46,46,46,53,53],"current_hp_per_floor":[69,58,63,63,63,44,32,25,25,25,7,31,31,31,31,36,65,65,65,52,52,45,45,42,42,42,36,34,34,19,19,19,20,61,61,61,61,61,61,41,21,21,21,21,26,26,26,26,26,7,58,58,58,0,0],"gold":21,"neow_bonus":"TEN_PERCENT_HP_BONUS","is_daily":false,"chose_seed":false,"campfire_upgraded":5,"win_rate":0.0,"timestamp":1608400137,"path_taken":["M","?","?","$","?","E","M","E","T","R","E","R","?","M","R","BOSS","M","M","M","$","M","R","E","R","T","?","M","M","E","?","R","BOSS","M","?","M","M","?","E","M","R","T","E","M","$","R","?","R","BOSS","R","$","E"],"items_purchased_type":["Card","Card","Card","Card","Card","Card","Relic","Card","Relic","Card","Potion","Card","Card","Card"],"build_version":"2020-12-13","purchased_purges":2,"victory":false,"max_hp_per_floor":[78,78,83,83,83,83,83,83,83,83,83,83,75,75,75,75,75,75,75,75,75,75,75,75,75,75,75,75,75,75,75,75,75,75,75,75,75,75,75,75,75,75,75,75,75,75,75,75,75,75,75,75,75,75,75],"card_choices":[{"not_picked":["Steam","Force Field"],"picked":"Beam Cell","floor":1.0},{"not_picked":["Steam Power","Auto Shields","Blizzard"],"picked":"SKIP","floor":6.0},{"not_picked":["Ball Lightning","Capacitor"],"picked":"Go for the Eyes","floor":7.0},{"not_picked":["Heatsinks","Turbo"],"picked":"Scrape","floor":8.0},{"not_picked":["Ball Lightning","Capacitor"],"picked":"Steam","floor":11.0},{"not_picked":["Conserve Battery","Force Field"],"picked":"Coolheaded","floor":14.0},{"not_picked":["Electrodynamics","Meteor Strike"],"picked":"All For One","floor":16.0},{"not_picked":["Beam Cell","Static Discharge+1"],"picked":"Gash","floor":18.0},{"not_picked":["Capacitor","White Noise"],"picked":"Genetic Algorithm","floor":19.0},{"not_picked":["Ball Lightning","Fusion"],"picked":"BootSequence","floor":20.0},{"not_picked":["Rebound","Redo+1"],"picked":"Compile Driver","floor":22.0},{"not_picked":["Meteor Strike","Auto Shields"],"picked":"Go for the Eyes","floor":24.0},{"not_picked":["Cold Snap","Melter","Stack"],"picked":"SKIP","floor":28.0},{"not_picked":["Conserve Battery","Turbo"],"picked":"Gash","floor":29.0},{"not_picked":["Turbo","Redo","Barrage"],"picked":"SKIP","floor":30.0},{"not_picked":["Beam Cell","Leap"],"picked":"Hologram","floor":35.0},{"not_picked":["Double Energy+1","Leap"],"picked":"Streamline+1","floor":37.0},{"not_picked":["Aggregate+1","Static Discharge+1"],"picked":"Leap+1","floor":38.0},{"not_picked":["Aggregate+1","Consume"],"picked":"Beam Cell+1","floor":40.0},{"not_picked":["Biased Cognition","Storm"],"picked":"Reinforced Body","floor":41.0},{"not_picked":["Darkness","Barrage"],"picked":"Leap+1","floor":44.0},{"not_picked":["Sweeping Beam+1","Go for the Eyes","Rebound"],"picked":"SKIP","floor":45.0},{"not_picked":["Heatsinks","Electrodynamics"],"picked":"Chill","floor":46.0},{"not_picked":["Rip and Tear","Melter"],"picked":"Steam","floor":46.0},{"not_picked":["Go for the Eyes","Doom and Gloom+1"],"picked":"Hologram","floor":46.0},{"not_picked":["Static Discharge","Genetic Algorithm"],"picked":"Reboot","floor":46.0},{"not_picked":["Genetic Algorithm","Self Repair+1"],"picked":"Conserve Battery","floor":46.0},{"not_picked":["Auto Shields","Storm+1","Ball Lightning"],"picked":"SKIP","floor":48}],"player_experience":106775,"relics_obtained":[{"floor":5.0,"key":"InkBottle"},{"floor":6.0,"key":"Toy Ornithopter"},{"floor":8.0,"key":"TungstenRod"},{"floor":9.0,"key":"Girya"},{"floor":11.0,"key":"FossilizedHelix"},{"floor":24.0,"key":"MawBank"},{"floor":26.0,"key":"Vajra"},{"floor":30.0,"key":"Bottled Flame"},{"floor":40.0,"key":"Gremlin Horn"},{"floor":44.0,"key":"Centennial Puzzle"}],"event_choices":[{"damage_healed":0.0,"max_hp_gain":0.0,"max_hp_loss":0.0,"gold_gain":75.0,"event_name":"World of Goop","player_choice":"Gather Gold","floor":2.0,"gold_loss":0.0,"damage_taken":11.0},{"damage_healed":0.0,"max_hp_gain":5.0,"max_hp_loss":0.0,"gold_gain":0.0,"event_name":"Big Fish","player_choice":"Donut","floor":3.0,"gold_loss":0.0,"damage_taken":0.0},{"damage_healed":0.0,"max_hp_gain":0.0,"max_hp_loss":8.0,"gold_gain":0.0,"event_name":"Golden Idol","player_choice":"Lose Max HP","floor":13.0,"gold_loss":0.0,"damage_taken":0.0,"relics_obtained":["Golden Idol"]},{"damage_healed":0.0,"max_hp_gain":0.0,"max_hp_loss":0.0,"gold_gain":50.0,"event_name":"FaceTrader","player_choice":"Touch","floor":27.0,"gold_loss":0.0,"damage_taken":7.0},{"damage_healed":0.0,"max_hp_gain":0.0,"max_hp_loss":0.0,"gold_gain":50.0,"event_name":"Nest","player_choice":"Stole From Cult","floor":31.0,"gold_loss":0.0,"damage_taken":0.0},{"damage_healed":0.0,"max_hp_gain":0.0,"max_hp_loss":0.0,"gold_gain":333.0,"event_name":"The Moai Head","player_choice":"Gave Idol","floor":36.0,"relics_lost":["Golden Idol"],"gold_loss":0.0,"damage_taken":0.0},{"damage_healed":0.0,"max_hp_gain":0.0,"max_hp_loss":0.0,"gold_gain":0.0,"event_name":"The Woman in Blue","player_choice":"Bought 1 Potion","floor":39.0,"gold_loss":0.0,"damage_taken":0.0}],"is_beta":false,"boss_relics":[{"not_picked":["Velvet Choker","SlaversCollar"],"picked":"Coffee Dripper"},{"not_picked":["SacredBark","Runic Dome"],"picked":"Empty Cage"}],"items_purged_floors":[21,46],"is_endless":false,"potions_floor_spawned":[6,7,11,16,18,19,22,30,37,38,44,48],"killed_by":"Shield and Spear","ascension_level":17}}