{"host":"6yklbc9za0aylqsj","time":1608404387,"event":{"mods":["AchievementEnabler","BaseMod","Bestiary","Colored Map","Colored Powertips","Minty Spire (QoL Compilation)","Rare Cards Sparkle","Relic Stats","Slay-I","StSLib"],"gold_per_floor":[113,113,188,204,220,253,253,253,253,253,281,296,324,324,324,400,400,410,366,366,382,396,396,396,396,423,448,465,465,482,500,500,574,574,593,610,655,655,40,40,40,59,111,111,128,128,154,154,154,154,154],"floor_reached":50,"playtime":2367,"items_purged":["Writhe"],"score":985,"play_id":"19c942bc-34ca-4af3-9dad-bf99f8ce6bb6","local_time":"20201219195947","is_ascension_mode":true,"campfire_choices":[{"data":"Zap","floor":7,"key":"SMITH"},{"floor":15,"key":"REST"},{"data":"Chill","floor":23,"key":"SMITH"},{"data":"Core Surge","floor":25,"key":"SMITH"},{"data":"Defragment","floor":32,"key":"SMITH"},{"data":"Metamorphosis","floor":40,"key":"SMITH"},{"data":"Blizzard","floor":44,"key":"SMITH"},{"data":"Defragment","floor":46,"key":"SMITH"},{"floor":49,"key":"REST"}],"circlet_count":0,"master_deck":["AscendersBane","Defend_B+1","Defend_B+1","Defend_B+1","Zap+1","Dualcast+1","Cold Snap+1","Cold Snap+1","Steam+1","BootSequence+1","Cold Snap+1","Core Surge+1","Self Repair+1","Conserve Battery+1","All For One+1","Go for the Eyes+1","Chill+1","Defragment+1","Ball Lightning+1","Glacier+1","Biased Cognition+1","Trip+1","Defragment+1","Metamorphosis+1","Undo+1","Blizzard+1","Regret","Lockon+1","Writhe"],"relics":["Cracked Core","Bag of Preparation","Bottled Lightning","White Beast Statue","Blue Candle","Oddly Smooth Stone","TungstenRod","Astrolabe","Bronze Scales","Enchiridion","Regal Pillow","Ice Cream","Cursed Key","WingedGreaves","Letter Opener","Anchor","Bag of Marbles","Mark of the Bloom"],"acts_visited":["Exordium","TheCity","TheBeyond"],"potions_floor_usage":[11,13,16,18,19,22,27,33,36,37,37,37,42,45],"damage_taken":[{"damage":13,"enemies":"Small Slimes","floor":1,"turns":4},{"damage":0,"enemies":"2 Louse","floor":4,"turns":4},{"damage":3,"enemies":"Jaw Worm","floor":5,"turns":4},{"damage":27,"enemies":"Lagavulin","floor":6,"turns":10},{"damage":8,"enemies":"3 Sentries","floor":11,"turns":10},{"damage":5,"enemies":"Blue Slaver","floor":12,"turns":3},{"damage":10,"enemies":"Lagavulin","floor":13,"turns":8},{"damage":14,"enemies":"The Guardian","floor":16,"turns":17},{"damage":0,"enemies":"Chosen","floor":18,"turns":4},{"damage":6,"enemies":"2 Thieves","floor":19,"turns":5},{"damage":12,"enemies":"Snake Plant","floor":21,"turns":4},{"damage":1,"enemies":"3 Cultists","floor":22,"turns":7},{"damage":11,"enemies":"Book of Stabbing","floor":27,"turns":7},{"damage":0,"enemies":"Cultist and Chosen","floor":28,"turns":5},{"damage":16,"enemies":"Shelled Parasite and Fungi","floor":30,"turns":9},{"damage":0,"enemies":"Centurion and Healer","floor":31,"turns":6},{"damage":19,"enemies":"Automaton","floor":33,"turns":11},{"damage":0,"enemies":"3 Shapes","floor":35,"turns":5},{"damage":8,"enemies":"Orb Walker","floor":36,"turns":3},{"damage":25,"enemies":"2 Orb Walkers","floor":37,"turns":6},{"damage":11,"enemies":"Spire Growth","floor":42,"turns":3},{"damage":5,"enemies":"3 Darklings","floor":45,"turns":3},{"damage":66,"enemies":"Time Eater","floor":50,"turns":11}],"seed_played":"-1763993714060753370","potions_obtained":[{"floor":4,"key":"Regen Potion"},{"floor":11,"key":"DistilledChaos"},{"floor":12,"key":"SpeedPotion"},{"floor":13,"key":"Fire Potion"},{"floor":16,"key":"Strength Potion"},{"floor":18,"key":"FearPotion"},{"floor":19,"key":"Energy Potion"},{"floor":21,"key":"Weak Potion"},{"floor":22,"key":"DuplicationPotion"},{"floor":27,"key":"SneckoOil"},{"floor":28,"key":"Explosive Potion"},{"floor":30,"key":"FairyPotion"},{"floor":33,"key":"Explosive Potion"},{"floor":36,"key":"EntropicBrew"},{"floor":37,"key":"AttackPotion"},{"floor":42,"key":"AttackPotion"},{"floor":45,"key":"Fire Potion"}],"is_trial":false,"path_per_floor":["M","?","?","M","M","E","R","?","T","T","E","M","E","?","R","B",null,"M","M","?","M","M","R","?","R","T","E","M","?","M","M","R","B",null,"M","M","?","?","$","R","?","M","T","R","M","R","T","?","R","B"],"character_chosen":"DEFECT","items_purchased":["Defragment","Letter Opener","Metamorphosis"],"campfire_rested":2,"item_purchase_floors":[39,39,39],"current_hp_per_floor":[51,51,40,40,37,10,10,33,33,33,40,35,25,19,40,26,60,70,71,71,69,71,71,54,54,54,53,63,63,57,67,67,68,70,71,71,56,56,56,56,56,55,55,55,60,60,60,60,60,0,0],"gold":154,"neow_bonus":"RANDOM_COMMON_RELIC","is_daily":false,"chose_seed":false,"campfire_upgraded":7,"win_rate":0.0,"timestamp":1608404387,"path_taken":["M","?","?","M","?","E","R","?","T","?","E","?","E","?","R","BOSS","M","M","?","M","M","R","?","R","T","E","M","?","M","?","R","BOSS","M","M","?","?","$","R","?","M","T","R","?","R","?","?","R","BOSS"],"items_purchased_type":["Card","Relic","Card"],"build_version":"2020-12-13","purchased_purges":1,"victory":false,"max_hp_per_floor":[71,71,71,71,71,71,71,71,71,71,71,71,71,71,71,71,71,71,71,71,71,71,71,71,71,71,71,71,71,71,71,71,71,71,71,71,71,71,71,71,71,71,71,71,71,71,71,71,71,71,71],"relic_stats":{"Regal Pillow":0,"Mark of the Bloom":36,"counters":[23,149],"Blue Candle":[1],"Astrolabe":["Self Repair","Conserve Battery","All For One"],"Bronze Scales":[294],"Bag of Preparation":[46],"Letter Opener":[30],"Cursed Key":2,"obtain_stats":[{"Ice Cream":27,"Regal Pillow":26,"Mark of the Bloom":48,"Blue Candle":10,"Astrolabe":17,"Oddly Smooth Stone":11,"Enchiridion":24,"Bag of Preparation":0,"Letter Opener":39,"Cursed Key":34,"White Beast Statue":9,"Anchor":43,"Bronze Scales":20,"WingedGreaves":37,"Bag of Marbles":47,"Bottled Lightning":6,"Cracked Core":0,"TungstenRod":13},{"Ice Cream":13,"Regal Pillow":12,"Mark of the Bloom":22,"Blue Candle":4,"Astrolabe":8,"Oddly Smooth Stone":5,"Enchiridion":12,"Bag of Preparation":0,"Letter Opener":20,"Cursed Key":17,"White Beast Statue":4,"Anchor":21,"Bronze Scales":10,"WingedGreaves":20,"Bag of Marbles":22,"Bottled Lightning":4,"Cracked Core":0,"TungstenRod":7},{"Ice Cream":87,"Regal Pillow":80,"Mark of the Bloom":138,"Blue Candle":22,"Astrolabe":60,"Oddly Smooth Stone":32,"Enchiridion":80,"Bag of Preparation":0,"Letter Opener":132,"Cursed Key":118,"White Beast Statue":22,"Anchor":135,"Bronze Scales":69,"WingedGreaves":132,"Bag of Marbles":138,"Bottled Lightning":22,"Cracked Core":0,"TungstenRod":43}],"TungstenRod":39},"card_choices":[{"not_picked":["Hologram","Rebound"],"picked":"Coolheaded","floor":1},{"not_picked":["Hologram","Redo"],"picked":"Cold Snap","floor":4},{"not_picked":["White Noise","Storm"],"picked":"Cold Snap","floor":5},{"not_picked":["Scrape","Static Discharge","Gash"],"picked":"SKIP","floor":6},{"not_picked":["Capacitor","Multi-Cast"],"picked":"Steam","floor":11},{"not_picked":["Gash","Sweeping Beam"],"picked":"BootSequence","floor":12},{"not_picked":["Aggregate","Genetic Algorithm"],"picked":"Cold Snap","floor":13},{"not_picked":["Amplify","Machine Learning"],"picked":"Core Surge","floor":16},{"not_picked":["Lockon","Sweeping Beam+1"],"picked":"Go for the Eyes","floor":19},{"not_picked":["Chaos","Rebound"],"picked":"Chill","floor":21},{"not_picked":["Steam","Fusion","Heatsinks"],"picked":"SKIP","floor":22},{"not_picked":["Hello World","Self Repair"],"picked":"Defragment","floor":27},{"not_picked":["White Noise","Recycle"],"picked":"Ball Lightning","floor":28},{"not_picked":["Genetic Algorithm","Chaos+1","Coolheaded"],"picked":"SKIP","floor":30},{"not_picked":["Loop","Darkness","Gash"],"picked":"SKIP","floor":31},{"not_picked":["Multi-Cast","Meteor Strike"],"picked":"Biased Cognition","floor":33},{"not_picked":["Compile Driver","Beam Cell+1","Barrage"],"picked":"SKIP","floor":35},{"not_picked":["Compile Driver","Beam Cell","Scrape"],"picked":"SKIP","floor":36},{"not_picked":["Secret Technique","Metamorphosis"],"picked":"Trip","floor":38},{"not_picked":["Coolheaded","Compile Driver"],"picked":"Blizzard","floor":42},{"not_picked":["Skim","Sweeping Beam"],"picked":"Lockon+1","floor":45}],"player_experience":670640,"relics_obtained":[{"floor":6,"key":"Bottled Lightning"},{"floor":9,"key":"White Beast Statue"},{"floor":10,"key":"Blue Candle"},{"floor":11,"key":"Oddly Smooth Stone"},{"floor":13,"key":"TungstenRod"},{"floor":24,"key":"Enchiridion"},{"floor":26,"key":"Regal Pillow"},{"floor":27,"key":"Ice Cream"},{"floor":37,"key":"WingedGreaves"},{"floor":43,"key":"Anchor"},{"floor":47,"key":"Bag of Marbles"}],"event_choices":[{"damage_healed":0,"gold_gain":0,"player_choice":"Ignored","damage_taken":0,"max_hp_gain":0,"max_hp_loss":0,"event_name":"Golden Idol","floor":2,"gold_loss":0},{"damage_healed":0,"gold_gain":75,"player_choice":"Gather Gold","damage_taken":11,"max_hp_gain":0,"max_hp_loss":0,"event_name":"World of Goop","floor":3,"gold_loss":0},{"damage_healed":23,"gold_gain":0,"player_choice":"Banana","damage_taken":0,"max_hp_gain":0,"max_hp_loss":0,"event_name":"Big Fish","floor":8,"gold_loss":0},{"cards_removed":["Strike_B"],"damage_healed":0,"gold_gain":0,"player_choice":"Card Removal","damage_taken":7,"max_hp_gain":0,"max_hp_loss":0,"event_name":"Golden Wing","floor":14,"gold_loss":0},{"damage_healed":0,"gold_gain":0,"player_choice":"Opened","damage_taken":0,"relics_obtained":["Bronze Scales"],"max_hp_gain":0,"max_hp_loss":0,"event_name":"The Mausoleum","floor":20,"gold_loss":0,"cards_obtained":["Writhe"]},{"damage_healed":0,"gold_gain":0,"player_choice":"Obtained Book","damage_taken":21,"max_hp_gain":0,"max_hp_loss":0,"event_name":"Cursed Tome","floor":24,"gold_loss":0},{"damage_healed":0,"gold_gain":0,"cards_transformed":["Defend_B"],"player_choice":"Transformed","damage_taken":0,"max_hp_gain":0,"max_hp_loss":0,"event_name":"Transmorgrifier","floor":29,"gold_loss":0,"cards_obtained":["Glacier"]},{"damage_healed":0,"gold_gain":0,"player_choice":"Fight","damage_taken":0,"max_hp_gain":0,"max_hp_loss":0,"event_name":"Mysterious Sphere","floor":37,"gold_loss":0},{"damage_healed":0,"gold_gain":0,"player_choice":"Memory 1","damage_taken":0,"max_hp_gain":0,"max_hp_loss":0,"event_name":"SensoryStone","floor":38,"gold_loss":0},{"damage_healed":0,"gold_gain":0,"cards_transformed":["Coolheaded"],"player_choice":"Transformed","damage_taken":0,"max_hp_gain":0,"max_hp_loss":0,"event_name":"Transmorgrifier","floor":41,"gold_loss":0,"cards_obtained":["Undo"]},{"damage_healed":0,"gold_gain":0,"player_choice":"Upgrade","damage_taken":0,"relics_obtained":["Mark of the Bloom"],"max_hp_gain":0,"max_hp_loss":0,"event_name":"MindBloom","floor":48,"gold_loss":0,"cards_upgraded":["Defend_B","Defend_B","Defend_B","Dualcast","Cold Snap","Cold Snap","Steam","BootSequence","Cold Snap","Go for the Eyes","Ball Lightning","Glacier","Biased Cognition","Trip","Undo"]}],"is_beta":false,"boss_relics":[{"not_picked":["Sozu","Runic Pyramid"],"picked":"Astrolabe"},{"not_picked":["Black Star","Philosopher\u0027s Stone"],"picked":"Cursed Key"}],"items_purged_floors":[39],"is_endless":false,"potions_floor_spawned":[4,11,12,13,16,18,19,21,22,27,28,30,31,33,35,36,37,42,45],"killed_by":"Time Eater","ascension_level":20}}