{"host":"lgr0ufi017x11auv","time":1608384449,"event":{"mods":["AchievementEnabler","BaseMod","Better Match","Better Third Choice","BetterRewards","Colored Map","Colored Powertips","Downfall","Hubris","Infinite Spire","Minty Spire (QoL Compilation)","Permanent Neow","Quick Restart","Rare Cards Sparkle","Relic Stats","Replay The Spire","Shade Mod","Shop Mod","Spicy Shops","StSLib","The Blue Laboratory","The Death Knight","The Dragon Tamer","The Necromancer","vexMod"],"gold_per_floor":[119,44,61,61,79,79,110,123,147,147,66,83,83,102,102,197,197,197,197,122,122,122,122,122,122,122,122,122,122,122,122,122,122,122,122,122,122,122,122,122,122,122,122,122,122,45,45,45,45,45],"floor_reached":51,"playtime":2158,"items_purged":["Shade:Strike_Shade","Shade:Strike_Shade"],"score":802,"play_id":"a45b3b8f-9dd1-4cf8-8f5f-3af5c9e89b73","local_time":"20201219142729","is_ascension_mode":true,"campfire_choices":[{"data":"Shade:BoneShards","floor":6,"key":"SMITH"},{"data":"Shade:OpenGraves","floor":10,"key":"SMITH"},{"data":"ReplayTheSpireMod:Faulty Equipment","floor":15,"key":"SMITH"},{"floor":24,"key":"REST"},{"floor":30,"key":"REST"},{"data":"Shade:Brains","floor":32,"key":"SMITH"},{"floor":40,"key":"REST"},{"data":"Shade:Coordination","floor":42,"key":"SMITH"},{"floor":49,"key":"REST"}],"circlet_count":0,"master_deck":["Shade:Strike_Shade","Shade:Defend_Shade+1","Shade:Defend_Shade","Shade:Defend_Shade+1","Shade:AnimateDead+1","Shade:CarefulCut","Shade:PressTheAttack","Shade:BoneShards+1","Shade:GraveStillness","Shade:AuraOfUnlife+1","Shade:OpenGraves+1","Shade:Bonestorm","Shade:FreshBones+1","Shade:FleshLikeOak+1","Shade:CommandSoldier+1","Shade:CommandSoldier+1","Shade:CallOfTheGrave+1","Shade:Brains+1","Shade:Coordination+1","Shade:CoffinDance+1","Shade:FreshBones+1","Shade:Bonestorm","Shade:SkeletonArmy+1","Parasite"],"relics":["Shade:YorickSkull","Vajra","War Paint","ReplayTheSpireMod:CursedCoin","Replay:Rubber Ducky","Mirror","vexMod:MysteryBossChallenge","Ectoplasm","Pen Nib","Regal Pillow","Replay:Bottled Snecko","ReplayTheSpireMod:TigerMarble","Black Star","InkBottle","Blue Doll","Shade:YorickPolishedSkull","Replay:Wax Seal","Iron Hammer","Snack Pack"],"acts_visited":["Exordium","TheCity","TheBeyond"],"potions_floor_usage":[22,23,25,39,47,50,50,50],"damage_taken":[{"damage":2,"enemies":"2 Louse","floor":1,"turns":2},{"damage":0,"enemies":"Cultist","floor":3,"turns":3},{"damage":0,"enemies":"Jaw Worm","floor":5,"turns":3},{"damage":15,"enemies":"3 Sentries","floor":7,"turns":9},{"damage":3,"enemies":"Blue Slaver","floor":8,"turns":4},{"damage":0,"enemies":"Exordium Thugs","floor":12,"turns":4},{"damage":0,"enemies":"2 Fungi Beasts","floor":14,"turns":2},{"damage":17,"enemies":"The Guardian","floor":16,"turns":8},{"damage":1,"enemies":"3 Byrds","floor":18,"turns":5},{"damage":16,"enemies":"2 Thieves","floor":20,"turns":4},{"damage":0,"enemies":"Chosen and Byrds","floor":22,"turns":4},{"damage":9,"enemies":"Gremlin Leader","floor":23,"turns":4},{"damage":0,"enemies":"Book of Stabbing","floor":25,"turns":5},{"damage":3,"enemies":"Gremlin Leader","floor":27,"turns":6},{"damage":9,"enemies":"Snecko","floor":28,"turns":5},{"damage":0,"enemies":"Centurion and Healer","floor":29,"turns":5},{"damage":0,"enemies":"Sentry and Sphere","floor":31,"turns":3},{"damage":20,"enemies":"Automaton","floor":33,"turns":9},{"damage":17,"enemies":"3 Darklings","floor":35,"turns":4},{"damage":15,"enemies":"3 Shapes","floor":36,"turns":3},{"damage":0,"enemies":"Jaw Worm Horde","floor":39,"turns":3},{"damage":22,"enemies":"Spire Growth","floor":41,"turns":4},{"damage":0,"enemies":"Sphere and 2 Shapes","floor":45,"turns":2},{"damage":21,"enemies":"Nemesis","floor":47,"turns":5},{"damage":0,"enemies":"Writhing Mass","floor":48,"turns":2},{"damage":35,"enemies":"Donu and Deca","floor":50,"turns":5}],"seed_played":"1225134416411064210","potions_obtained":[{"floor":1,"key":"blueLaboratory:HorrorPotion"},{"floor":5,"key":"SteroidPotion"},{"floor":7,"key":"Reflective Coating"},{"floor":22,"key":"blueLaboratory:BottledHope"},{"floor":23,"key":"DistilledChaos"},{"floor":29,"key":"Block Potion"},{"floor":45,"key":"SpeedPotion"},{"floor":47,"key":"EssenceOfSteel"}],"is_trial":false,"path_per_floor":["M","?","M","?","M","R","E","M","T","R","$","M","T","M","R","B",null,"M","?","M","?","M","E","R","E","T","E","M","M","R","M","R","B",null,"M","M","?","?","M","R","M","R","T","AVR","M","$","E","M","R_BF","B",null],"character_chosen":"SHADE","items_purchased":["ReplayTheSpireMod:CursedCoin","Replay:Rubber Ducky","Replay:Wax Seal"],"campfire_rested":4,"item_purchase_floors":[11,11,46],"current_hp_per_floor":[63,63,63,63,63,63,48,45,45,45,45,45,45,45,45,28,65,64,64,48,42,42,33,52,52,52,49,40,40,65,65,65,45,65,48,33,33,33,33,65,43,43,43,43,43,43,22,24,58,23],"gold":45,"neow_bonus":"REMOVE_CARD","is_daily":false,"chose_seed":false,"campfire_upgraded":5,"win_rate":0.0,"timestamp":1608384449,"path_taken":["M","?","M","?","M","R","E","M","T","R","$","M","?","M","R","BOSS","M","?","M","?","M","E","R","E","T","E","M","M","R","?","R","BOSS","M","M","?","?","M","R","?","R","T","AVR","M","?","E","M","R_BF","BOSS"],"items_purchased_type":["Relic","Relic","Relic"],"build_version":"2020-12-13","purchased_purges":2,"victory":true,"max_hp_per_floor":[65,65,65,65,65,65,65,65,65,65,65,65,65,65,65,65,65,65,65,65,65,65,65,65,65,65,65,65,65,65,65,65,65,65,65,65,65,65,65,65,65,65,65,65,65,65,65,65,65,65],"relic_stats":{"Regal Pillow":34,"counters":[26,113],"Ectoplasm":582,"Pen Nib":[7],"Black Star":1,"War Paint":["Shade:Defend_Shade","Shade:Defend_Shade"],"obtain_stats":[{"Regal Pillow":25,"Shade:YorickSkull":0,"ReplayTheSpireMod:CursedCoin":11,"Vajra":7,"vexMod:MysteryBossChallenge":17,"Blue Doll":44,"Shade:YorickPolishedSkull":44,"Pen Nib":23,"War Paint":9,"Replay:Rubber Ducky":11,"Ectoplasm":17,"Iron Hammer":47,"ReplayTheSpireMod:TigerMarble":27,"Black Star":34,"Snack Pack":47,"Replay:Bottled Snecko":26,"Replay:Wax Seal":46,"Mirror":13,"InkBottle":43},{"Regal Pillow":13,"Shade:YorickSkull":0,"ReplayTheSpireMod:CursedCoin":5,"Vajra":4,"vexMod:MysteryBossChallenge":8,"Blue Doll":22,"Shade:YorickPolishedSkull":22,"Pen Nib":12,"War Paint":5,"Replay:Rubber Ducky":5,"Ectoplasm":8,"Iron Hammer":24,"ReplayTheSpireMod:TigerMarble":14,"Black Star":18,"Snack Pack":24,"Replay:Bottled Snecko":13,"Replay:Wax Seal":23,"Mirror":6,"InkBottle":22},{"Regal Pillow":57,"Shade:YorickSkull":0,"ReplayTheSpireMod:CursedCoin":21,"Vajra":17,"vexMod:MysteryBossChallenge":35,"Blue Doll":99,"Shade:YorickPolishedSkull":99,"Pen Nib":52,"War Paint":21,"Replay:Rubber Ducky":21,"Ectoplasm":35,"Iron Hammer":106,"ReplayTheSpireMod:TigerMarble":63,"Black Star":85,"Snack Pack":106,"Replay:Bottled Snecko":57,"Replay:Wax Seal":101,"Mirror":25,"InkBottle":99}],"InkBottle":[6]},"card_choices":[{"not_picked":["Shade:Premonition","Shade:SpectralStrikes"],"picked":"Shade:PressTheAttack","floor":1},{"not_picked":["Shade:Bite_Shade","Shade:SanguineRitual"],"picked":"Shade:BoneShards","floor":3},{"not_picked":["Shade:FuneraryArmor","Shade:OfferingToTheBeyond"],"picked":"Shade:GraveStillness","floor":5},{"not_picked":["Shade:FingerOfDeath","Shade:SpectralStrikes"],"picked":"Shade:AuraOfUnlife","floor":7},{"not_picked":["Shade:Haruspicy","Shade:WallOfFlesh"],"picked":"Shade:OpenGraves","floor":8},{"not_picked":["Shade:BoneShards","Shade:GraveStillness","Shade:Excise"],"picked":"SKIP","floor":12},{"not_picked":["Shade:FuneraryJewels","Shade:Doomsay","Shade:SoulToxin"],"picked":"SKIP","floor":14},{"not_picked":["Shade:Awaken","Shade:Doomsay"],"picked":"Shade:Bonestorm","floor":18},{"not_picked":["Shade:ExtraLimbs+1","Shade:GraveStillness","Shade:SkeletonHug"],"picked":"SKIP","floor":20},{"not_picked":["Shade:Patience+1","Shade:ExtraLimbs","Shade:GraveStillness"],"picked":"SKIP","floor":22},{"not_picked":["Shade:AncientSpear","Shade:FleshLikeOak"],"picked":"Shade:FreshBones+1","floor":23},{"not_picked":["Shade:SkeletonHug","Shade:UnbarTheGrave"],"picked":"Shade:FleshLikeOak+1","floor":25},{"not_picked":["Shade:Haruspicy","Shade:Bite_Shade"],"picked":"Shade:CommandSoldier+1","floor":27},{"not_picked":["Shade:AblativeArmor","Shade:OpenGraves"],"picked":"Shade:CommandSoldier+1","floor":28},{"not_picked":["Shade:Frenzy","Shade:AblativeArmor"],"picked":"Shade:CallOfTheGrave+1","floor":29},{"not_picked":["Shade:FeralStrike","Shade:ExtraLimbs"],"picked":"Shade:Brains","floor":31},{"not_picked":["Shade:OneIsEnough","Shade:Putrefaction"],"picked":"Shade:Coordination","floor":33},{"not_picked":["Shade:WallOfFlesh+1","Shade:PoundOfFlesh+1"],"picked":"Shade:CoffinDance+1","floor":35},{"not_picked":["Shade:FingerOfDeath+1","Shade:BoneShards","Shade:SanguineRitual"],"picked":"SKIP","floor":36},{"not_picked":["Shade:SkeletonHug+1","Shade:WallOfFlesh"],"picked":"Shade:FreshBones+1","floor":39},{"not_picked":["Shade:Excise","Shade:FuneraryJewels"],"picked":"Shade:Bonestorm","floor":41},{"not_picked":["Shade:SelfBurial","Shade:Bonestorm","Shade:DangerousRitual+1"],"picked":"SKIP","floor":45},{"not_picked":["Shade:OpenGraves","Shade:OneIsEnough"],"picked":"Shade:SkeletonArmy+1","floor":47},{"not_picked":["Shade:FingerOfDeath+1","Shade:ExtraLimbs","Shade:ClawBack+1"],"picked":"SKIP","floor":48}],"player_experience":265745,"relics_obtained":[{"floor":7,"key":"Vajra"},{"floor":9,"key":"War Paint"},{"floor":13,"key":"Mirror"},{"floor":23,"key":"Pen Nib"},{"floor":25,"key":"Regal Pillow"},{"floor":26,"key":"Replay:Bottled Snecko"},{"floor":27,"key":"ReplayTheSpireMod:TigerMarble"},{"floor":43,"key":"InkBottle"},{"floor":47,"key":"Iron Hammer"},{"floor":47,"key":"Snack Pack"}],"event_choices":[{"damage_healed":0,"gold_gain":0,"player_choice":"3","damage_taken":0,"max_hp_gain":0,"max_hp_loss":0,"event_name":"betterMatch:BetterMatch","floor":2,"gold_loss":0,"cards_obtained":[]},{"damage_healed":0,"gold_gain":99,"player_choice":"Steal","damage_taken":0,"max_hp_gain":0,"max_hp_loss":0,"event_name":"betterThird:BetterNest","floor":19,"gold_loss":0},{"damage_healed":0,"gold_gain":0,"player_choice":"Damaged","damage_taken":6,"max_hp_gain":0,"max_hp_loss":0,"event_name":"Wheel of Change","floor":21,"gold_loss":0},{"cards_removed":["Shade:Defend_Shade"],"damage_healed":0,"gold_gain":0,"player_choice":"Purged","damage_taken":0,"max_hp_gain":0,"max_hp_loss":0,"event_name":"Purifier","floor":38,"gold_loss":0}],"is_beta":false,"boss_relics":[{"not_picked":["Ring of Chaos","hubris:RunicObelisk"],"picked":"vexMod:MysteryBossChallenge"},{"not_picked":["vexMod:RockOfEvil","ReplayTheSpireMod:DimensionalGlitch"],"picked":"Black Star"}],"items_purged_floors":[11,44],"is_endless":false,"potions_floor_spawned":[1,5,7,14,22,23,29,33,35,45,47],"ascension_level":1}}