{"host":"kjmsjq3kpb3v9rdj","time":1608412706,"event":{"mods":["AchievementEnabler","Aspiration","Bard","BaseMod","Beaked The Cultist","Better Altar","Better Match","Better Note","Better Sensory Stone","Better Skull","Better Third Choice","BetterRewards","CCEM","Clawfect","Colored Map","Conspire","Friendly Minions","GifTheSpireLib","Halation","Hermit","Highlight Path","Hubris","Hunter ??","Infinite Spire","Ironclad Rager","Jedi Mod","Jorbs\u0027s Wanderer Trilogy","Mad Scientist","Marisa????????","Mimic Mod","Minty Spire (QoL Compilation)","Permanent Neow","Quick Restart","Replay The Spire","Shade Mod","Shop Mod","Spicy Shops","Spikes Relics","StSLib","Stuff the Spire","Synergy Search","The Administrix","The Alterego","The Blackbeard","The Blue Laboratory","The Bug Knight","The Construct","The Cursed","The Disciple","The Gatherer","The Hierophant","The Jungle","The Mystic","The Necromancer","The Poker Player","The Problem Sleuth","The Runesmith","The Servant 0.9.4","The Showman","The Spell Scribe","The Witch","Trackpad","Unceasing Turn Reminder","[IsaacMod]????","everything is the same but u backflip on backflip","vexMod"],"gold_per_floor":[144,444,489,534,579,669,714,679,704,1481,1526,1571,1,91,51,351,351,396,496,496,541,586,676,721,721,796,841,991,991,1036,1036,1036,1336,1336,1381,1381,1426,118,163,163,163,263,338,428,473,563,563,653,653,653],"floor_reached":51,"playtime":5447,"items_purged":["Writhe","DoctorFetus","Blind"],"score":1029,"play_id":"d9490368-709e-4f66-993e-406494286b5f","local_time":"20201219131826","daily_mods":["Draft","Colorless Cards","Midas"],"is_ascension_mode":false,"campfire_choices":[{"floor":25,"key":"REST"},{"floor":29,"key":"REST"},{"floor":32,"key":"REST"},{"floor":40,"key":"REST"},{"floor":47,"key":"REST"},{"floor":49,"key":"REST"}],"circlet_count":0,"master_deck":["Replay:Parry","ClearTheMind","hubris:Insight","PathToVictory","FlurryOfBlows","ForeignInfluence","Degenerate","EmptyBody","Crescendo","Finesse","Halt","Evaluate","Replay:AtTheReady","Replay:ManipulateFuture","Swift Strike+1","ReachHeaven","CutThroughFate","ClearTheMind","Dramatic Entrance","Assess","Replay:Vibes","jedi:LeechingStrike","JustLucky","EmptyFist","Midas Touch+1","Secret Weapon","ICR:Serenity","BowlingBash+1","Mayhem+1","WheelKick","Secret Weapon","Fasting2+1","CarveReality","Consecrate+9","infinitespire:UltimateForm+9","infinitespire:DarkHarmony+9","Degenerate","Collect+1","Replay:ManipulateFuture+1","Magnetism+1","FlyingSleeves","FlurryOfBlows","Doubt","DoctorFetus+1","Tantrum","Ragnarok","Replay:AtTheReady+1","Wraith","FlyingSleeves+1","Judgement+1","Protect","Fasting2+1","EmptyFist+1","ReplayTheSpireMod:Scrap Shanks+1","Hidden Blade","Atom Bomb","EmptyFist","FollowUp+1","Replay:Sssssssssstrike+1"],"relics":["PureWater","HushsDoor","CCEMRelics:Moonstone","conspire:TopHat","YumHeart","ZombieTooth","Frozen Egg 2","HollowMod:JonisBlessing","trackpad:FieryHotPepper","Letter Opener","halation:PromiseList","PreservedInsect","Garlic","GuppysTail","Runic Pyramid","vexMod:FocusSash","infinitespire:EmpoweringShard","trackpad:WritersBlock","ShockBauble","StuffTheSpire:SapphireSignet","PillsDrop","Ring of Fury","Ring of Peace","trackpad:Coffee","GuppysHairball","aspiration:AnachronicSnailShell","CCEMRelics:JestersCrown","trackpad:VoidSphere","Durian","MerchantsRug","BranchBurnRelic","SpikesRelics:ToyHorsey","trackpad:BottledShadow","conspire:Flyswatter","DeathBook"],"acts_visited":["Exordium","TheBeyond"],"potions_floor_usage":[7,7,14,17,18,28,39,44,48,50],"damage_taken":[{"damage":4,"enemies":"conspire:RoseBush","floor":1,"turns":2},{"damage":0,"enemies":"Cultist","floor":3,"turns":3},{"damage":2,"enemies":"Small Slimes","floor":4,"turns":2},{"damage":8,"enemies":"conspire:2 RoseBushes","floor":5,"turns":2},{"damage":0,"enemies":"Replay:BlueRogue","floor":6,"turns":3},{"damage":0,"enemies":"Red Slaver","floor":7,"turns":1},{"damage":100000021,"enemies":"HollowMod:MossKnight","floor":10,"turns":5},{"damage":8,"enemies":"Looter","floor":11,"turns":2},{"damage":14,"enemies":"conspire:2 RoseBushes","floor":12,"turns":2},{"damage":0,"enemies":"Gremlin Nob","floor":14,"turns":2},{"damage":0,"enemies":"Slime Boss","floor":16,"turns":2},{"damage":0,"enemies":"theJungle:5_Spyders","floor":18,"turns":3},{"damage":0,"enemies":"theJungle:MUSHROOMGANG","floor":21,"turns":1},{"damage":0,"enemies":"theJungle:2_Snecko_Cultists","floor":22,"turns":1},{"damage":0,"enemies":"theJungle:MamaSnecko","floor":23,"turns":3},{"damage":0,"enemies":"theJungle:Lyon","floor":24,"turns":3},{"damage":0,"enemies":"theJungle:Snecko_Cultist_And_Trap","floor":27,"turns":2},{"damage":0,"enemies":"Hiden Room Battle","floor":28,"turns":3},{"damage":0,"enemies":"theJungle:SlimyTreeVines","floor":30,"turns":2},{"damage":0,"enemies":"theJungle:QueenSpyder","floor":33,"turns":1},{"damage":0,"enemies":"Orb Walker","floor":35,"turns":1},{"damage":0,"enemies":"3 Darklings","floor":37,"turns":2},{"damage":0,"enemies":"Transient","floor":39,"turns":1},{"damage":0,"enemies":"Reptomancer","floor":44,"turns":1},{"damage":0,"enemies":"Maw","floor":45,"turns":1},{"damage":0,"enemies":"Nemesis","floor":46,"turns":2},{"damage":0,"enemies":"Nightmare","floor":48,"turns":3},{"damage":0,"enemies":"Replay:Hell Engine","floor":50,"turns":2}],"seed_played":"4511563792049188764","potions_obtained":[{"floor":1,"key":"blueLaboratory:PhilterOfMotion"},{"floor":3,"key":"PowerPotion"},{"floor":6,"key":"AttackPotion"},{"floor":10,"key":"SteroidPotion"},{"floor":10,"key":"FearPotion"},{"floor":23,"key":"SpeedPotion"},{"floor":27,"key":"blueLaboratory:PressurePotion"},{"floor":30,"key":"Energy Potion"},{"floor":35,"key":"SkillPotion"},{"floor":45,"key":"Energy Potion"},{"floor":46,"key":"Weak Potion"}],"is_trial":false,"path_per_floor":["M","?","M","M","M","E","M","?","T","E","M","M","$","E","R_BF","B",null,"M","AVR","?","M","M","E","M","R","T","M","?","R","M","?","R","B",null,"M","?","M","$","M","R","?","?","T","E","M","E","R","NM","R","B",null],"character_chosen":"WATCHER","items_purchased":["HollowMod:JonisBlessing","jedi:StrikingPotion","Secret Weapon","ICR:Serenity","LikeWater+1","trackpad:FieryHotPepper","Letter Opener","halation:PromiseList","PreservedInsect","GuppysTail","blueLaboratory:FruitPreserves","WheelKick","Secret Weapon","Fasting2+1","blueLaboratory:BottledTrinity","Tantrum","Ragnarok","Ambrosia","GuppysHairball","aspiration:AnachronicSnailShell","CCEMRelics:JestersCrown","trackpad:VoidSphere","Durian","Dead Branch","Judgement+1","Protect","MerchantsRug","Fasting2+1"],"campfire_rested":6,"item_purchase_floors":[13,13,13,13,13,13,13,13,13,17,17,17,17,17,17,34,34,34,34,38,38,38,38,38,38,38,38,38],"current_hp_per_floor":[68,68,68,66,58,58,58,72,72,21,41,27,27,27,27,27,39,39,39,39,39,39,39,39,39,39,39,24,35,35,35,39,36,16,11,11,11,16,16,16,16,16,16,16,16,16,16,16,16,16],"gold":653,"neow_bonus":"","is_daily":true,"chose_seed":false,"campfire_upgraded":0,"win_rate":0.0,"timestamp":1608412706,"path_taken":["M","?","M","?","M","E","M","?","T","E","M","?","$","E","R_BF","BOSS","M","AVR","?","?","M","E","M","R","T","M","?","R","?","?","R","BOSS","M","?","M","$","M","R","?","?","T","E","M","E","R","NM","R","BOSS"],"items_purchased_type":["Relic","Potion","Card","Card","Card","Relic","Relic","Relic","Relic","Relic","Potion","Card","Card","Card","Potion","Card","Card","Potion","Relic","Relic","Relic","Relic","Relic","Relic","Card","Card","Relic","Card"],"build_version":"2020-12-13","purchased_purges":3,"victory":true,"max_hp_per_floor":[72,72,72,72,72,72,72,72,72,72,72,72,72,72,72,72,39,39,39,39,39,39,39,39,39,39,39,39,39,39,39,39,36,16,11,11,11,16,16,16,16,16,16,16,16,16,16,16,16,16],"card_choices":[{"not_picked":[],"picked":"DoctorFetus","floor":0},{"not_picked":["Conclude","JustLucky"],"picked":"Pray","floor":0},{"not_picked":["CutThroughFate","Halt"],"picked":"Replay:Parry","floor":0},{"not_picked":["InnerPeace","JustLucky"],"picked":"ClearTheMind","floor":0},{"not_picked":["Protect","Consecrate"],"picked":"hubris:Insight","floor":0},{"not_picked":["FollowUp","ThirdEye"],"picked":"PathToVictory","floor":0},{"not_picked":["ThirdEye","FollowUp"],"picked":"FlurryOfBlows","floor":0},{"not_picked":["CutThroughFate","Sanctity"],"picked":"ForeignInfluence","floor":0},{"not_picked":["ThirdEye","WreathOfFlame"],"picked":"Degenerate","floor":0},{"not_picked":["Collect","MentalFortress"],"picked":"Blind","floor":0},{"not_picked":["ClearTheMind","ThirdEye"],"picked":"EmptyBody","floor":0},{"not_picked":["Weave","FollowUp"],"picked":"Dramatic Entrance","floor":0},{"not_picked":["FollowUp","ClearTheMind"],"picked":"Crescendo","floor":0},{"not_picked":["EmptyBody","Degenerate"],"picked":"Finesse","floor":0},{"not_picked":["PathToVictory","BettingIsNotGood"],"picked":"Halt","floor":0},{"not_picked":["Consecrate","Impatience"],"picked":"Evaluate","floor":0},{"not_picked":["FollowUp","ThirdEye"],"picked":"Replay:AtTheReady","floor":1},{"not_picked":["Consecrate","DeceiveReality"],"picked":"Replay:ManipulateFuture","floor":2},{"not_picked":["ForeignInfluence","Replay:AtTheReady"],"picked":"Swift Strike","floor":3},{"not_picked":["BowlingBash","EmptyBody"],"picked":"ReachHeaven","floor":4},{"not_picked":["Vault","Bandage Up"],"picked":"CutThroughFate","floor":5},{"not_picked":["FollowUp","PathToVictory"],"picked":"ClearTheMind","floor":6},{"not_picked":["ThirdEye","Halt"],"picked":"SuicideKing","floor":7},{"not_picked":["Fasting2","vexMod:StairwayStrike"],"picked":"Assess","floor":10},{"not_picked":["Battery","SashWhip"],"picked":"Replay:Vibes","floor":10},{"not_picked":["Halt","Protect"],"picked":"jedi:LeechingStrike","floor":10},{"not_picked":["Replay:AtTheReady","EmptyBody"],"picked":"JustLucky","floor":10},{"not_picked":["Replay:BluntJabs","ClearTheMind"],"picked":"EmptyFist","floor":11},{"not_picked":["FlurryOfBlows","Adaptation+1"],"picked":"Midas Touch","floor":12},{"not_picked":["Collect","PathToVictory"],"picked":"BowlingBash","floor":14},{"not_picked":["Battery","ReplayUltimateDefense+1"],"picked":"Mayhem+1","floor":16},{"not_picked":["ReplayTheSpireMod:Trickstab","Mind Blast"],"picked":"CarveReality","floor":18},{"not_picked":["Protect+1","PathToVictory"],"picked":"Panacea","floor":21},{"not_picked":["CrushJoints","EmptyBody"],"picked":"Degenerate","floor":22},{"not_picked":["Battery","vexMod:EmailVexCard"],"picked":"Collect+1","floor":23},{"not_picked":["ClearTheMind","DeceiveReality+1"],"picked":"Replay:ManipulateFuture+1","floor":24},{"not_picked":["Replay:Battleflow","Bandage Up+1"],"picked":"Magnetism+1","floor":27},{"not_picked":["Assess","Replay:ManipulateFuture"],"picked":"FlyingSleeves","floor":28},{"not_picked":["ICR:YinYang+1","Replay:Parry"],"picked":"FlurryOfBlows","floor":30},{"not_picked":["ConjureBlade","jedi:nirvanicrebirth"],"picked":"DoctorFetus+1","floor":33},{"not_picked":["Panacea","CrushJoints+1"],"picked":"Replay:AtTheReady+1","floor":35},{"not_picked":["jedi:RedIncense","Replay:BluntJabs+1"],"picked":"FlyingSleeves+1","floor":37},{"not_picked":["Prostrate","SashWhip+1"],"picked":"EmptyFist+1","floor":39},{"not_picked":["CrushJoints","jedi:LeechingStrike"],"picked":"EmptyFist","floor":44},{"not_picked":["FlyingSleeves","jedi:forcepush"],"picked":"FollowUp+1","floor":45},{"not_picked":["FlyingSleeves+1","WheelKick","FollowUp"],"picked":"SKIP","floor":46},{"not_picked":["Replay:Cycle+1","Swivel+1"],"picked":"Replay:Sssssssssstrike+1","floor":48}],"player_experience":475240,"relics_obtained":[{"floor":6,"key":"CCEMRelics:Moonstone"},{"floor":9,"key":"conspire:TopHat"},{"floor":10,"key":"aspiration:HiddenCompartment"},{"floor":10,"key":"YumHeart"},{"floor":10,"key":"StuffTheSpire:Mouthbags"},{"floor":10,"key":"Replay:Baseball"},{"floor":10,"key":"ZombieTooth"},{"floor":10,"key":"Frozen Egg 2"},{"floor":14,"key":"Garlic"},{"floor":23,"key":"trackpad:WritersBlock"},{"floor":26,"key":"ShockBauble"},{"floor":28,"key":"StuffTheSpire:SapphireSignet"},{"floor":28,"key":"PillsDrop"},{"floor":31,"key":"Ring of Fury"},{"floor":31,"key":"Ring of Peace"},{"floor":43,"key":"SpikesRelics:ToyHorsey"},{"floor":44,"key":"trackpad:BottledShadow"},{"floor":46,"key":"conspire:Flyswatter"},{"floor":48,"key":"DeathBook"}],"event_choices":[{"damage_healed":18,"gold_gain":0,"player_choice":"Healed","damage_taken":0,"max_hp_gain":0,"max_hp_loss":0,"event_name":"The Cleric","floor":8,"gold_loss":35},{"damage_healed":0,"gold_gain":0,"player_choice":"Upgraded Two","damage_taken":0,"max_hp_gain":0,"max_hp_loss":0,"event_name":"Designer","floor":15,"gold_loss":40,"cards_upgraded":["BowlingBash","Swift Strike"]},{"damage_healed":0,"gold_gain":0,"player_choice":"Fight","damage_taken":0,"max_hp_gain":0,"max_hp_loss":0,"event_name":"HidenRoomEvent","floor":28,"gold_loss":0},{"damage_healed":0,"gold_gain":0,"player_choice":"Ignored","damage_taken":0,"max_hp_gain":0,"max_hp_loss":0,"event_name":"OrinTheCat","floor":36,"gold_loss":0},{"damage_healed":0,"gold_gain":100,"player_choice":"Pray","damage_taken":0,"max_hp_gain":0,"max_hp_loss":0,"event_name":"Golden Shrine","floor":42,"gold_loss":0}],"is_beta":false,"boss_relics":[{"not_picked":["Ectoplasm","halation:ForbiddenBikini"],"picked":"Abe\u0027s Treasure"},{"not_picked":[]},{"not_picked":["halation:Prosthetics","hubris:RunicObelisk"],"picked":"trackpad:Coffee"},{"not_picked":[]}],"items_purged_floors":[13,13,17],"is_endless":false,"potions_floor_spawned":[1,3,6,23,27,30,35,37,45,46],"ascension_level":0}}