{"host":"mi24dmma43d7mlws","time":1608344331,"event":{"mods":["2.2 Compatiblity","Astrologer","Bard","BaseMod","Beaked The Cultist","Bestiary","CatGirl Mod","Colored Map","Colored Powertips","Custom Start","Downfall","Fiend Mod","Fireblade Mod","Hermit","Highlight Path","JesterMod","Jorbs\u0027s Wanderer Trilogy","Mad Scientist","Magitek Elite","Minty Spire (QoL Compilation)","Potionbrewer","QueenMod","Quick Restart","Rare Cards Sparkle","Relic Stats","Shade Mod","Somnambulant","StSLib","Td1madao Mod","The Accelerator","The Blackbeard","The Bladedancer","The Bug Knight","The Clintock","The Construct","The Cursed","The Death Knight","The Disciple","The Elementalist","The Florist","The Forsaken","The Gatherer","The Hayseed","The Hierophant","The Judge","The Juggle","The Mystic","The Necromancer","The Problem Sleuth","The Runesmith","The Sage","The Senshi","The Servant 0.9.4","The Showman","The Spell Scribe","The Trickster","The Valiant","The Vixen","The Wild Card","TheArtist","TheBandit","TheFirefly","TheHeartMod","TheHero","TheLocksmith","everything is the same but u backflip on backflip","slay the spire mod where everything is the same but ironclad has a cowboy hat","thorton"],"gold_per_floor":[99,99,199,199,124,156,156,191,206,56,56,67,77,36,49,148,148,148,148,158,18,34,51,51,85,26,57,161,161,161,61,75,75,75],"floor_reached":33,"playtime":3209,"items_purged":["champ:Strike","champ:Strike"],"score":341,"play_id":"19faf1ac-f517-4438-a50e-a824cd2b0a9b","local_time":"20201219021851","is_ascension_mode":false,"campfire_choices":[{"floor":1,"key":"RECALL"},{"data":"champ:Execute","floor":5,"key":"SMITH"},{"data":"champ:Encircle","floor":10,"key":"SMITH"},{"data":"champ:CheapShot","floor":18,"key":"SMITH"}],"circlet_count":0,"master_deck":["champ:Defend","champ:Defend","champ:Defend","champ:Defend","champ:Execute+1","champ:Taunt","champ:Encircle+1","champ:FlashCut","champ:DefensiveShout","champ:RisingSlash","champ:BringItOn","champ:FanOfKnives","champ:AdrenalArmor","champ:HeartStrike","champ:LastStand","champ:Circumvent","champ:DeathBlow","champ:CheapShot+1","champ:FocusedDefense","champ:FanOfKnives","champ:Encircle","champ:EnragedBash","champ:EndlessRage","champ:RisingSlash+1","champ:ViciousMockery+1","champ:BerserkerStyle+1","champ:CalledShot","champ:ArenaPreparation","champ:IronFortress"],"relics":["champ:ChampionCrown","downfall:HeartsMalice","downfall:HeartBlessingRed","Gambling Chip","champ:FightingForDummies","downfall:HeartBlessingGreen","downfall:HeartBlessingBlue","Velvet Choker","InkBottle","Winged Necklace","construct:FoamFinger","Nilry\u0027s Codex"],"acts_visited":["Exordium","TheCity"],"potions_floor_usage":[8,25,33,33],"damage_taken":[{"damage":0,"enemies":"Jaw Worm","floor":2,"turns":1},{"damage":0,"enemies":"2 Louse","floor":4,"turns":1},{"damage":0,"enemies":"3 Sentries","floor":6,"turns":1},{"damage":16,"enemies":"Lagavulin","floor":8,"turns":3},{"damage":7,"enemies":"Cultist","floor":9,"turns":2},{"damage":10,"enemies":"Large Slime","floor":12,"turns":3},{"damage":17,"enemies":"3 Louse","floor":13,"turns":2},{"damage":39,"enemies":"downfall:FleeingMerchant","floor":14,"turns":4},{"damage":17,"enemies":"Exordium Wildlife","floor":15,"turns":3},{"damage":54,"enemies":"downfall:Watcher","floor":16,"turns":5},{"damage":26,"enemies":"3 Byrds","floor":20,"turns":3},{"damage":47,"enemies":"downfall:FleeingMerchant","floor":21,"turns":5},{"damage":21,"enemies":"Chosen","floor":22,"turns":4},{"damage":31,"enemies":"Shelled Parasite and Fungi","floor":23,"turns":5},{"damage":43,"enemies":"Slavers","floor":25,"turns":4},{"damage":46,"enemies":"Book of Stabbing","floor":27,"turns":4},{"damage":33,"enemies":"downfall:FleeingMerchant","floor":28,"turns":5},{"damage":39,"enemies":"Cultist and Chosen","floor":32,"turns":4},{"damage":86,"enemies":"downfall:Ironclad","floor":33,"turns":5}],"seed_played":"-5126666148961480159","potions_obtained":[{"floor":6,"key":"BlessingOfTheForge"},{"floor":13,"key":"Swift Potion"},{"floor":15,"key":"Regen Potion"},{"floor":25,"key":"Block Potion"},{"floor":32,"key":"potionbrewer:ToxicPotion"}],"is_trial":false,"path_per_floor":["R","M","?","M","R","E","T","E","M","R","?","M","M","$","M","B",null,"R","?","M","$","M","M","T","E","?","E","$","?","?","$","M","B"],"character_chosen":"THE_CHAMP","items_purchased":["champ:Circumvent","champ:EndlessRage","Block Potion","champ:ArenaPreparation","champ:IronFortress"],"campfire_rested":0,"item_purchase_floors":[14,21,21,28,28],"current_hp_per_floor":[90,90,90,90,90,90,90,87,87,97,97,97,97,87,85,79,100,100,100,100,97,93,85,85,69,89,74,78,62,62,62,62,0,0],"gold":75,"neow_bonus":"THREE_ENEMY_KILL","is_daily":false,"chose_seed":false,"campfire_upgraded":3,"win_rate":0.0,"timestamp":1608344331,"path_taken":["R","M","?","M","R","E","T","E","M","R","?","M","M","$","M","BOSS","R","?","M","$","M","M","T","E","?","E","$","?","?","?","M","BOSS"],"items_purchased_type":["Card","Card","Potion","Card","Card"],"build_version":"2020-12-13","purchased_purges":2,"victory":false,"max_hp_per_floor":[90,90,90,90,90,90,90,90,90,100,100,100,100,100,100,100,100,100,100,100,100,100,100,100,100,100,100,105,105,105,105,105,105,105],"relic_stats":{"counters":[19,61],"Gambling Chip":[33],"obtain_stats":[{"Winged Necklace":25,"construct:FoamFinger":27,"downfall:HeartBlessingRed":5,"downfall:HeartBlessingBlue":10,"Nilry\u0027s Codex":29,"Gambling Chip":6,"Velvet Choker":17,"champ:ChampionCrown":0,"downfall:HeartsMalice":0,"downfall:HeartBlessingGreen":10,"champ:FightingForDummies":8,"InkBottle":24},{"Winged Necklace":15,"construct:FoamFinger":16,"downfall:HeartBlessingRed":2,"downfall:HeartBlessingBlue":5,"Nilry\u0027s Codex":17,"Gambling Chip":3,"Velvet Choker":10,"champ:ChampionCrown":0,"downfall:HeartsMalice":0,"downfall:HeartBlessingGreen":5,"champ:FightingForDummies":4,"InkBottle":14},{"Winged Necklace":43,"construct:FoamFinger":47,"downfall:HeartBlessingRed":0,"downfall:HeartBlessingBlue":5,"Nilry\u0027s Codex":52,"Gambling Chip":0,"Velvet Choker":22,"champ:ChampionCrown":0,"downfall:HeartsMalice":0,"downfall:HeartBlessingGreen":5,"champ:FightingForDummies":3,"InkBottle":39}],"InkBottle":[9]},"card_choices":[{"not_picked":["champ:Backstep","champ:Duel"],"picked":"champ:Encircle","floor":2},{"not_picked":["champ:BladeFlurry","champ:PreciseThrust"],"picked":"champ:FlashCut","floor":4},{"not_picked":["champ:CalledShot","champ:EndlessRage"],"picked":"champ:DefensiveShout","floor":6},{"not_picked":["champ:ViciousMockery","champ:Backstep"],"picked":"champ:RisingSlash","floor":8},{"not_picked":["champ:FanOfKnives","champ:TornadoPunch"],"picked":"champ:BringItOn","floor":9},{"not_picked":["champ:BringItOn","champ:FocusedDefense"],"picked":"champ:AdrenalArmor","floor":12},{"not_picked":["champ:StanceDance","champ:EnGarde"],"picked":"champ:HeartStrike","floor":13},{"not_picked":["champ:BerserkersShout","champ:ArenaPreparation"],"picked":"champ:LastStand","floor":14},{"not_picked":["champ:TornadoPunch","champ:ArenaPreparation"],"picked":"champ:DeathBlow","floor":15},{"not_picked":["champ:DancingMaster","champ:PerfectForm"],"picked":"champ:CheapShot","floor":16},{"not_picked":["champ:FanOfKnives","champ:BringItOn"],"picked":"champ:Encircle","floor":20},{"not_picked":["champ:Haymaker+1","champ:BladeFlurry+1"],"picked":"champ:EnragedBash","floor":21},{"not_picked":["champ:FocusedDefense+1","champ:Riposte"],"picked":"champ:RisingSlash+1","floor":22},{"not_picked":["champ:TornadoPunch","champ:Haymaker"],"picked":"champ:ViciousMockery+1","floor":23},{"not_picked":["champ:Lariat","champ:EnGarde"],"picked":"champ:FightOn","floor":25},{"not_picked":["champ:Riposte+1","champ:StanceDance"],"picked":"champ:BerserkerStyle+1","floor":27},{"not_picked":["champ:Encircle","champ:GladiatorsShout+1"],"picked":"champ:CalledShot","floor":28},{"not_picked":["champ:HeartStrike+1","champ:BerserkerStyle","champ:GladiatorStyle+1"],"picked":"SKIP","floor":32}],"player_experience":1014255,"relics_obtained":[{"floor":6,"key":"Gambling Chip"},{"floor":8,"key":"champ:FightingForDummies"},{"floor":24,"key":"InkBottle"},{"floor":25,"key":"Winged Necklace"},{"floor":27,"key":"construct:FoamFinger"},{"floor":29,"key":"Nilry\u0027s Codex"}],"event_choices":[{"damage_healed":0,"gold_gain":0,"cards_transformed":["champ:Strike","champ:Strike"],"player_choice":"Became Test Subject","damage_taken":0,"max_hp_gain":0,"max_hp_loss":0,"event_name":"Drug Dealer","floor":19,"gold_loss":0,"cards_obtained":["champ:FocusedDefense","champ:FanOfKnives"]}],"is_beta":false,"boss_relics":[{"not_picked":["SlaversCollar","Tiny House"],"picked":"Velvet Choker"}],"items_purged_floors":[28,31],"is_endless":false,"potions_floor_spawned":[6,13,15,25,32],"killed_by":"downfall:Ironclad","ascension_level":0}}