{"host":"bxn2em57qlx5u4i0","time":1608412360,"event":{"mods":["BaseMod","Colored Map","Colored Powertips","Highlight Path","Minty Spire (QoL Compilation)","Random Character Button","Relic Sorter","Relic Stats","StSLib","SuperFastMode"],"gold_per_floor":[14,33,33,33,33,33,69,69,69,87,105,139,158,174,174,270,270,293,316,347,370,370,370,404,404,404,420,438,438,438,471,471,550,550,565,581,631,631,139,167,167,10,10,35,35,35,62,80,80,80,80,80,80,80,113,113,113],"floor_reached":56,"playtime":2217,"items_purged":["Defend_G","Defend_G"],"score":2106,"play_id":"a2607726-32ed-4181-9a1f-319260890d89","local_time":"20201219161240","is_ascension_mode":true,"campfire_choices":[{"data":"Neutralize","floor":6.0,"key":"SMITH"},{"floor":8.0,"key":"REST"},{"data":"Crippling Poison","floor":15.0,"key":"SMITH"},{"data":"Deadly Poison","floor":23.0,"key":"SMITH"},{"data":"Blade Dance","floor":25.0,"key":"SMITH"},{"data":"Tactician","floor":32.0,"key":"SMITH"},{"data":"Catalyst","floor":41.0,"key":"SMITH"},{"data":"Bullet Time","floor":46.0,"key":"SMITH"},{"floor":49.0,"key":"RECALL"},{"data":"Sadistic Nature","floor":53.0,"key":"SMITH"}],"circlet_count":0,"master_deck":["AscendersBane","Defend_G","Defend_G+1","Survivor+1","Neutralize+1","Blade Dance+1","Crippling Poison+1","Deadly Poison+1","Crippling Poison+1","After Image","Bullet Time+1","Backflip","Backflip","Tactician+1","Night Terror","Noxious Fumes","Adrenaline","Bouncing Flask+1","Sadistic Nature+1","Catalyst+1","Prepared","Calculated Gamble+1","Night Terror"],"relics":["Ring of the Snake","Bloody Idol","Strawberry","TungstenRod","Meat on the Bone","Runic Pyramid","Red Mask","Lantern","Blood Vial","Nunchaku","Toy Ornithopter","Empty Cage","Ice Cream","Snake Skull","TwistedFunnel","Mummified Hand","Prayer Wheel","StrikeDummy","Oddly Smooth Stone"],"acts_visited":["Exordium","TheCity","TheBeyond","TheEnding"],"potions_floor_usage":[55,56],"damage_taken":[{"damage":3.0,"enemies":"Cultist","floor":1.0,"turns":5.0},{"damage":0.0,"enemies":"2 Louse","floor":2.0,"turns":4.0},{"damage":27.0,"enemies":"3 Sentries","floor":7.0,"turns":16.0},{"damage":0.0,"enemies":"Small Slimes","floor":10.0,"turns":3.0},{"damage":2.0,"enemies":"Looter","floor":11.0,"turns":4.0},{"damage":20.0,"enemies":"Lagavulin","floor":12.0,"turns":6.0},{"damage":8.0,"enemies":"2 Fungi Beasts","floor":13.0,"turns":3.0},{"damage":12.0,"enemies":"Exordium Thugs","floor":14.0,"turns":4.0},{"damage":15.0,"enemies":"The Guardian","floor":16.0,"turns":12.0},{"damage":0.0,"enemies":"Shell Parasite","floor":18.0,"turns":5.0},{"damage":14.0,"enemies":"2 Thieves","floor":19.0,"turns":4.0},{"damage":25.0,"enemies":"Masked Bandits","floor":20.0,"turns":5.0},{"damage":11.0,"enemies":"Shelled Parasite and Fungi","floor":21.0,"turns":6.0},{"damage":0.0,"enemies":"Gremlin Leader","floor":24.0,"turns":8.0},{"damage":0.0,"enemies":"Snake Plant","floor":27.0,"turns":5.0},{"damage":4.0,"enemies":"3 Cultists","floor":28.0,"turns":4.0},{"damage":0.0,"enemies":"Slavers","floor":31.0,"turns":3.0},{"damage":20.0,"enemies":"Champ","floor":33.0,"turns":13.0},{"damage":14.0,"enemies":"Orb Walker","floor":35.0,"turns":5.0},{"damage":0.0,"enemies":"3 Shapes","floor":36.0,"turns":4.0},{"damage":7.0,"enemies":"2 Orb Walkers","floor":37.0,"turns":4.0},{"damage":0.0,"enemies":"Reptomancer","floor":40.0,"turns":3.0},{"damage":0.0,"enemies":"Mind Bloom Boss Battle","floor":44.0,"turns":2.0},{"damage":0.0,"enemies":"Giant Head","floor":47.0,"turns":5.0},{"damage":1.0,"enemies":"Writhing Mass","floor":48.0,"turns":3.0},{"damage":11.0,"enemies":"Awakened One","floor":50.0,"turns":9.0},{"damage":13.0,"enemies":"Donu and Deca","floor":51.0,"turns":5.0},{"damage":20,"enemies":"Shield and Spear","floor":55,"turns":3},{"damage":78,"enemies":"The Heart","floor":56,"turns":5}],"seed_played":"1246724572760261903","potions_obtained":[{"floor":2.0,"key":"DistilledChaos"},{"floor":10.0,"key":"DuplicationPotion"},{"floor":11.0,"key":"Swift Potion"},{"floor":18.0,"key":"SteroidPotion"},{"floor":20.0,"key":"PowerPotion"},{"floor":27.0,"key":"SkillPotion"},{"floor":37.0,"key":"Poison Potion"}],"is_trial":false,"path_per_floor":["M","M","?","?","?","R","E","R","T","M","M","E","M","M","R","B",null,"M","M","?","M","?","R","E","R","T","M","M","?","T","E","R","B",null,"M","M","?","?","$","E","R","$","T","?","$","R","E","M","R","B","B",null,"R","$","E","B"],"character_chosen":"THE_SILENT","items_purchased":["Snake Skull","TwistedFunnel","Catalyst","Poison Potion"],"campfire_rested":1,"item_purchase_floors":[39,39,39,42],"current_hp_per_floor":[56,56,56,56,38,38,18,38,38,38,36,16,20,20,20,17,55,55,41,28,29,29,29,41,41,41,43,41,41,41,48,48,47,62,55,62,65,56,56,63,63,63,63,67,67,67,67,67,67,56,45,62,62,62,52,0,0],"gold":113,"neow_bonus":"REMOVE_TWO","is_daily":false,"chose_seed":false,"campfire_upgraded":8,"win_rate":0.0,"timestamp":1608412360,"path_taken":["M","M","?","?","?","R","E","R","T","M","M","E","M","M","R","BOSS","M","M","?","M","?","R","E","R","T","?","M","?","?","E","R","BOSS","M","?","?","?","$","E","R","$","T","?","?","R","E","M","R","BOSS","BOSS","R","$","E","BOSS"],"items_purchased_type":["Relic","Relic","Card","Potion"],"build_version":"2020-12-13","purchased_purges":2,"victory":false,"max_hp_per_floor":[66,66,66,60,60,60,67,67,67,67,67,67,67,67,67,67,67,67,67,67,67,67,67,67,67,67,67,67,67,67,67,67,67,67,67,67,67,67,67,67,67,67,67,67,67,67,67,67,67,67,67,67,67,67,67,67,67],"relic_stats":{"Blood Vial":24,"Nunchaku":[12],"counters":[29,158],"Mummified Hand":[33],"Bloody Idol":38,"Prayer Wheel":1,"Snake Skull":[163],"obtain_stats":[{"Ice Cream":37,"TwistedFunnel":39,"Lantern":24,"Golden Idol":4,"Oddly Smooth Stone":55,"Snake Skull":39,"Empty Cage":34,"Blood Vial":26,"Nunchaku":30,"Mummified Hand":40,"Strawberry":7,"Bloody Idol":29,"Prayer Wheel":44,"Red Mask":20,"StrikeDummy":47,"TungstenRod":9,"Toy Ornithopter":31,"Ring of the Snake":0,"Meat on the Bone":12,"Runic Pyramid":17},{"Ice Cream":21,"TwistedFunnel":21,"Lantern":14,"Golden Idol":2,"Oddly Smooth Stone":28,"Snake Skull":21,"Empty Cage":18,"Blood Vial":14,"Nunchaku":16,"Mummified Hand":22,"Strawberry":3,"Bloody Idol":16,"Prayer Wheel":23,"Red Mask":12,"StrikeDummy":24,"TungstenRod":3,"Toy Ornithopter":17,"Ring of the Snake":0,"Meat on the Bone":6,"Runic Pyramid":9},{"Ice Cream":123,"TwistedFunnel":123,"Lantern":85,"Golden Idol":9,"Oddly Smooth Stone":153,"Snake Skull":123,"Empty Cage":110,"Blood Vial":85,"Nunchaku":94,"Mummified Hand":126,"Strawberry":25,"Bloody Idol":94,"Prayer Wheel":128,"Red Mask":71,"StrikeDummy":133,"TungstenRod":25,"Toy Ornithopter":97,"Ring of the Snake":0,"Meat on the Bone":38,"Runic Pyramid":57}],"TungstenRod":62,"Toy Ornithopter":11,"Ring of the Snake":[58],"Meat on the Bone":84},"card_choices":[{"not_picked":["Slice","Sucker Punch"],"picked":"Blade Dance","floor":1.0},{"not_picked":["Quick Slash","Distraction"],"picked":"Crippling Poison","floor":2.0},{"not_picked":["Finisher","Blade Dance"],"picked":"Deadly Poison","floor":7.0},{"not_picked":["Distraction","Blade Dance","Reflex"],"picked":"SKIP","floor":10.0},{"not_picked":["Slice","Blade Dance"],"picked":"Crippling Poison","floor":11.0},{"not_picked":["Underhanded Strike","Prepared","Dagger Spray"],"picked":"SKIP","floor":12.0},{"not_picked":["Blade Dance","Deflect","Sucker Punch"],"picked":"SKIP","floor":13.0},{"not_picked":["Backflip","Dodge and Roll"],"picked":"After Image","floor":14.0},{"not_picked":["Die Die Die","Night Terror"],"picked":"Bullet Time","floor":16.0},{"not_picked":["Cloak And Dagger","Prepared","Deflect"],"picked":"SKIP","floor":18.0},{"not_picked":["Dodge and Roll","Reflex","Choke"],"picked":"SKIP","floor":19.0},{"not_picked":["Flying Knee","PiercingWail"],"picked":"Backflip","floor":20.0},{"not_picked":["Dagger Throw","Blade Dance","Flechettes"],"picked":"SKIP","floor":21.0},{"not_picked":["Bane","Phantasmal Killer"],"picked":"Night Terror","floor":24.0},{"not_picked":["Escape Plan","Acrobatics","Well Laid Plans"],"picked":"SKIP","floor":27.0},{"not_picked":["Escape Plan","Acrobatics","Well Laid Plans"],"picked":"SKIP","floor":27.0},{"not_picked":["Underhanded Strike","Outmaneuver"],"picked":"Noxious Fumes","floor":28.0},{"not_picked":["Acrobatics","Predator","Poisoned Stab"],"picked":"SKIP","floor":31.0},{"not_picked":["Die Die Die","Grand Finale"],"picked":"Adrenaline","floor":33.0},{"not_picked":["Deflect","Dagger Throw","Outmaneuver"],"picked":"SKIP","floor":35.0},{"not_picked":["Escape Plan","Crippling Poison"],"picked":"Bouncing Flask+1","floor":36.0},{"not_picked":["Impatience","Swift Strike"],"picked":"Sadistic Nature","floor":38.0},{"not_picked":["Finisher","Backflip"],"picked":"Prepared","floor":40.0},{"not_picked":["Underhanded Strike","Blur"],"picked":"Calculated Gamble+1","floor":47.0},{"not_picked":["Bane","Backstab+1","Dodge and Roll"],"picked":"SKIP","floor":48.0},{"not_picked":["Masterful Stab","Eviscerate+1","Bane"],"picked":"SKIP","floor":48.0},{"not_picked":["Acrobatics+1","Expertise"],"picked":"Night Terror","floor":55}],"player_experience":2820153,"relics_obtained":[{"floor":7.0,"key":"Strawberry"},{"floor":9.0,"key":"TungstenRod"},{"floor":12.0,"key":"Meat on the Bone"},{"floor":20.0,"key":"Red Mask"},{"floor":24.0,"key":"Lantern"},{"floor":26.0,"key":"Blood Vial"},{"floor":30.0,"key":"Nunchaku"},{"floor":31.0,"key":"Toy Ornithopter"},{"floor":37.0,"key":"Ice Cream"},{"floor":40.0,"key":"Mummified Hand"},{"floor":44.0,"key":"Prayer Wheel"},{"floor":47.0,"key":"StrikeDummy"},{"floor":55,"key":"Oddly Smooth Stone"}],"event_choices":[{"damage_healed":0.0,"max_hp_gain":0.0,"max_hp_loss":0.0,"gold_gain":0.0,"event_name":"Living Wall","player_choice":"Grow","floor":3.0,"gold_loss":0.0,"damage_taken":0.0,"cards_upgraded":["Crippling Poison"]},{"damage_healed":0.0,"max_hp_gain":0.0,"max_hp_loss":6.0,"gold_gain":0.0,"event_name":"Golden Idol","player_choice":"Lose Max HP","floor":4.0,"gold_loss":0.0,"damage_taken":0.0,"relics_obtained":["Golden Idol"]},{"damage_healed":0.0,"max_hp_gain":0.0,"max_hp_loss":0.0,"gold_gain":0.0,"event_name":"Shining Light","player_choice":"Entered Light","floor":5.0,"gold_loss":0.0,"damage_taken":18.0,"cards_upgraded":["Survivor","Defend_G"]},{"damage_healed":0.0,"max_hp_gain":0.0,"max_hp_loss":0.0,"gold_gain":0.0,"event_name":"Masked Bandits","player_choice":"Fought Bandits","floor":20.0,"gold_loss":0.0,"damage_taken":0.0},{"damage_healed":0.0,"max_hp_gain":0.0,"max_hp_loss":0.0,"gold_gain":0.0,"cards_transformed":["Strike_G","Strike_G"],"event_name":"Drug Dealer","player_choice":"Became Test Subject","floor":22.0,"gold_loss":0.0,"damage_taken":0.0,"cards_obtained":["Backflip","Tactician"]},{"damage_healed":0.0,"max_hp_gain":0.0,"max_hp_loss":0.0,"gold_gain":0.0,"event_name":"Forgotten Altar","player_choice":"Gave Idol","floor":29.0,"relics_lost":["Golden Idol"],"gold_loss":0.0,"damage_taken":0.0,"relics_obtained":["Bloody Idol"]},{"damage_healed":0.0,"max_hp_gain":0.0,"max_hp_loss":0.0,"gold_gain":0.0,"event_name":"Mysterious Sphere","player_choice":"Fight","floor":37.0,"gold_loss":0.0,"damage_taken":0.0},{"damage_healed":0.0,"max_hp_gain":0.0,"max_hp_loss":0.0,"gold_gain":0.0,"event_name":"SensoryStone","player_choice":"Memory 3","floor":38.0,"gold_loss":0.0,"damage_taken":10.0},{"damage_healed":0.0,"max_hp_gain":0.0,"max_hp_loss":0.0,"gold_gain":0.0,"event_name":"MindBloom","player_choice":"Fight","floor":44.0,"gold_loss":0.0,"damage_taken":0.0}],"is_beta":false,"boss_relics":[{"not_picked":["Philosopher\u0027s Stone","SlaversCollar"],"picked":"Runic Pyramid"},{"not_picked":["HoveringKite","Velvet Choker"],"picked":"Empty Cage"}],"items_purged_floors":[39,42],"is_endless":false,"potions_floor_spawned":[2,10,11,18,20,27,28,37,47,48],"killed_by":"The Heart","ascension_level":20}}