{"host":"9tzam4717zt8ei1o","time":1608391693,"event":{"mods":["BaseMod","Colored Map","Keyboard Shortcuts","Minty Spire (QoL Compilation)","Quick Restart","StSLib","SuperFastMode"],"gold_per_floor":[113,131,18,18,34,63,63,82,106,256,272,272,272,103,103,103,103],"floor_reached":16,"playtime":301,"items_purged":["Doubt"],"score":200,"play_id":"d9313626-5f63-46ca-b0ab-62517485e0a8","local_time":"20201220002813","is_ascension_mode":true,"campfire_choices":[{"data":"Wraith Form v2","floor":7,"key":"SMITH"},{"data":"Caltrops","floor":12,"key":"SMITH"},{"data":"Noxious Fumes","floor":15,"key":"SMITH"}],"circlet_count":0,"master_deck":["AscendersBane","Strike_G","Strike_G","Strike_G","Strike_G","Strike_G","Defend_G","Defend_G","Defend_G","Defend_G","Defend_G","Survivor","Neutralize","Wraith Form v2+1","Acrobatics","Tactician+1","Dagger Throw","Caltrops+1","Noxious Fumes+1","Prepared"],"relics":["Ring of the Snake","Boot","Toy Ornithopter"],"acts_visited":["Exordium"],"potions_floor_usage":[6,11],"damage_taken":[{"damage":12,"enemies":"Small Slimes","floor":1,"turns":6},{"damage":5,"enemies":"2 Louse","floor":2,"turns":3},{"damage":0,"enemies":"Jaw Worm","floor":5,"turns":4},{"damage":33,"enemies":"Gremlin Nob","floor":6,"turns":6},{"damage":2,"enemies":"Looter","floor":8,"turns":4},{"damage":4,"enemies":"Exordium Wildlife","floor":11,"turns":4},{"damage":33,"enemies":"Hexaghost","floor":16,"turns":9}],"seed_played":"4345910106794223416","potions_obtained":[{"floor":1,"key":"LiquidMemories"},{"floor":2,"key":"Explosive Potion"}],"is_trial":false,"path_per_floor":["M","M","$","?","M","E","R","M","T","?","M","R","?","$","R","B"],"character_chosen":"THE_SILENT","items_purchased":["Tactician","Dagger Throw","Noxious Fumes","Prepared"],"campfire_rested":0,"item_purchase_floors":[3,3,14,14],"current_hp_per_floor":[47,42,42,42,42,9,9,7,7,7,8,8,30,30,30,0,0],"gold":103,"neow_bonus":"ONE_RANDOM_RARE_CARD","is_daily":false,"chose_seed":false,"campfire_upgraded":3,"win_rate":0.0,"timestamp":1608391693,"path_taken":["M","M","$","?","M","E","R","M","T","?","M","R","?","$","R","BOSS"],"items_purchased_type":["Card","Card","Card","Card"],"build_version":"2020-12-13","purchased_purges":1,"victory":false,"max_hp_per_floor":[66,66,66,66,66,66,66,66,66,66,66,66,66,66,66,66,66],"card_choices":[{"not_picked":["Distraction","Flechettes","Reflex"],"picked":"SKIP","floor":1},{"not_picked":["Dagger Spray","PiercingWail"],"picked":"Acrobatics","floor":2},{"not_picked":["Blade Dance","Quick Slash","Sucker Punch"],"picked":"SKIP","floor":5},{"not_picked":["Skewer","Doppelganger","Quick Slash"],"picked":"SKIP","floor":6},{"not_picked":["Skewer","Terror"],"picked":"Caltrops","floor":8},{"not_picked":["Choke","Footwork","Prepared"],"picked":"SKIP","floor":11}],"player_experience":97044,"relics_obtained":[{"floor":6,"key":"Boot"},{"floor":9,"key":"Toy Ornithopter"}],"event_choices":[{"damage_healed":0,"gold_gain":0,"player_choice":"Grow","damage_taken":0,"max_hp_gain":0,"max_hp_loss":0,"event_name":"Living Wall","floor":4,"gold_loss":0,"cards_upgraded":["Tactician"]},{"damage_healed":0,"gold_gain":150,"player_choice":"AGREE","damage_taken":0,"max_hp_gain":0,"max_hp_loss":0,"event_name":"Liars Game","floor":10,"gold_loss":0,"cards_obtained":["Doubt"]},{"damage_healed":22,"gold_gain":0,"player_choice":"Banana","damage_taken":0,"max_hp_gain":0,"max_hp_loss":0,"event_name":"Big Fish","floor":13,"gold_loss":0}],"is_beta":false,"boss_relics":[],"items_purged_floors":[14],"is_endless":false,"potions_floor_spawned":[1,2,5],"killed_by":"Hexaghost","ascension_level":20}}