{"host":"mqhvlr3kpxebko0t","time":1608376432,"event":{"mods":["AchievementEnabler","BaseMod","Colored Map","Colored Powertips","Keyboard Shortcuts","Minty Spire (QoL Compilation)","StSLib","SuperFastMode"],"gold_per_floor":[113,38,38,50,50,75,95,106,177,177,177,194,94,94,94,189,189,202,202,202],"floor_reached":19,"playtime":329,"items_purged":["Strike_R","Strike_R"],"score":384,"play_id":"ff289546-c63b-46fe-8f23-0f78e7fee9e1","local_time":"20201219201352","is_ascension_mode":true,"campfire_choices":[{"data":"Second Wind","floor":11,"key":"SMITH"},{"data":"Disarm","floor":15,"key":"SMITH"}],"circlet_count":0,"master_deck":["AscendersBane","Strike_R","Strike_R","Defend_R","Defend_R","Defend_R","Defend_R","Bash","Pommel Strike","Second Wind+1","Thunderclap","Disarm+1","Carnage","Fire Breathing+1","Feed"],"relics":["Burning Blood","NeowsBlessing","Shovel","HornCleat","Frozen Egg 2","Golden Idol","Coffee Dripper"],"acts_visited":["Exordium","TheCity"],"potions_floor_usage":[8,16],"damage_taken":[{"damage":0,"enemies":"Cultist","floor":1,"turns":1},{"damage":0,"enemies":"Small Slimes","floor":4,"turns":1},{"damage":0,"enemies":"Lagavulin","floor":6,"turns":1},{"damage":6,"enemies":"Jaw Worm","floor":7,"turns":4},{"damage":23,"enemies":"Exordium Thugs","floor":8,"turns":5},{"damage":14,"enemies":"3 Louse","floor":12,"turns":4},{"damage":22,"enemies":"Hexaghost","floor":16,"turns":11},{"damage":40,"enemies":"Spheric Guardian","floor":18,"turns":6},{"damage":29,"enemies":"Shell Parasite","floor":19,"turns":7}],"seed_played":"-7592783667986146609","potions_obtained":[{"floor":4,"key":"Dexterity Potion"},{"floor":6,"key":"LiquidMemories"},{"floor":7,"key":"BloodPotion"},{"floor":8,"key":"Weak Potion"},{"floor":18,"key":"PowerPotion"}],"is_trial":false,"path_per_floor":["M","$","?","M","?","E","M","M","T","T","R","M","$","?","R","B",null,"M","M"],"character_chosen":"IRONCLAD","items_purchased":[],"campfire_rested":0,"item_purchase_floors":[],"current_hp_per_floor":[74,74,74,75,75,75,75,58,58,58,58,50,50,24,24,23,62,28,0,0],"gold":202,"neow_bonus":"THREE_ENEMY_KILL","is_daily":false,"chose_seed":false,"campfire_upgraded":2,"win_rate":0.0,"timestamp":1608376432,"path_taken":["M","$","?","M","?","E","?","M","T","?","R","M","?","?","R","BOSS","M","M"],"items_purchased_type":[],"build_version":"2020-12-13","purchased_purges":2,"victory":false,"max_hp_per_floor":[75,75,75,75,75,75,75,75,75,75,75,75,75,75,75,75,75,75,75,75],"card_choices":[{"not_picked":["Heavy Blade","Shockwave"],"picked":"Pommel Strike","floor":1},{"not_picked":["Flex","Armaments"],"picked":"Second Wind","floor":4},{"not_picked":["Thunderclap","Spot Weakness","Anger"],"picked":"SKIP","floor":6},{"not_picked":["Hemokinesis","Rampage"],"picked":"Disarm","floor":7},{"not_picked":["Wild Strike","Body Slam"],"picked":"Carnage","floor":8},{"not_picked":["Carnage","Rupture+1"],"picked":"Fire Breathing+1","floor":12},{"not_picked":["Fiend Fire","Double Tap"],"picked":"Feed","floor":16},{"not_picked":["Twin Strike","Second Wind","Whirlwind"],"picked":"SKIP","floor":18}],"player_experience":652285,"relics_obtained":[{"floor":6,"key":"Shovel"},{"floor":9,"key":"HornCleat"},{"floor":10,"key":"Frozen Egg 2"}],"event_choices":[{"damage_healed":0,"gold_gain":0,"player_choice":"Leave","damage_taken":0,"max_hp_gain":0,"max_hp_loss":0,"event_name":"The Cleric","floor":3,"gold_loss":0},{"damage_healed":0,"gold_gain":0,"cards_transformed":["Strike_R"],"player_choice":"Change","damage_taken":0,"max_hp_gain":0,"max_hp_loss":0,"event_name":"Living Wall","floor":5,"gold_loss":0,"cards_obtained":["Thunderclap"]},{"damage_healed":0,"gold_gain":0,"player_choice":"Take Damage","damage_taken":26,"relics_obtained":["Golden Idol"],"max_hp_gain":0,"max_hp_loss":0,"event_name":"Golden Idol","floor":14,"gold_loss":0}],"is_beta":false,"boss_relics":[{"not_picked":["Ectoplasm","Velvet Choker"],"picked":"Coffee Dripper"}],"items_purged_floors":[2,13],"is_endless":false,"potions_floor_spawned":[4,6,7,8,18],"killed_by":"Shell Parasite","ascension_level":20}}