{"host":"r6jigiblrojhp6xe","time":1608361266,"event":{"mods":["AchievementEnabler","BaseMod","DeckTracker","Minty Spire (QoL Compilation)","Quick Restart","Rare Cards Sparkle","Relic Stats","StSLib","SuperFastMode","The Cursed","everything is the same but u backflip on backflip"],"gold_per_floor":[116,41,41,41,41,70,90,120,120,132,57,57,68,98,98,172,172,184,184,84,94,109,109,109,34,34,48,60,75,93,93,93],"floor_reached":31,"playtime":533,"items_purged":["Strike_R","Clash"],"score":664,"play_id":"e66dcc01-3f20-4b33-86be-19fe39b41b41","local_time":"20201219160106","is_ascension_mode":true,"campfire_choices":[{"data":"Body Slam","floor":12,"key":"SMITH"},{"data":"Bash","floor":15,"key":"SMITH"},{"data":"Defend_R","floor":23,"key":"SMITH"}],"circlet_count":0,"master_deck":["AscendersBane","Defend_R+1","Defend_R+1","Bash+1","Body Slam+1","Carnage+1","Whirlwind+1","Anger+1","Inflame+1","Heavy Blade+1"],"relics":["Burning Blood","NeowsBlessing","Bird Faced Urn","Thread and Needle","Molten Egg 2","White Beast Statue","Torii","Empty Cage","The Courier"],"acts_visited":["Exordium","TheCity"],"potions_floor_usage":[8,16,16,16],"damage_taken":[{"damage":0,"enemies":"2 Louse","floor":1,"turns":1},{"damage":0,"enemies":"Gremlin Nob","floor":6,"turns":1},{"damage":0,"enemies":"Small Slimes","floor":7,"turns":2},{"damage":29,"enemies":"Lagavulin","floor":8,"turns":7},{"damage":0,"enemies":"Jaw Worm","floor":10,"turns":1},{"damage":5,"enemies":"Red Slaver","floor":13,"turns":3},{"damage":4,"enemies":"Gremlin Nob","floor":14,"turns":3},{"damage":0,"enemies":"Slime Boss","floor":16,"turns":4},{"damage":1,"enemies":"Spheric Guardian","floor":18,"turns":3},{"damage":20,"enemies":"3 Byrds","floor":21,"turns":4},{"damage":0,"enemies":"3 Cultists","floor":22,"turns":3},{"damage":23,"enemies":"Snake Plant","floor":27,"turns":3},{"damage":12,"enemies":"Chosen and Byrds","floor":28,"turns":4},{"damage":12,"enemies":"Sentry and Sphere","floor":29,"turns":4},{"damage":18,"enemies":"Snake Plant","floor":30,"turns":3},{"damage":0,"enemies":"Centurion and Healer","floor":31,"turns":1}],"seed_played":"-7967837261820850904","potions_obtained":[{"floor":7,"key":"Block Potion"},{"floor":10,"key":"Energy Potion"},{"floor":13,"key":"ElixirPotion"},{"floor":14,"key":"EntropicBrew"},{"floor":16,"key":"GamblersBrew"},{"floor":18,"key":"Block Potion"}],"is_trial":false,"path_per_floor":["M","?","?","?","?","E","M","E","T","M","$","R","M","E","R","B",null,"M","?","$","M","M","R","?","?","T","M","M","M","M","M"],"character_chosen":"IRONCLAD","items_purchased":[],"campfire_rested":0,"item_purchase_floors":[],"current_hp_per_floor":[74,74,63,63,56,62,68,45,45,51,51,51,52,54,54,60,71,75,75,75,61,67,67,67,67,67,50,44,40,30,32,32],"gold":93,"neow_bonus":"THREE_ENEMY_KILL","is_daily":false,"chose_seed":false,"campfire_upgraded":3,"win_rate":0.0,"timestamp":1608361266,"path_taken":["M","?","?","?","?","E","M","E","T","M","$","R","M","E","R","BOSS","M","?","$","M","?","R","?","?","T","M","M","M","M","?"],"items_purchased_type":[],"build_version":"2020-12-13","purchased_purges":2,"victory":false,"max_hp_per_floor":[75,75,75,75,75,75,75,75,75,75,75,75,75,75,75,75,75,75,75,75,75,75,75,75,75,75,75,75,75,75,75,75],"relic_stats":{"Torii":11,"counters":[16,47],"Bird Faced Urn":[6],"obtain_stats":[{"NeowsBlessing":0,"Torii":14,"Bird Faced Urn":3,"Thread and Needle":6,"Molten Egg 2":8,"The Courier":26,"Empty Cage":17,"Burning Blood":0,"White Beast Statue":9},{"NeowsBlessing":0,"Torii":7,"Bird Faced Urn":1,"Thread and Needle":2,"Molten Egg 2":4,"The Courier":11,"Empty Cage":8,"Burning Blood":0,"White Beast Statue":4},{"NeowsBlessing":0,"Torii":18,"Bird Faced Urn":1,"Thread and Needle":2,"Molten Egg 2":11,"The Courier":32,"Empty Cage":22,"Burning Blood":0,"White Beast Statue":11}],"Burning Blood":89},"card_choices":[{"not_picked":["Clothesline","Seeing Red"],"picked":"Clash","floor":1},{"not_picked":["Anger","Pummel","Sword Boomerang"],"picked":"SKIP","floor":6},{"not_picked":["Twin Strike","Heavy Blade","Pommel Strike"],"picked":"SKIP","floor":7},{"not_picked":["Heavy Blade+1","Anger+1"],"picked":"Carnage+1","floor":8},{"not_picked":["Entrench","Headbutt+1"],"picked":"Whirlwind+1","floor":10},{"not_picked":["Whirlwind+1","Warcry","Wild Strike+1"],"picked":"SKIP","floor":13},{"not_picked":["Infernal Blade","Flex"],"picked":"Anger+1","floor":14},{"not_picked":["Cleave+1","Second Wind","Evolve"],"picked":"SKIP","floor":18},{"not_picked":["Clash+1","Perfected Strike+1","Havoc"],"picked":"SKIP","floor":21},{"not_picked":["Metallicize","Sword Boomerang+1","Pommel Strike+1"],"picked":"SKIP","floor":22},{"not_picked":["Headbutt+1","Thunderclap+1","Spot Weakness"],"picked":"SKIP","floor":27},{"not_picked":["Infernal Blade","Uppercut+1"],"picked":"Inflame+1","floor":28},{"not_picked":["Anger+1","Rage+1"],"picked":"Heavy Blade+1","floor":29},{"not_picked":["Clash+1","Headbutt+1","Sword Boomerang+1"],"picked":"SKIP","floor":30}],"player_experience":529864,"relics_obtained":[{"floor":6,"key":"Thread and Needle"},{"floor":8,"key":"Molten Egg 2"},{"floor":9,"key":"White Beast Statue"},{"floor":14,"key":"Torii"},{"floor":26,"key":"The Courier"}],"event_choices":[{"cards_removed":["Strike_R"],"damage_healed":0,"gold_gain":0,"player_choice":"Card Removal","damage_taken":0,"max_hp_gain":0,"max_hp_loss":0,"event_name":"The Cleric","floor":2,"gold_loss":75},{"damage_healed":0,"gold_gain":0,"player_choice":"Success","damage_taken":11,"relics_obtained":["Bird Faced Urn"],"max_hp_gain":0,"max_hp_loss":0,"event_name":"Scrap Ooze","floor":3,"gold_loss":0},{"damage_healed":0,"gold_gain":0,"cards_transformed":["Defend_R"],"player_choice":"Change","damage_taken":0,"max_hp_gain":0,"max_hp_loss":0,"event_name":"Living Wall","floor":4,"gold_loss":0,"cards_obtained":["Body Slam"]},{"cards_removed":["Strike_R"],"damage_healed":0,"gold_gain":0,"player_choice":"Card Removal","damage_taken":7,"max_hp_gain":0,"max_hp_loss":0,"event_name":"Golden Wing","floor":5,"gold_loss":0},{"damage_healed":0,"gold_gain":0,"player_choice":"Forge","damage_taken":0,"max_hp_gain":0,"max_hp_loss":0,"event_name":"Accursed Blacksmith","floor":19,"gold_loss":0,"cards_upgraded":["Defend_R"]},{"damage_healed":0,"gold_gain":0,"player_choice":"Ignored","damage_taken":0,"max_hp_gain":0,"max_hp_loss":0,"event_name":"Vampires","floor":24,"gold_loss":0},{"cards_removed":["Defend_R"],"damage_healed":0,"gold_gain":0,"player_choice":"Gave Gold","damage_taken":0,"max_hp_gain":0,"max_hp_loss":0,"event_name":"Beggar","floor":25,"gold_loss":75}],"is_beta":false,"boss_relics":[{"not_picked":["Fusion Hammer","Runic Cube"],"picked":"Empty Cage"}],"items_purged_floors":[11,20],"is_endless":false,"potions_floor_spawned":[7,10,13,14,16,18,21,22,27,28,29,30],"killed_by":"Centurion and Healer","ascension_level":20}}