{"host":"jolg1n27y0xvdyb4","time":1608409749,"event":{"mods":["2.2 Compatiblity","AchievementEnabler","Act Like it!","BaseMod","Better Altar","Better Match","Better Note","Better Sensory Stone","Better Skull","Better Third Choice","Better Vampires","Block Reminder","Colored Map","Downfall","Gremlin Mod","Hermit","Jorbs\u0027s Wanderer Trilogy","Minty Spire (QoL Compilation)","SIMod","StSLib","The Blackbeard","The Blue Laboratory","The Bug Knight","The Hierophant","The Jungle","The Necromancer","The Wild Card"],"gold_per_floor":[114,124,142,156,156,156,156,156,183,202,202,277,291,303,303,407,407,425,443,129,144,144,144,154,154,177,195,207,55,73,73,73,73,73],"floor_reached":33,"playtime":2273,"items_purged":["HollowMod:NailStrikeStart","HollowMod:NailStrikeStart"],"score":268,"play_id":"33e47514-eab5-4c96-a99a-737840fed6bc","local_time":"20201219142909","is_ascension_mode":false,"campfire_choices":[{"data":"HollowMod:PogoStrike","floor":6,"key":"SMITH"},{"data":"expansioncontent:CaCaw","floor":8,"key":"SMITH"},{"data":"HollowMod:FocusHealStart","floor":11,"key":"SMITH"},{"floor":15,"key":"REST"},{"data":"expansioncontent:Hexaburn","floor":23,"key":"SMITH"},{"floor":32,"key":"REST"}],"circlet_count":0,"master_deck":["HollowMod:NailStrikeStart+1","HollowMod:NailStrikeStart+1","HollowMod:QuickDashStart","HollowMod:QuickDashStart","HollowMod:QuickDashStart","HollowMod:QuickDashStart","HollowMod:FocusHealStart+1","HollowMod:PogoStrike+1","HollowMod:MantisMark+1","expansioncontent:CaCaw+1","HollowMod:CycloneSlash","expansioncontent:Hexaburn+1","HollowMod:Hiveblood"],"relics":["HollowMod:VesselMask","Regal Pillow","SacredBark","Whetstone","MealTicket","Akabeko"],"acts_visited":["Exordium","TheCity"],"potions_floor_usage":[10,18,19,21,27,27,30],"damage_taken":[{"damage":5,"enemies":"Small Slimes","floor":1,"turns":4},{"damage":0,"enemies":"2 Louse","floor":2,"turns":3},{"damage":1,"enemies":"Jaw Worm","floor":3,"turns":3},{"damage":4,"enemies":"Blue Slaver","floor":4,"turns":4},{"damage":2,"enemies":"3 Louse","floor":10,"turns":3},{"damage":0,"enemies":"Looter","floor":13,"turns":3},{"damage":8,"enemies":"2 Fungi Beasts","floor":14,"turns":3},{"damage":77,"enemies":"HollowMod:FalseKnight","floor":16,"turns":8},{"damage":15,"enemies":"2 Thieves","floor":18,"turns":2},{"damage":0,"enemies":"Spheric Guardian","floor":19,"turns":3},{"damage":35,"enemies":"Snake Plant","floor":21,"turns":4},{"damage":22,"enemies":"Centurion and Healer","floor":24,"turns":6},{"damage":10,"enemies":"Snecko","floor":27,"turns":3},{"damage":14,"enemies":"Chosen and Byrds","floor":28,"turns":5},{"damage":22,"enemies":"Snake Plant","floor":30,"turns":6},{"damage":122,"enemies":"Champ","floor":33,"turns":9}],"seed_played":"1878374784619470569","potions_obtained":[{"floor":3,"key":"blueLaboratory:LouseDecoction"},{"floor":13,"key":"blueLaboratory:CorrosionFlask"},{"floor":14,"key":"Dexterity Potion"},{"floor":16,"key":"champ:CounterPotion"},{"floor":19,"key":"Slimebound:ThreeZeroPotion"},{"floor":24,"key":"FearPotion"},{"floor":27,"key":"Fruit Juice"}],"is_trial":false,"path_per_floor":["M","M","M","M","?","R","?","R","T","M","R","?","M","M","R","B",null,"M","M","$","M","?","R","M","?","T","M","M","$","M","?","R","B"],"character_chosen":"THE_BUGKNIGHT","items_purchased":["Whetstone","expansioncontent:Hexaburn","Dexterity Potion"],"campfire_rested":2,"item_purchase_floors":[20,20,29],"current_hp_per_floor":[82,82,82,78,78,78,78,78,78,76,76,65,65,63,82,17,82,67,77,77,42,42,42,32,32,32,32,18,33,35,35,77,0,0],"gold":73,"neow_bonus":"TEN_PERCENT_HP_BONUS","is_daily":false,"chose_seed":false,"campfire_upgraded":4,"win_rate":0.0,"timestamp":1608409749,"path_taken":["M","M","M","M","?","R","?","R","T","M","R","?","?","M","R","BOSS","M","M","$","M","?","R","M","?","T","M","M","$","M","?","R","BOSS"],"items_purchased_type":["Relic","Card","Potion"],"build_version":"2020-12-13","purchased_purges":2,"victory":false,"max_hp_per_floor":[82,82,82,82,82,82,82,82,82,82,82,82,82,82,82,82,82,82,82,82,82,82,82,82,82,82,92,92,92,92,92,92,92,92],"card_choices":[{"not_picked":["HollowMod:DashSlash","HollowMod:FastStrike"],"picked":"HollowMod:MantisMark","floor":1},{"not_picked":["HollowMod:NewJinnsSoul","HollowMod:FallenFury","HollowMod:CloakDash"],"picked":"SKIP","floor":2},{"not_picked":["HollowMod:DungDefenderAura","HollowMod:FastStrike","HollowMod:BlackTendrils"],"picked":"SKIP","floor":3},{"not_picked":["HollowMod:QuirrelsAssistance","HollowMod:NewJinnsSoul","HollowMod:CornifersMapStart"],"picked":"SKIP","floor":4},{"not_picked":["Finesse","expansioncontent:Flail"],"picked":"expansioncontent:CaCaw","floor":7},{"not_picked":["HollowMod:RecoilStrike","HollowMod:QuirrelsAssistance","HollowMod:DashSlash"],"picked":"SKIP","floor":10},{"not_picked":["HollowMod:VoidDash","HollowMod:InfectedCysts","HollowMod:FastStrike"],"picked":"SKIP","floor":13},{"not_picked":["HollowMod:CornifersMapStart","HollowMod:QuirrelsAssistance","HollowMod:GreatSlash"],"picked":"SKIP","floor":14},{"not_picked":["HollowMod:TaintedHusks+1","HollowMod:SharpenedShadows","HollowMod:AbyssShriek"],"picked":"SKIP","floor":18},{"not_picked":["HollowMod:NewGlowingWomb","HollowMod:DashSlash+1"],"picked":"HollowMod:CycloneSlash","floor":19},{"not_picked":["HollowMod:HuntersJournal","HollowMod:SoulSplash+1","HollowMod:NewGlowingWomb+1"],"picked":"SKIP","floor":21},{"not_picked":["HollowMod:GreatSlash","HollowMod:InfectedAttack"],"picked":"HollowMod:Hiveblood","floor":24},{"not_picked":["HollowMod:NewGlowingWomb","HollowMod:SoulStrike","HollowMod:VengefulVoid"],"picked":"SKIP","floor":27},{"not_picked":["HollowMod:CycloneSlash+1","HollowMod:InfectionAssault","HollowMod:DoubleDash"],"picked":"SKIP","floor":28},{"not_picked":["HollowMod:SoulSplash","HollowMod:SoulStrike","HollowMod:PerfectDash"],"picked":"SKIP","floor":30}],"player_experience":426256,"relics_obtained":[{"floor":9,"key":"Regal Pillow"},{"floor":26,"key":"Akabeko"}],"event_choices":[{"damage_healed":0,"gold_gain":0,"player_choice":"Grow","damage_taken":0,"max_hp_gain":0,"max_hp_loss":0,"event_name":"Living Wall","floor":5,"gold_loss":0,"cards_upgraded":["HollowMod:MantisMark"]},{"damage_healed":0,"gold_gain":1,"player_choice":"1","damage_taken":0,"max_hp_gain":0,"max_hp_loss":0,"event_name":"betterStone:BetterStone","floor":7,"gold_loss":0},{"damage_healed":0,"gold_gain":75,"player_choice":"Gold","damage_taken":11,"max_hp_gain":0,"max_hp_loss":0,"event_name":"betterThird:BetterGoop","floor":12,"gold_loss":0},{"damage_healed":0,"gold_gain":0,"player_choice":"Gave Potion","damage_taken":0,"relics_obtained":["MealTicket"],"max_hp_gain":0,"max_hp_loss":0,"event_name":"WeMeetAgain","floor":22,"gold_loss":0},{"damage_healed":0,"gold_gain":0,"player_choice":"Ignored","damage_taken":0,"max_hp_gain":0,"max_hp_loss":0,"event_name":"betterNote:BetterNote","floor":25,"gold_loss":0,"cards_obtained":["Corpse Explosion"]},{"damage_healed":0,"gold_gain":0,"player_choice":"Ignored","damage_taken":0,"max_hp_gain":0,"max_hp_loss":0,"event_name":"Ghosts","floor":31,"gold_loss":0}],"is_beta":false,"boss_relics":[{"not_picked":["Runic Pyramid","Calling Bell"],"picked":"SacredBark"}],"items_purged_floors":[20,29],"is_endless":false,"potions_floor_spawned":[3,13,14,16,19,24,27],"killed_by":"Champ","ascension_level":0}}