{"host":"lvglfvqy3xrupc2a","time":1608358240,"event":{"mods":["Act Like it!","Aspiration","BaseMod","Better Altar","Better Match","Better Note","Better Sensory Stone","Better Skull","Better Third Choice","BetterRewards","Conspire","Custom Start","Friendly Minions","Gensokyo","Grow up Mod","Hallownest","Hubris","Humility","Infinite Spire","Lobotomy","LobotomyExtend","Mimic Mod","Minty Spire (QoL Compilation)","MostiFishMod","Remove Card Discount Mod","Replay The Spire","Reworked Bosses","Spicy Shops","StSLib","The Bladedancer","The Blue Laboratory","The Factory","Wandering Minibosses","[IsaacMod]????","vexMod"],"gold_per_floor":[114,89,105,105,105,105,120,155,178,206,206,224,224,234,234,337,337,354,371,390,390,183,210,210,242,297,297,323,323,333,345,345,440,440,459,469,469,489,505,532,532,563,600,515,530,690,690,700,700,800,800],"floor_reached":52,"playtime":6820,"items_purged":["Writhe","MostiFishMod:Neptune","MostiFishMod:TheEndOfMoonlight","BlueStar"],"score":1564,"play_id":"30129f2e-db40-40c7-af78-3fe23a21f8b5","local_time":"20201219001040","is_ascension_mode":true,"campfire_choices":[{"data":"blademaster:RagingBlow","floor":6.0,"key":"SMITH"},{"data":"MostiFishMod:NightSea","floor":11.0,"key":"SMITH"},{"data":"blademaster:HighVoltage","floor":13.0,"key":"SMITH"},{"data":"blademaster:CombatPrep","floor":15.0,"key":"SMITH"},{"data":"blademaster:ColdBlood","floor":24,"key":"SMITH"},{"data":"blademaster:Sharpen","floor":27,"key":"SMITH"},{"data":"blademaster:DeadlyDance","floor":32,"key":"SMITH"},{"data":"infinitespire:UltimateForm","floor":41,"key":"SMITH"},{"data":"blademaster:ColdBlood","floor":47,"key":"SMITH"},{"data":"MostiFishMod:FantasySummer","floor":49,"key":"SMITH"}],"circlet_count":0,"master_deck":["BodiesMountain","LongBird","blademaster:Strike","blademaster:Strike","blademaster:Strike","blademaster:Strike","blademaster:Defend","blademaster:Defend","blademaster:Defend","blademaster:Defend","blademaster:RagingBlow+1","blademaster:HighVoltage+1","UniverseFragment","blademaster:AspectOfWind","MostiFishMod:SparklingWater","MostiFishMod:FantasySummer+1","MostiFishMod:NightSea+1","OldLady","blademaster:ChargingUp","MHz","blademaster:Safeguard","blademaster:AwakeningDefend","blademaster:Slice","blademaster:DeadlyDance+1","blademaster:CombatPrep+1","WallGazer","blademaster:ColdBlood+1","ShyLook","blademaster:Sharpen+1","OSAHOGD","blademaster:Hailwind+1","blademaster:LeechingStrike+1","blademaster:EyeOfTheTornado","blademaster:DaggerAndCloak+1","blademaster:Vortex","Wellcheers","blademaster:AirSlash+1","blademaster:DragonStrike+1","blademaster:Frontflip+1","blademaster:ColdBlood+1","blademaster:Breeze+1","blademaster:AwakeningDefend+1","infinitespire:UltimateForm+1","blademaster:Safeguard+1","blademaster:KiBarrier","blademaster:ChargingUp+1","blademaster:Discharge+1","blademaster:DancingEdge","Hallownest:skillKingdomsEdgeMap","blademaster:Safeguard","blademaster:SharpBlades+1","blademaster:RollingTyphoon"],"relics":["blademaster:DancersAmulet","HushsDoor","DaveBox","CogitoBucket","RabbitCall","Question Card","LetterFromLob","BelialBook","MoonlightInvasionPlan","Boot","Bottled Lightning","SoundOfStar_r","wanderingMiniBosses:Inkheart","ImportantClient","hubris:ScarierMask","Sling","aspiration:FetidBarrel","InkBottle","infinitespire:PuzzleCube","Justitia_r","Matryoshka","HonorFeather","BirthdayGift-Tetrahedron","Shuriken","SharpPlug","TheSmile_r","Du-Vu Doll","Gremlin Food","Hallownest:GodTamersBeastRelic"],"acts_visited":["Exordium","Hallownest:Greenpath","Hallownest:CityofTears"],"potions_floor_usage":[],"damage_taken":[{"damage":0.0,"enemies":"Hallownest:monsterHuskWarrior","floor":1.0,"turns":5.0},{"damage":1.0,"enemies":"Hallownest:2_Tiktiks_and_1_Crawlid","floor":3.0,"turns":4.0},{"damage":1.0,"enemies":"2_ Uuma","floor":7.0,"turns":3.0},{"damage":0.0,"enemies":"Hallownest:eliteMossKnight","floor":8.0,"turns":2.0},{"damage":0.0,"enemies":"Hallownest:eliteCrystalGuardian","floor":10.0,"turns":3.0},{"damage":36.0,"enemies":"Hallownest:MossCreep_and_Mosskin","floor":12.0,"turns":24.0},{"damage":0.0,"enemies":"Hallownest:Guard_and_Warrior","floor":14.0,"turns":4.0},{"damage":7.0,"enemies":"Hallownest:BossHornet","floor":16.0,"turns":5.0},{"damage":2,"enemies":"Hallownest:2_Mistakes","floor":18,"turns":1},{"damage":2,"enemies":"Hallownest:3_Youths","floor":19,"turns":2},{"damage":2,"enemies":"Hallownest:2_Husk_Sentries","floor":20,"turns":3},{"damage":2,"enemies":"Hallownest:Nosk","floor":23,"turns":6},{"damage":1,"enemies":"Hallownest:eliteWatcherKnight","floor":25,"turns":8},{"damage":1,"enemies":"Hallownest:Nosk","floor":28,"turns":4},{"damage":55,"enemies":"Hallownest:Nosk","floor":29,"turns":2},{"damage":0,"enemies":"Hallownest:monsterShrumalOgre","floor":30,"turns":3},{"damage":16,"enemies":"Hallownest:Master_and_Novice","floor":31,"turns":5},{"damage":5,"enemies":"Hallownest:BossMantisLord","floor":33,"turns":3},{"damage":2,"enemies":"Hallownest:3_Siblings","floor":35,"turns":2},{"damage":4,"enemies":"Hallownest:2_Littles","floor":36,"turns":2},{"damage":2,"enemies":"Hallownest:2_Soldiers_and_1_Guardian","floor":38,"turns":2},{"damage":0,"enemies":"Hallownest:Shield_Sturdy","floor":39,"turns":3},{"damage":6,"enemies":"Hallownest:eliteCollector","floor":40,"turns":4},{"damage":2,"enemies":"Hallownest:eliteHiveKnight","floor":42,"turns":3},{"damage":6,"enemies":"Hallownest:2_Wandering_and_1_Horned","floor":43,"turns":3},{"damage":4,"enemies":"Hallownest:2_Wandering_and_1_Horned","floor":45,"turns":4},{"damage":4,"enemies":"Hallownest:2_Wandering_and_1_Horned","floor":46,"turns":2},{"damage":0,"enemies":"Hallownest:2_Wandering_and_1_Horned","floor":46,"turns":1},{"damage":4,"enemies":"Hallownest:2_Wandering_and_1_Horned","floor":46,"turns":2},{"damage":6,"enemies":"Hallownest:2_Wandering_and_1_Horned","floor":46,"turns":4},{"damage":4,"enemies":"Hallownest:2_Soldiers_and_1_Guardian","floor":48,"turns":2},{"damage":2,"enemies":"Hallownest:BossGreyPrinceZote","floor":50,"turns":3}],"seed_played":"-5688490585715861176","potions_obtained":[{"floor":3.0,"key":"blueLaboratory:ImpenetrablePotion"},{"floor":10.0,"key":"blueLaboratory:BottleOfVodka"},{"floor":20,"key":"blueLaboratory:HummingbirdPotion"},{"floor":31,"key":"PowerPotion"}],"is_trial":false,"path_per_floor":["M","?","M","?","?","R","M","E","T","E","R","M","R","M","R","B",null,"M","M","M","?","$","E","R","E","T","R","E","?","M","M","R","B",null,"M","M","AVR","M","M","E","R","E","MIM","?","M","?","R","M","R","B",null,null],"character_chosen":"THE_BLADEMASTER","items_purchased":["Sling","blademaster:EyeOfTheTornado"],"campfire_rested":0,"item_purchase_floors":[22,22],"current_hp_per_floor":[88,98,107,131,141,151,160,170,180,190,200,174,184,194,204,207,256,264,272,280,290,300,318,328,346,356,366,379,389,399,405,419,429,434,444,453,463,474,484,488,504,514,524,534,544,554,564,570,584,594,604],"gold":800,"neow_bonus":"","is_daily":false,"chose_seed":false,"campfire_upgraded":10,"win_rate":0.0,"timestamp":1608358240,"path_taken":["M","?","M","?","?","R","M","E","T","E","R","M","R","?","R","BOSS","M","M","M","?","$","E","R","E","T","R","E","?","M","M","R","BOSS","M","M","AVR","M","M","E","R","E","MIM","?","M","?","R","M","R","BOSS"],"items_purchased_type":["Relic","Card"],"build_version":"2020-12-13","purchased_purges":4,"victory":true,"max_hp_per_floor":[95,105,115,139,149,159,169,179,189,199,209,219,229,239,249,259,269,279,289,299,309,319,329,339,349,359,369,379,389,399,409,419,429,434,444,454,464,474,484,494,504,514,524,534,544,554,564,574,584,594,604],"card_choices":[{"not_picked":["Bloodbath","QueenOfHatred"],"picked":"UniverseFragment","floor":1.0},{"not_picked":["blademaster:ParryingStrike","blademaster:Cut"],"picked":"blademaster:AspectOfWind","floor":1.0},{"not_picked":["MeatLantern","SnowQueen","OldLady"],"picked":"Singing Bowl","floor":3.0},{"not_picked":["SpiderBud","MeatLantern"],"picked":"OldLady","floor":3.0},{"not_picked":["blademaster:Flurry","blademaster:Quickness","blademaster:Bloodbath"],"picked":"blademaster:ChargingUp","floor":3.0},{"not_picked":["LongBird","Wellcheers"],"picked":"MHz","floor":7.0},{"not_picked":["blademaster:UnrelentingWind","blademaster:ThunderingOpener","blademaster:BladeMastery"],"picked":"blademaster:Safeguard","floor":7.0},{"not_picked":["SingingMachine","ShyLook","Scarecrow"],"picked":"Singing Bowl","floor":8.0},{"not_picked":["blademaster:EyeOfTheStorm","blademaster:AspectOfLightning","blademaster:Slice"],"picked":"blademaster:AwakeningDefend","floor":8.0},{"not_picked":["BeautyBeast","CherryBlossoms","Murderer"],"picked":"Singing Bowl","floor":10.0},{"not_picked":["CrumblingArmor","BeautyBeast"],"picked":"BlueStar","floor":10.0},{"not_picked":["blademaster:ChargingUp","blademaster:RagingBlow","blademaster:OneTrickPony"],"picked":"blademaster:Slice","floor":10.0},{"not_picked":["DespairKnight","Mercenary","FieryBird"],"picked":"Singing Bowl","floor":12.0},{"not_picked":["blademaster:ChargingUp","blademaster:AspectOfLightning","blademaster:AirSlash"],"picked":"blademaster:DeadlyDance","floor":12.0},{"not_picked":["SpiderBud","Scorched","ShyLook"],"picked":"Singing Bowl","floor":14.0},{"not_picked":["blademaster:AncestralHealing","blademaster:SharpBlades","blademaster:Rupture"],"picked":"blademaster:CombatPrep","floor":14.0},{"not_picked":["DreamingCurrent","SpiderBud"],"picked":"WallGazer","floor":16.0},{"not_picked":["blademaster:HighVoltage","blademaster:LightningDraw","blademaster:StanceMastery"],"picked":"blademaster:ColdBlood","floor":16.0},{"not_picked":["WhitesApple","Murderer","ShyLook"],"picked":"Singing Bowl","floor":18},{"not_picked":["SnowQueen","BigBadWolf"],"picked":"ShyLook","floor":18},{"not_picked":["blademaster:EyeOfTheTornado","blademaster:ParryingStrike","blademaster:AwakeningStrike"],"picked":"blademaster:Sharpen","floor":18},{"not_picked":["Scarecrow","CherryBlossoms","Bloodbath"],"picked":"Singing Bowl","floor":19},{"not_picked":["HeroicMonk","Mercenary"],"picked":"OSAHOGD","floor":19},{"not_picked":["blademaster:ThunderSlash","blademaster:AncestralHealing","blademaster:BladeDance"],"picked":"blademaster:Hailwind+1","floor":19},{"not_picked":["SpiderBud","VoidDream","BlackSwan"],"picked":"Singing Bowl","floor":20},{"not_picked":["blademaster:Discharge","blademaster:Cut","blademaster:Quickstep"],"picked":"blademaster:LeechingStrike+1","floor":20},{"not_picked":["Porccubus","Scorched"],"picked":"QueenOfHatred","floor":23},{"not_picked":["blademaster:Thrust","blademaster:ParryingStrike","blademaster:AwakeningDefend"],"picked":"blademaster:DaggerAndCloak+1","floor":23},{"not_picked":["LittlePrince","VoidDream"],"picked":"LongBird","floor":25},{"not_picked":["blademaster:Quickstep+1","blademaster:Hailwind+1","blademaster:Stormstrike"],"picked":"blademaster:Vortex","floor":25},{"not_picked":["Alriune","HeroicMonk"],"picked":"Wellcheers","floor":28},{"not_picked":["blademaster:DaggerAndCloak","blademaster:Frontflip","blademaster:AwakeningStrike"],"picked":"blademaster:AirSlash+1","floor":28},{"not_picked":["MeatLantern","SpiderBud","FieryBird"],"picked":"Singing Bowl","floor":30},{"not_picked":["blademaster:AspectOfLightning","blademaster:Sunder","blademaster:BladeDance"],"picked":"blademaster:DragonStrike+1","floor":30},{"not_picked":["CENSORED","SingingMachine","Woodsman"],"picked":"Singing Bowl","floor":31},{"not_picked":["blademaster:EyeOfTheTornado+1","blademaster:AirSlash","blademaster:Cut+1"],"picked":"blademaster:Frontflip+1","floor":31},{"not_picked":["BlackSwan","WhitesApple","VoidDream"],"picked":"Singing Bowl","floor":33},{"not_picked":["blademaster:RollingTyphoon","blademaster:StanceMastery","blademaster:UnrelentingWind"],"picked":"blademaster:ColdBlood","floor":33},{"not_picked":["Rudolta","CherryBlossoms","Scarecrow"],"picked":"Singing Bowl","floor":35},{"not_picked":["blademaster:BladeCross+1","blademaster:BloodyBlow+1","blademaster:SharpBlades+1"],"picked":"blademaster:Breeze+1","floor":35},{"not_picked":["Freischutz","BlueStar","CherryBlossoms"],"picked":"Singing Bowl","floor":36},{"not_picked":["blademaster:Stormstrike+1","blademaster:Rupture+1","blademaster:Hailwind+1"],"picked":"blademaster:AwakeningDefend+1","floor":36},{"not_picked":["SpiderBud","CherryBlossoms","BlueStar"],"picked":"Singing Bowl","floor":38},{"not_picked":["blademaster:WindSlash+1","blademaster:Quickstep","blademaster:AspectOfWind"],"picked":"blademaster:Safeguard+1","floor":38},{"not_picked":["CherryBlossoms","QueenBee","Funeral"],"picked":"Singing Bowl","floor":39},{"not_picked":["blademaster:Slice+1","blademaster:CombatPrep+1","blademaster:Stability"],"picked":"blademaster:KiBarrier","floor":39},{"not_picked":["RedShoes","Laetitia","SingingMachine"],"picked":"Singing Bowl","floor":40},{"not_picked":["Scorched","Mercenary"],"picked":"BodiesMountain","floor":40},{"not_picked":["blademaster:StanceMastery","blademaster:Frontflip+1","blademaster:AirSlash"],"picked":"blademaster:ChargingUp+1","floor":40},{"not_picked":["SingingMachine","BigBadWolf","Woodsman"],"picked":"Singing Bowl","floor":42},{"not_picked":["blademaster:BloodyBlow","blademaster:Sharpen","blademaster:TraverseCut+1"],"picked":"blademaster:Discharge+1","floor":42},{"not_picked":["FairyFestival","Yin","HeroicMonk"],"picked":"Singing Bowl","floor":43},{"not_picked":["blademaster:UnrelentingWind","blademaster:ThunderSlash+1","blademaster:AspectOfWind"],"picked":"blademaster:DancingEdge","floor":43},{"not_picked":["Mercenary","BigBird","Rudolta"],"picked":"Singing Bowl","floor":45},{"not_picked":["blademaster:Gust","blademaster:CombatPrep","blademaster:Slice"],"picked":"blademaster:Safeguard","floor":45},{"not_picked":["GalaxyChild","BlueStar","WhitesApple"],"picked":"Singing Bowl","floor":48},{"not_picked":["blademaster:Safeguard","blademaster:ChargingUp+1","blademaster:OneTrickPony+1"],"picked":"blademaster:SharpBlades+1","floor":48},{"not_picked":["Scarecrow","FieryBird","LittleHelper"],"picked":"Singing Bowl","floor":50},{"not_picked":["blademaster:FlockOfBlades","blademaster:CloudOfSteel","blademaster:Empower"],"picked":"blademaster:RollingTyphoon","floor":50}],"player_experience":1092409,"relics_obtained":[{"floor":1.0,"key":"Question Card"},{"floor":1.0,"key":"blademaster:BonusComboPerk"},{"floor":1.0,"key":"LetterFromLob"},{"floor":8.0,"key":"Boot"},{"floor":8.0,"key":"blademaster:DextrousPerk"},{"floor":10.0,"key":"blademaster:FuryEveryTurnPerk"},{"floor":10.0,"key":"Bottled Lightning"},{"floor":12.0,"key":"wanderingMiniBosses:Inkheart"},{"floor":16.0,"key":"ImportantClient"},{"floor":23,"key":"aspiration:FetidBarrel"},{"floor":23,"key":"blademaster:RandomBladePerk"},{"floor":25,"key":"InkBottle"},{"floor":25,"key":"blademaster:WindChargePerk"},{"floor":26,"key":"infinitespire:PuzzleCube"},{"floor":28,"key":"Matryoshka"},{"floor":28,"key":"blademaster:BleedingMoreDamagePerk"},{"floor":40,"key":"Shuriken"},{"floor":40,"key":"blademaster:BonusFuryPerk"},{"floor":42,"key":"SharpPlug"},{"floor":42,"key":"blademaster:ComboEveryTurnPerk"},{"floor":43,"key":"Du-Vu Doll"},{"floor":43,"key":"blademaster:StanceHealPerk"},{"floor":43,"key":"Gremlin Food"}],"event_choices":[],"is_beta":false,"boss_relics":[{"not_picked":["MetatronsCube","aspiration:PoetsPen"],"picked":"hubris:ScarierMask"},{"not_picked":[]},{"not_picked":["Empty Cage","Snecko Heart"],"picked":"BirthdayGift-Tetrahedron"},{"not_picked":[]}],"items_purged_floors":[22,22,22,34],"is_endless":false,"potions_floor_spawned":[3,10,18,20,28,31,35,38,42,45,46,50],"ascension_level":8}}