{"host":"12g8pzxdn4uh7yby","time":1608348663,"event":{"mods":["AchievementEnabler","BaseMod","Colored Map","Highlight Path","Minty Spire (QoL Compilation)","Relic Stats","StSLib"],"gold_per_floor":[116,126,3,3,13,13,43,43,69,84,84,96,131,142,142,238,238,249,264,274,286,306,306,339,339,339,43,43,59,76,111,111,111,111],"floor_reached":33,"playtime":11074,"items_purged":["Strike_B","Strike_B"],"score":316,"play_id":"bd68c48e-ba58-4065-96de-0811223f9bdb","local_time":"20201218213103","is_ascension_mode":true,"campfire_choices":[{"data":"Darkness","floor":6,"key":"SMITH"},{"data":"Impatience","floor":8,"key":"SMITH"},{"data":"Coolheaded","floor":11,"key":"SMITH"},{"data":"Defragment","floor":15,"key":"SMITH"},{"data":"Turbo","floor":23,"key":"SMITH"},{"data":"Seek","floor":25,"key":"SMITH"},{"data":"Multi-Cast","floor":28,"key":"SMITH"},{"data":"Machine Learning","floor":32,"key":"SMITH"}],"circlet_count":0,"master_deck":["Strike_B","Strike_B","Defend_B","Defend_B","Defend_B","Defend_B","Zap","Dualcast","Impatience+1","Darkness+1","Coolheaded+1","FTL","BootSequence","Rebound","Turbo+1","Ball Lightning","Machine Learning+1","Defragment+1","Multi-Cast+1","Cold Snap+1","Reinforced Body+1","Seek+1","Static Discharge","Conserve Battery+1","Echo Form"],"relics":["Cracked Core","Ancient Tea Set","Bag of Preparation","MealTicket","SlaversCollar","Strawberry","Medical Kit","Eternal Feather"],"acts_visited":["Exordium","TheCity"],"potions_floor_usage":[13,16,29,33],"damage_taken":[{"damage":1,"enemies":"Jaw Worm","floor":1,"turns":3},{"damage":5,"enemies":"Cultist","floor":2,"turns":4},{"damage":2,"enemies":"2 Louse","floor":5,"turns":2},{"damage":11,"enemies":"Lagavulin","floor":7,"turns":7},{"damage":0,"enemies":"Large Slime","floor":10,"turns":3},{"damage":0,"enemies":"Gremlin Gang","floor":12,"turns":3},{"damage":16,"enemies":"3 Sentries","floor":13,"turns":5},{"damage":0,"enemies":"2 Fungi Beasts","floor":14,"turns":3},{"damage":23,"enemies":"Hexaghost","floor":16,"turns":6},{"damage":10,"enemies":"3 Byrds","floor":18,"turns":4},{"damage":12,"enemies":"Shell Parasite","floor":19,"turns":3},{"damage":0,"enemies":"Chosen and Byrds","floor":20,"turns":4},{"damage":0,"enemies":"Snecko","floor":21,"turns":5},{"damage":4,"enemies":"Centurion and Healer","floor":22,"turns":5},{"damage":2,"enemies":"Book of Stabbing","floor":24,"turns":5},{"damage":16,"enemies":"3 Cultists","floor":29,"turns":4},{"damage":13,"enemies":"Shelled Parasite and Fungi","floor":30,"turns":6},{"damage":14,"enemies":"Gremlin Leader","floor":31,"turns":5},{"damage":45,"enemies":"Collector","floor":33,"turns":6}],"seed_played":"-4280718049661740067","potions_obtained":[{"floor":5,"key":"PowerPotion"},{"floor":12,"key":"LiquidBronze"},{"floor":13,"key":"ColorlessPotion"},{"floor":16,"key":"Block Potion"},{"floor":29,"key":"Ancient Potion"},{"floor":30,"key":"FocusPotion"}],"is_trial":false,"path_per_floor":["M","M","$","?","M","R","E","R","T","M","R","M","E","M","R","B",null,"M","M","M","M","M","R","E","R","T","$","R","M","M","E","R","B"],"character_chosen":"DEFECT","items_purchased":["SkillPotion","Medical Kit","Static Discharge"],"campfire_rested":0,"item_purchase_floors":[3,27,27],"current_hp_per_floor":[74,69,69,69,67,67,56,56,56,56,56,56,40,40,40,17,75,65,53,53,53,49,49,54,54,54,69,69,53,40,26,41,0,0],"gold":111,"neow_bonus":"RANDOM_COLORLESS","is_daily":false,"chose_seed":false,"campfire_upgraded":8,"win_rate":0.0,"timestamp":1608348663,"path_taken":["M","M","$","?","M","R","E","R","T","M","R","M","E","M","R","BOSS","M","M","M","?","?","R","E","R","T","$","R","M","?","E","R","BOSS"],"items_purchased_type":["Potion","Relic","Card"],"build_version":"2020-12-13","purchased_purges":2,"victory":false,"max_hp_per_floor":[75,75,75,75,75,75,75,75,75,75,75,75,75,75,75,75,75,75,75,75,75,75,75,82,82,82,82,82,82,82,82,82,82,82],"relic_stats":{"counters":[19,83],"MealTicket":15,"Eternal Feather":15,"Bag of Preparation":[30],"Medical Kit":[0],"obtain_stats":[{"SlaversCollar":17,"Strawberry":24,"MealTicket":13,"Eternal Feather":31,"Bag of Preparation":9,"Cracked Core":0,"Ancient Tea Set":7,"Medical Kit":27},{"SlaversCollar":9,"Strawberry":15,"MealTicket":7,"Eternal Feather":18,"Bag of Preparation":4,"Cracked Core":0,"Ancient Tea Set":4,"Medical Kit":15},{"SlaversCollar":36,"Strawberry":62,"MealTicket":27,"Eternal Feather":77,"Bag of Preparation":16,"Cracked Core":0,"Ancient Tea Set":16,"Medical Kit":62}]},"card_choices":[{"not_picked":["Finesse","Swift Strike"],"picked":"Impatience","floor":0},{"not_picked":["Steam Power","Static Discharge"],"picked":"Darkness","floor":1},{"not_picked":["Storm","Consume"],"picked":"Coolheaded","floor":2},{"not_picked":["Steam Power","Heatsinks"],"picked":"BootSequence","floor":5},{"not_picked":["Barrage","Gash"],"picked":"Rebound","floor":7},{"not_picked":["Conserve Battery","Steam"],"picked":"Turbo","floor":10},{"not_picked":["Barrage","Aggregate"],"picked":"Ball Lightning","floor":12},{"not_picked":["Sweeping Beam","Coolheaded"],"picked":"Machine Learning","floor":13},{"not_picked":["Coolheaded","Hologram"],"picked":"Defragment","floor":14},{"not_picked":["Seek","Machine Learning"],"picked":"Multi-Cast","floor":16},{"not_picked":["Stack+1","Steam+1","Rip and Tear"],"picked":"SKIP","floor":18},{"not_picked":["Self Repair","Rebound","Sweeping Beam+1"],"picked":"SKIP","floor":19},{"not_picked":["Sweeping Beam","Steam"],"picked":"Cold Snap+1","floor":20},{"not_picked":["Stack","Chaos","Conserve Battery+1"],"picked":"SKIP","floor":21},{"not_picked":["Sunder","Streamline"],"picked":"Reinforced Body+1","floor":22},{"not_picked":["BootSequence","Turbo"],"picked":"Seek","floor":24},{"not_picked":["Cold Snap","Barrage+1"],"picked":"Conserve Battery+1","floor":29},{"not_picked":["Go for the Eyes","Turbo"],"picked":"Echo Form","floor":30},{"not_picked":["Rebound","Conserve Battery+1","Static Discharge"],"picked":"SKIP","floor":31}],"player_experience":48829,"relics_obtained":[{"floor":7,"key":"Ancient Tea Set"},{"floor":9,"key":"Bag of Preparation"},{"floor":13,"key":"MealTicket"},{"floor":24,"key":"Strawberry"},{"floor":31,"key":"Eternal Feather"}],"event_choices":[{"damage_healed":0,"gold_gain":0,"player_choice":"1 cards matched","damage_taken":0,"max_hp_gain":0,"max_hp_loss":0,"event_name":"Match and Keep!","floor":4,"gold_loss":0,"cards_obtained":["FTL"]}],"is_beta":false,"boss_relics":[{"not_picked":["Calling Bell","Snecko Eye"],"picked":"SlaversCollar"}],"items_purged_floors":[3,27],"is_endless":false,"potions_floor_spawned":[5,12,13,14,16,20,21,29,30],"killed_by":"Collector","ascension_level":1}}