{"host":"og6lam4kt3nibbw0","time":1608336497,"event":{"mods":["AchievementEnabler","BaseMod","Colored Map","DeckTracker","Highlight Path","Keyboard Shortcuts","Minty Spire (QoL Compilation)","Permanent Neow","Quick Restart","StSLib","SuperFastMode"],"gold_per_floor":[369,383,107,107,118,118,153,153,230,243,254,254,264,299,299,374,374,385,419,419,334,39,72,15,65,65,65,65,93,93,112,112,186,186,205,45,45,267,312,347,365,365,365,396,396,76,123,134,134,134,134],"floor_reached":50,"playtime":2251,"items_purged":["Strike_B","Writhe"],"score":1209,"play_id":"535d4345-6ce2-4291-ab3d-a3308abdbfe9","local_time":"20201219090817","is_ascension_mode":true,"campfire_choices":[{"floor":6.0,"key":"REST"},{"floor":8,"key":"REST"},{"floor":12,"key":"REST"},{"data":"Coolheaded","floor":15,"key":"SMITH"},{"data":"Chill","floor":30,"key":"SMITH"},{"floor":32,"key":"REST"},{"floor":42,"key":"RECALL"},{"floor":45,"key":"REST"},{"data":"1","floor":49,"key":"LIFT"}],"circlet_count":0,"master_deck":["AscendersBane","Strike_B+1","Strike_B","Defend_B","Defend_B","Defend_B","Defend_B","Zap","Dualcast","Coolheaded+1","Compile Driver","Hologram","Double Energy+1","Streamline","Leap","Sweeping Beam","Chill+1","White Noise","Go for the Eyes","Self Repair","Electrodynamics","Loop","Panache","Defragment","Turbo","Decay","Reboot","Fusion+1","Core Surge","CurseOfTheBell","Skim","Defragment","Defragment+1","Hologram"],"relics":["Cracked Core","Vajra","Darkstone Periapt","Juzu Bracelet","Runic Pyramid","Red Mask","TungstenRod","Letter Opener","Bottled Lightning","Incense Burner","Happy Flower","Calling Bell","Orichalcum","Mummified Hand","Girya","Bag of Preparation","Dead Branch","Molten Egg 2","Sundial","Meat on the Bone","Anchor"],"acts_visited":["Exordium","TheCity","TheBeyond"],"potions_floor_usage":[7,11,14,16,29,33,35,40,50,50],"damage_taken":[{"damage":4.0,"enemies":"Small Slimes","floor":1.0,"turns":3.0},{"damage":3.0,"enemies":"2 Louse","floor":2.0,"turns":3.0},{"damage":7.0,"enemies":"Jaw Worm","floor":5.0,"turns":3.0},{"damage":26,"enemies":"3 Sentries","floor":7,"turns":6},{"damage":0,"enemies":"Looter","floor":10,"turns":4},{"damage":0,"enemies":"Gremlin Gang","floor":11,"turns":3},{"damage":0,"enemies":"Exordium Thugs","floor":13,"turns":4},{"damage":11,"enemies":"Gremlin Nob","floor":14,"turns":3},{"damage":36,"enemies":"Hexaghost","floor":16,"turns":9},{"damage":14,"enemies":"3 Byrds","floor":18,"turns":4},{"damage":31,"enemies":"Masked Bandits","floor":19,"turns":4},{"damage":4,"enemies":"Gremlin Leader","floor":23,"turns":7},{"damage":15,"enemies":"Slavers","floor":29,"turns":3},{"damage":6,"enemies":"Shell Parasite","floor":31,"turns":5},{"damage":54,"enemies":"Automaton","floor":33,"turns":10},{"damage":13,"enemies":"Orb Walker","floor":35,"turns":4},{"damage":10,"enemies":"2 Orb Walkers","floor":39,"turns":4},{"damage":41,"enemies":"Giant Head","floor":40,"turns":8},{"damage":0,"enemies":"3 Darklings","floor":41,"turns":2},{"damage":24,"enemies":"Reptomancer","floor":44,"turns":5},{"damage":0,"enemies":"Sphere and 2 Shapes","floor":48,"turns":3},{"damage":55,"enemies":"Time Eater","floor":50,"turns":8}],"seed_played":"-6851371884435160643","potions_obtained":[{"floor":2.0,"key":"PotionOfCapacity"},{"floor":5.0,"key":"Fire Potion"},{"floor":7,"key":"Explosive Potion"},{"floor":10,"key":"Regen Potion"},{"floor":11,"key":"AttackPotion"},{"floor":23,"key":"Swift Potion"},{"floor":31,"key":"Block Potion"},{"floor":33,"key":"Swift Potion"},{"floor":35,"key":"FearPotion"},{"floor":41,"key":"Swift Potion"},{"floor":44,"key":"SneckoOil"}],"is_trial":false,"path_per_floor":["M","M","$","?","M","R","E","R","T","M","M","R","M","E","R","B",null,"M","?","?","?","$","E","$","?","T","?","?","E","R","M","R","B",null,"M","$","?","?","?","E","M","R","T","E","R","$","T","M","R","B"],"character_chosen":"DEFECT","items_purchased":["Hologram","Double Energy","Streamline","Panache","Turbo","Bag of Preparation","Meat on the Bone","PowerPotion"],"campfire_rested":5,"item_purchase_floors":[3,3,3,22,24,36,46,46],"current_hp_per_floor":[42,39,39,18,11,32,6,27,27,27,27,48,48,37,37,23,59,52,28,34,34,34,37,37,37,37,37,43,35,35,36,60,13,72,66,66,66,66,63,29,36,36,36,12,38,38,38,50,50,0,0],"gold":134,"neow_bonus":"TWO_FIFTY_GOLD","is_daily":false,"chose_seed":false,"campfire_upgraded":2,"win_rate":0.0,"timestamp":1608336497,"path_taken":["M","M","$","?","M","R","E","R","T","M","M","R","M","E","R","BOSS","M","?","?","?","$","E","$","?","T","?","?","E","R","M","R","BOSS","M","$","?","?","?","E","M","R","T","E","R","?","?","M","R","BOSS"],"items_purchased_type":["Card","Card","Card","Card","Card","Relic","Relic","Potion"],"build_version":"2020-12-13","purchased_purges":2,"victory":false,"max_hp_per_floor":[71,71,71,71,71,71,71,71,71,71,71,71,71,71,71,71,71,71,71,77,77,77,77,77,77,77,77,83,83,83,83,83,83,89,89,89,89,89,89,89,89,89,89,89,89,89,89,89,89,89,89],"card_choices":[{"not_picked":["Rebound","Stack"],"picked":"Coolheaded","floor":1.0},{"not_picked":["Beam Cell","Leap"],"picked":"Compile Driver","floor":2.0},{"not_picked":["Redo","Compile Driver"],"picked":"Leap","floor":5.0},{"not_picked":["Ball Lightning","Stack"],"picked":"Sweeping Beam","floor":7},{"not_picked":["All For One","Leap"],"picked":"Chill","floor":10},{"not_picked":["Aggregate","Sweeping Beam"],"picked":"White Noise","floor":11},{"not_picked":["Undo","Hello World"],"picked":"Go for the Eyes","floor":13},{"not_picked":["Streamline","Gash"],"picked":"Self Repair","floor":14},{"not_picked":["Thunder Strike","Fission"],"picked":"Electrodynamics","floor":16},{"not_picked":["Go for the Eyes","Genetic Algorithm"],"picked":"Loop","floor":18},{"not_picked":["Fusion+1","Loop"],"picked":"Defragment","floor":23},{"not_picked":["Darkness","Static Discharge"],"picked":"Reboot","floor":29},{"not_picked":["Recycle","Stack"],"picked":"Fusion+1","floor":31},{"not_picked":["Fission","Multi-Cast"],"picked":"Core Surge","floor":33},{"not_picked":["Static Discharge","Rebound+1","Double Energy"],"picked":"SKIP","floor":35},{"not_picked":["All For One+1","Echo Form"],"picked":"Skim","floor":40},{"not_picked":["Ball Lightning+1","Compile Driver+1"],"picked":"Defragment","floor":41},{"not_picked":["Capacitor","Barrage+1"],"picked":"Defragment+1","floor":44},{"not_picked":["Barrage+1","Defragment"],"picked":"Hologram","floor":48}],"player_experience":791414,"relics_obtained":[{"floor":7,"key":"Vajra"},{"floor":9,"key":"Darkstone Periapt"},{"floor":14,"key":"Juzu Bracelet"},{"floor":19,"key":"Red Mask"},{"floor":23,"key":"Bottled Lightning"},{"floor":26,"key":"Incense Burner"},{"floor":29,"key":"Happy Flower"},{"floor":34,"key":"Orichalcum"},{"floor":34,"key":"Mummified Hand"},{"floor":34,"key":"Girya"},{"floor":39,"key":"Dead Branch"},{"floor":40,"key":"Molten Egg 2"},{"floor":44,"key":"Sundial"},{"floor":47,"key":"Anchor"}],"event_choices":[{"damage_healed":0.0,"max_hp_gain":0.0,"max_hp_loss":0.0,"gold_gain":0.0,"event_name":"Shining Light","player_choice":"Entered Light","floor":4.0,"gold_loss":0.0,"damage_taken":21.0,"cards_upgraded":["Strike_B","Double Energy"]},{"damage_healed":0,"gold_gain":0,"player_choice":"Fought Bandits","damage_taken":0,"max_hp_gain":0,"max_hp_loss":0,"event_name":"Masked Bandits","floor":19,"gold_loss":0},{"damage_healed":0,"gold_gain":0,"player_choice":"Opened","damage_taken":0,"relics_obtained":["TungstenRod"],"max_hp_gain":0,"max_hp_loss":0,"event_name":"The Mausoleum","floor":20,"gold_loss":0,"cards_obtained":["Writhe"]},{"damage_healed":0,"gold_gain":0,"player_choice":"Obtained Relic","damage_taken":0,"relics_obtained":["Letter Opener"],"max_hp_gain":0,"max_hp_loss":0,"event_name":"Addict","floor":21,"gold_loss":85},{"damage_healed":0,"gold_gain":50,"player_choice":"Stole From Cult","damage_taken":0,"max_hp_gain":0,"max_hp_loss":0,"event_name":"Nest","floor":25,"gold_loss":0},{"damage_healed":0,"gold_gain":0,"player_choice":"Ignored","damage_taken":0,"max_hp_gain":0,"max_hp_loss":0,"event_name":"Ghosts","floor":27,"gold_loss":0},{"damage_healed":0,"gold_gain":0,"player_choice":"Cursed","damage_taken":0,"max_hp_gain":0,"max_hp_loss":0,"event_name":"Wheel of Change","floor":28,"gold_loss":0,"cards_obtained":["Decay"]},{"cards_removed":["Strike_B"],"damage_healed":0,"gold_gain":0,"player_choice":"Purged","damage_taken":0,"max_hp_gain":0,"max_hp_loss":0,"event_name":"Purifier","floor":37,"gold_loss":0},{"damage_healed":0,"gold_gain":222,"player_choice":"Wore Mask","damage_taken":0,"max_hp_gain":0,"max_hp_loss":0,"event_name":"Tomb of Lord Red Mask","floor":38,"gold_loss":0},{"damage_healed":0,"gold_gain":0,"player_choice":"Fight","damage_taken":0,"max_hp_gain":0,"max_hp_loss":0,"event_name":"Mysterious Sphere","floor":39,"gold_loss":0}],"is_beta":false,"boss_relics":[{"not_picked":["Sozu","Nuclear Battery"],"picked":"Runic Pyramid"},{"not_picked":["Runic Dome","FrozenCore"],"picked":"Calling Bell"}],"items_purged_floors":[3,22],"is_endless":false,"potions_floor_spawned":[2,5,7,10,11,23,31,33,35,41,44,48],"killed_by":"Time Eater","ascension_level":20}}