{"host":"o3b7ow6d1xe49css","time":1608355632,"event":{"mods":["2.2 Compatiblity","Act Like it!","Aspiration","BaseMod","Bestiary","Better Altar","Better Match","Better Note","Better Sensory Stone","Better Skull","Better Third Choice","Colored Powertips","Conspire","Elementarium","Energized Spire","Force Act Four","GifTheSpireLib","Halation","Hermit","Hubris","Infinite Spire","Lobotomy","Minty Spire (QoL Compilation)","Quick Restart","Replay The Spire","Spicy Shops","Spikes Relics","StSLib","Stuff the Spire","The Blue Laboratory","The Jungle","Wandering Minibosses","vexMod"],"gold_per_floor":[115,127,145,163,163,198,198,228,228,228,228,261,1,36,36,132,132,132,147,147,157,157,157,182,214,262,262,295,295,295,55,55,156,156,176,176,28,28,41,71,71,105,151,151,151,177,21,21,21,124,124,124,49,81,177],"floor_reached":56,"playtime":5028,"items_purged":["Strike_B","Strike_B","Strike_B+1"],"score":1728,"play_id":"46a3e2ce-3f2c-42bc-9174-f799f8d05726","local_time":"20201218202712","daily_mods":["Heirloom","Flight"],"is_ascension_mode":true,"campfire_choices":[{"data":"Leap","floor":7,"key":"SMITH"},{"data":"Dualcast","floor":10,"key":"SMITH"},{"floor":11,"key":"REST"},{"data":"Defragment","floor":15,"key":"SMITH"},{"floor":23,"key":"REST"},{"floor":27,"key":"RECALL"},{"floor":32,"key":"REST"},{"floor":44,"key":"REST"},{"data":"StuffTheSpire:BrainWave","floor":49,"key":"SMITH"},{"data":"Seek","floor":49,"key":"SMITH"},{"data":"hubris:PowerSurge","floor":52,"key":"SMITH"},{"data":"Defragment+1","floor":52,"key":"SMITH"}],"circlet_count":0,"master_deck":["Defend_B","Defend_B","Defend_B+1","Defend_B","Dualcast+1","Hologram","Ball Lightning","Leap+1","Deadly Poison","Conserve Battery","Defragment+2","Ball Lightning","StuffTheSpire:Plugnplay","Core Surge","Glacier","conspire:SharedLibrary","FIFO Queue+1","Panic Button+1","Hallucinations","Coolheaded","hubris:PowerSurge+1","Seek+1","Coolheaded+1","StuffTheSpire:BrainWave+1","Biased Cognition","Seek","Melter","Echo Form","infinitespire:UltimateForm"],"relics":["Ring of Chaos","conspire:InfiniteJournal","Ring of the Snake","ReplayTheSpireMod:TigerMarble","halation:PromiseList","infinitespire:Bottled Soul","Pet Ghost","Dream Catcher","energizedSpire:EnergizedDie","Replay:Kaleidoscope","halation:BlackBeret","Vajra","Pantograph","StuffTheSpire:OldFever","Black Star","RollingBoulder","hubris:Icosahedron","infinitespire:Lucky Rock","hubris:MedicalManual","hubris:Zylophone","Akabeko","halation:PenCase","aspiration:ChemicalBlood","Replay:WaspNest","Blue Doll","DollysMirror","DollysMirror","StuffTheSpire:Mouthbags","Simple Rune","Sozu","Ring of Chaos","ReplayTheSpireMod:Lightbulb","Mercury Hourglass"],"acts_visited":["Exordium","TheCity","TheBeyond","Exordium","TheEnding"],"potions_floor_usage":[6,8,14,28,35,40,40,48,54],"damage_taken":[{"damage":1,"enemies":"Cultist","floor":1,"turns":3},{"damage":7,"enemies":"Jaw Worm","floor":2,"turns":5},{"damage":2,"enemies":"2 Louse","floor":3,"turns":3},{"damage":0,"enemies":"2 Fungi Beasts","floor":4,"turns":2},{"damage":18,"enemies":"3 Sentries","floor":6,"turns":7},{"damage":14,"enemies":"Lagavulin","floor":8,"turns":6},{"damage":8,"enemies":"3 Sentries","floor":12,"turns":7},{"damage":0,"enemies":"Gremlin Nob","floor":14,"turns":2},{"damage":23,"enemies":"Hexaghost","floor":16,"turns":7},{"damage":0,"enemies":"Chosen","floor":18,"turns":3},{"damage":4,"enemies":"Shell Parasite","floor":19,"turns":2},{"damage":15,"enemies":"Snake Plant","floor":21,"turns":4},{"damage":1,"enemies":"Nightmare","floor":24,"turns":6},{"damage":9,"enemies":"conspire:SneckoGhost","floor":25,"turns":4},{"damage":33,"enemies":"Book of Stabbing","floor":28,"turns":4},{"damage":0,"enemies":"3 Cultists","floor":29,"turns":4},{"damage":0,"enemies":"Gremlin Leader","floor":30,"turns":4},{"damage":16,"enemies":"Automaton","floor":33,"turns":7},{"damage":24,"enemies":"3 Darklings","floor":35,"turns":3},{"damage":6,"enemies":"3 Shapes","floor":36,"turns":4},{"damage":0,"enemies":"Maw","floor":39,"turns":4},{"damage":5,"enemies":"Nightmare","floor":40,"turns":7},{"damage":25,"enemies":"Reptomancer","floor":42,"turns":6},{"damage":0,"enemies":"R_Hoarder","floor":46,"turns":4},{"damage":1,"enemies":"Nemesis","floor":48,"turns":4},{"damage":7,"enemies":"conspire:OrnateMirror","floor":50,"turns":7},{"damage":0,"enemies":"Shield and Spear","floor":54,"turns":5},{"damage":58,"enemies":"The Heart","floor":55,"turns":5}],"seed_played":"-4804837375538048929","potions_obtained":[{"floor":4,"key":"blueLaboratory:ImpenetrablePotion"},{"floor":6,"key":"FocusPotion"},{"floor":12,"key":"blueLaboratory:HorrorPotion"},{"floor":14,"key":"blueLaboratory:FruitPunch"},{"floor":18,"key":"Elixir"},{"floor":28,"key":"Reflective Coating"},{"floor":29,"key":"conspire:TimeTravelPotion"},{"floor":39,"key":"AttackPotion"},{"floor":42,"key":"Doom Potion"},{"floor":48,"key":"blueLaboratory:ArtificerPotion"},{"floor":50,"key":"blueLaboratory:FruitPunch"}],"is_trial":true,"path_per_floor":["M","M","M","M","?","E","R","E","T","R","R","E","$","E","R","B",null,"M","M","?","M","AVR","R","NM","E","T","R","E","M","E","$","R","B",null,"M","M","$","?","M","NM","AVR","E","T","R","?","E","$","E","R","B",null,"R","$","E","B",null],"character_chosen":"DEFECT","items_purchased":["Defragment","Ball Lightning","Seek","RollingBoulder","DollysMirror"],"campfire_rested":4,"item_purchase_floors":[13,13,31,37,47],"current_hp_per_floor":[74,67,65,65,65,47,47,33,33,33,55,47,47,47,47,24,62,62,58,58,43,43,65,64,55,55,55,25,25,25,25,48,57,73,73,67,67,67,67,62,62,37,37,60,60,60,60,59,59,64,71,71,71,73,15],"gold":177,"neow_bonus":"","is_daily":false,"chose_seed":false,"campfire_upgraded":7,"win_rate":0.0,"timestamp":1608355632,"path_taken":["M","M","M","?","?","E","R","E","T","R","R","E","$","E","R","BOSS","M","M","?","M","AVR","R","NM","E","T","R","E","?","E","$","R","BOSS","M","M","$","?","M","NM","AVR","E","T","R","?","E","$","E","R","BOSS","R","$","E","BOSS"],"items_purchased_type":["Card","Card","Card","Relic","Relic"],"build_version":"2020-12-13","purchased_purges":3,"victory":true,"max_hp_per_floor":[75,75,75,75,75,75,75,75,75,75,75,75,75,75,75,75,75,75,75,75,75,75,75,75,75,75,75,78,78,78,78,78,78,78,78,78,78,78,78,78,78,78,78,78,71,71,71,71,71,71,71,71,71,73,73],"card_choices":[{"not_picked":["RefreshScreen","Go for the Eyes"],"picked":"Hologram","floor":1},{"not_picked":["Sweeping Beam","Auto Shields"],"picked":"Melter","floor":2},{"not_picked":["ReplayTheSpireMod:Repulse","Leap"],"picked":"Ball Lightning","floor":3},{"not_picked":["Beam Cell","Redo"],"picked":"Leap","floor":4},{"not_picked":["Streamline","Storm"],"picked":"Conserve Battery","floor":6},{"not_picked":["Reprogram","Barrage","ReplayRNGCard"],"picked":"SKIP","floor":8},{"not_picked":["Go for the Eyes","Scrape","StuffTheSpire:Rend"],"picked":"SKIP","floor":12},{"not_picked":["hubris:Prefetch","StuffTheSpire:LoadUp"],"picked":"StuffTheSpire:Plugnplay","floor":14},{"not_picked":["hubris:DoWhile","Buffer"],"picked":"Core Surge","floor":16},{"not_picked":["BasicCrystalCard","Darkness","Go for the Eyes"],"picked":"SKIP","floor":18},{"not_picked":["StuffTheSpire:LoadUp","Self Repair"],"picked":"Glacier","floor":19},{"not_picked":["FTL","Chill+1"],"picked":"FIFO Queue+1","floor":21},{"not_picked":["Beam Cell","BasicCrystalCard","Force Field"],"picked":"SKIP","floor":24},{"not_picked":["Beam Cell","BasicCrystalCard","Force Field"],"picked":"SKIP","floor":24},{"not_picked":["Undo","Reinforced Body"],"picked":"Panic Button+1","floor":25},{"not_picked":["Sweeping Beam+1","Consume"],"picked":"Coolheaded","floor":28},{"not_picked":["Hologram","Chaos","Fusion"],"picked":"SKIP","floor":29},{"not_picked":["Blizzard","ReplayTheSpireMod:Dual Polarity"],"picked":"hubris:PowerSurge","floor":30},{"not_picked":["StuffTheSpire:LaunchingStrike","Multi-Cast"],"picked":"Biased Cognition","floor":33},{"not_picked":["Rip and Tear","Compile Driver","StuffTheSpire:Plugnplay"],"picked":"SKIP","floor":35},{"not_picked":["Doom and Gloom+1","Genetic Algorithm+1","Panic Button"],"picked":"SKIP","floor":36},{"not_picked":["Static Discharge+1","ReplayTheSpireMod:System Scan","Turbo+1"],"picked":"SKIP","floor":39},{"not_picked":["Static Discharge+1","ReplayTheSpireMod:System Scan","Turbo+1"],"picked":"SKIP","floor":39},{"not_picked":["Steam+1","StuffTheSpire:Plugnplay+1","Heatsinks+1"],"picked":"SKIP","floor":40},{"not_picked":["StuffTheSpire:Coldhearted","Hologram"],"picked":"Coolheaded+1","floor":42},{"not_picked":["Fusion","ReplayTheSpireMod:System Scan","Leap"],"picked":"SKIP","floor":46},{"not_picked":["Beam Cell+1","Creative AI"],"picked":"Echo Form","floor":48},{"not_picked":["Meteor Strike","Barrage+1","Redo+1"],"picked":"SKIP","floor":54},{"not_picked":["infinitespire:Menacing","infinitespire:TheBestDefense"],"picked":"infinitespire:UltimateForm","floor":55}],"player_experience":1742088,"relics_obtained":[{"floor":6,"key":"ReplayTheSpireMod:TigerMarble"},{"floor":8,"key":"halation:PromiseList"},{"floor":9,"key":"infinitespire:Bottled Soul"},{"floor":12,"key":"Pet Ghost"},{"floor":14,"key":"Dream Catcher"},{"floor":24,"key":"halation:BlackBeret"},{"floor":25,"key":"Vajra"},{"floor":28,"key":"Pantograph"},{"floor":30,"key":"StuffTheSpire:OldFever"},{"floor":40,"key":"infinitespire:Lucky Rock"},{"floor":40,"key":"hubris:MedicalManual"},{"floor":42,"key":"Akabeko"},{"floor":42,"key":"halation:PenCase"},{"floor":43,"key":"aspiration:ChemicalBlood"},{"floor":46,"key":"Replay:WaspNest"},{"floor":46,"key":"Blue Doll"},{"floor":48,"key":"StuffTheSpire:Mouthbags"},{"floor":48,"key":"Simple Rune"},{"floor":54,"key":"ReplayTheSpireMod:Lightbulb"},{"floor":54,"key":"Mercury Hourglass"}],"event_choices":[{"damage_healed":0,"gold_gain":0,"cards_transformed":["Strike_B"],"player_choice":"Transformed","damage_taken":0,"max_hp_gain":0,"max_hp_loss":0,"event_name":"Transmorgrifier","floor":20,"gold_loss":0,"cards_obtained":["conspire:SharedLibrary"]}],"is_beta":false,"boss_relics":[{"not_picked":["hubris:CrackedHourglass","infinitespire:Cupcake"],"picked":"energizedSpire:EnergizedDie"},{"not_picked":["halation:ForbiddenBikini","hubris:HollowSoul"],"picked":"Black Star"},{"not_picked":["conspire:RunicOctahedron","conspire:SlowCooker"],"picked":"Sozu"}],"items_purged_floors":[22,41,53],"is_endless":true,"potions_floor_spawned":[4,6,12,14,18,25,28,29,33,39,42,48,50],"ascension_level":5}}