{"host":"373g0ui1bgeshz9m","time":1608408873,"event":{"mods":["Act Like it!","Aspiration","BaseMod","Beaked The Cultist","Better Third Choice","Colored Map","Conspire","Downfall","Halation","Hermit","Hubris","Infinite Spire","Jorbs\u0027s Wanderer Trilogy","Minty Spire (QoL Compilation)","Pale of the Ancients","Permanent Neow","Quick Restart","Replay The Spire","Shade Mod","Shop Mod","Spikes Relics","StSLib","The Animator","The Bladedancer","The Bug Knight","The Construct","The Cursed","The Factory","The Florist","The Judge","The Jungle","The Necromancer","The Sage","The Wild Card","Trackpad","vexMod"],"gold_per_floor":[99,117,117,117,132,152,152,77,97,132,132,132,132,132,91,110,128,232,232,107,123,140,140,140,169,169,44,75,25,39,54,54,54,70,171,171,121,121,131,131,361,361,388,400,435,310,325,167,182,90,107,209,209,159,186,199,219,239,189,189,139,154,104,119,119,119,132,150,248,248,198,198,214,164,199,299,326,341,351,301,301,315,315,166,185,282,282,232,232,242,217,217,167,195,206,61,75,75,75,92,92,107,211,211,161,173,207,235,185,285,313,159,159,109,109,120,120,120,137,240,240,190,190,206,239,239,239,264,214,214,164,180,190,207,207,220,319,319,269,289,289,289],"floor_reached":141,"playtime":7459,"items_purged":["Slimebound:Strike_Slimebound"],"score":3059,"play_id":"511a1a2d-d813-41e6-8586-4477868d5a37","local_time":"20201219151433","is_ascension_mode":false,"campfire_choices":[{"floor":1.0,"key":"DIG"},{"floor":20.0,"key":"DIG"},{"floor":27.0,"key":"DIG"},{"floor":29.0,"key":"DIG"},{"floor":37.0,"key":"RECALL"},{"floor":46.0,"key":"REST"},{"floor":54,"key":"DIG"},{"floor":59,"key":"DIG"},{"floor":61,"key":"DIG"},{"floor":63,"key":"DIG"},{"floor":71,"key":"DIG"},{"data":"theWildCard:Odin","floor":74,"key":"SMITH"},{"floor":74,"key":"DIG"},{"data":"infinitespire:DeathsTouch","floor":80,"key":"SMITH"},{"floor":80,"key":"DIG"},{"data":"Slimebound:CorrosiveSpit","floor":88,"key":"SMITH"},{"floor":88,"key":"DIG"},{"floor":93,"key":"DIG"},{"data":"Replay:SS_forest_6","floor":105,"key":"SMITH"},{"floor":105,"key":"DIG"},{"data":"Slimebound:OneTwoCombo","floor":109,"key":"SMITH"},{"floor":109,"key":"DIG"},{"data":"Slimebound:OneTwoCombo","floor":114,"key":"SMITH"},{"floor":114,"key":"DIG"},{"data":"Slimebound:OneTwoCombo","floor":122,"key":"SMITH"},{"floor":122,"key":"DIG"},{"data":"Slimebound:SplitMire","floor":129,"key":"SMITH"},{"floor":129,"key":"DIG"},{"data":"Slimebound:SplitAcid","floor":131,"key":"SMITH"},{"floor":131,"key":"DIG"},{"data":"infinitespire:TheBestDefense","floor":139,"key":"SMITH"},{"floor":139,"key":"DIG"}],"circlet_count":0,"master_deck":["Slimebound:Strike_Slimebound","Slimebound:Strike_Slimebound","Slimebound:Tackle","Slimebound:Defend_Slimebound","Slimebound:Defend_Slimebound","Slimebound:Split","Slimebound:CorrosiveSpit+1","Flash of Steel","Slimebound:GoopSpray+1","theWildCard:Odin+1","Slimebound:AcidTongue","Slimebound:SplitAcid+1","Slimebound:RejuvenatingLick","Slimebound:AcidTongue","Slimebound:SlimeSpikes","Slimebound:SplitMire+1","Slimebound:Schlurp","Slimebound:SpikyOuterGoop","Slimebound:DisruptingSlam+1","Slimebound:SamplingLick","Slimebound:HauntingLick","Slimebound:Nibble","Slimebound:OneTwoCombo+1","infinitespire:DeathsTouch+1","Slimebound:RejuvenatingLick+1","Slimebound:AcidTongue+1","Slimebound:RollThrough","Slimebound:OneTwoCombo+1","Slimebound:Gluttony+1","Replay:SS_forest_6+1","Replay:SS_forest_2","Slimebound:LeadByExample","Slimebound:OneTwoCombo+1","Slimebound:SplitMire","Slimebound:AcidTongue","Slimebound:LeadByExample","Slimebound:Nibble","Slimebound:FirmFortitude","ReplayTheSpireMod:Book of Names","Parasite","Slimebound:BestDefense+1","infinitespire:TheBestDefense+1","Slimebound:OneTwoCombo","hubris:Fate","infinitespire:SealOfDarkness+"],"relics":["Slimebound:AbsorbEndCombat","infinitespire:PuzzleCube","hubris:Icosahedron","trackpad:PetRock","Orichalcum","hubris:EvacipatedBox","Pear","Slimebound:GreedOozeRelic","construct:WeddingRing","downfall:HeartBlessingGreen","Mercury Hourglass","Shovel","Simple Rune","downfall:HeartBlessingBlue","trackpad:CultistFigurine","Snack Pack","hubris:SlimyHat","trackpad:IceCube","Oddly Smooth Stone","downfall:HeartBlessingRed","hubris:Backtick","beaked:MendingPlumage","HornCleat","infinitespire:WardingShard","infinitespire:FocusingShard","hubris:Metronome","downfall:ShatteredFragment","halation:PenCase","trackpad:GuardianSpirit","Potion Belt","infinitespire:Golems Mask","halation:PinkSoulGem","theJungle:BirthdayCakeSlice","aspiration:Nostalgia","m_SnakeBloodCore","trackpad:DisasterInABottle","trackpad:BottledTsunami","infinitespire:Lucky Rock","hubris:Towel","aspiration:Lifesprig","SpikesRelics:DaevaFist","halation:TwoAmDonut","OrangePellets","Durian","vexMod:BigBerry","trackpad:ToughGloves","beaked:SacredDeck","Happy Flower","Toxic Egg 2","SlaversCollar","infinitespire:Satchel","halation:PromiseList","ReplayTheSpireMod:Shallot","hubris:AstralHammer"],"acts_visited":["Exordium","Exordium","TheBeyond","Exordium","Exordium","TheBeyond","Exordium","Exordium","theJungle:Jungle"],"potions_floor_usage":[75],"damage_taken":[{"damage":7.0,"enemies":"Small Slimes","floor":2.0,"turns":3.0},{"damage":5.0,"enemies":"Jaw Worm","floor":5.0,"turns":3.0},{"damage":4.0,"enemies":"Cultist","floor":6.0,"turns":3.0},{"damage":7.0,"enemies":"downfall:FleeingMerchant","floor":8.0,"turns":4.0},{"damage":4.0,"enemies":"2 Fungi Beasts","floor":9.0,"turns":2.0},{"damage":17.0,"enemies":"Lagavulin","floor":10.0,"turns":7.0},{"damage":21.0,"enemies":"downfall:FleeingMerchant","floor":15.0,"turns":4.0},{"damage":13.0,"enemies":"Exordium Wildlife","floor":16.0,"turns":4.0},{"damage":19.0,"enemies":"Large Slime","floor":17.0,"turns":5.0},{"damage":30.0,"enemies":"downfall:Watcher","floor":18.0,"turns":5.0},{"damage":15.0,"enemies":"theJungle:GiantWrat","floor":21.0,"turns":3.0},{"damage":13.0,"enemies":"Shell Parasite","floor":22.0,"turns":4.0},{"damage":14.0,"enemies":"theJungle:2_Phrogs","floor":25.0,"turns":4.0},{"damage":10.0,"enemies":"theJungle:MamaSnecko","floor":28.0,"turns":4.0},{"damage":8.0,"enemies":"theJungle:Lyon","floor":30.0,"turns":3.0},{"damage":4.0,"enemies":"theJungle:Snecko_Cultist_And_Trap","floor":31.0,"turns":3.0},{"damage":11.0,"enemies":"theJungle:2_Snecko_Cultists","floor":34.0,"turns":4.0},{"damage":35.0,"enemies":"downfall:Defect","floor":35.0,"turns":7.0},{"damage":7.0,"enemies":"3 Shapes","floor":39.0,"turns":2.0},{"damage":30.0,"enemies":"downfall:FleeingMerchant","floor":41.0,"turns":4.0},{"damage":32.0,"enemies":"3 Darklings","floor":44.0,"turns":3.0},{"damage":97.0,"enemies":"Nightmare","floor":45.0,"turns":7.0},{"damage":10.0,"enemies":"Sphere and 2 Shapes","floor":47.0,"turns":4.0},{"damage":8.0,"enemies":"Transient","floor":49.0,"turns":5.0},{"damage":7.0,"enemies":"3 Darklings","floor":51.0,"turns":3.0},{"damage":62.0,"enemies":"downfall:Silent","floor":52.0,"turns":7.0},{"damage":12,"enemies":"3 Sentries","floor":55,"turns":2},{"damage":0,"enemies":"Cultist","floor":56,"turns":2},{"damage":0,"enemies":"2 Louse","floor":57,"turns":1},{"damage":0,"enemies":"Jaw Worm","floor":58,"turns":1},{"damage":0,"enemies":"2 Fungi Beasts","floor":62,"turns":2},{"damage":12,"enemies":"Lots of Slimes","floor":64,"turns":2},{"damage":0,"enemies":"Exordium Wildlife","floor":67,"turns":1},{"damage":0,"enemies":"2 Fungi Beasts","floor":68,"turns":1},{"damage":4,"enemies":"Slime Boss","floor":69,"turns":3},{"damage":8,"enemies":"theJungle:GiantWrat","floor":73,"turns":2},{"damage":100,"enemies":"Nightmare","floor":75,"turns":7},{"damage":0,"enemies":"downfall:LadyInBlue","floor":76,"turns":2},{"damage":8,"enemies":"theJungle:MamaSnecko","floor":77,"turns":3},{"damage":4,"enemies":"Shell Parasite","floor":78,"turns":1},{"damage":5,"enemies":"theJungle:Snecko_Cultist_And_Trap","floor":79,"turns":2},{"damage":0,"enemies":"Snake Plant","floor":82,"turns":2},{"damage":4,"enemies":"theJungle:Lyon","floor":85,"turns":1},{"damage":4,"enemies":"theJungle:FunGuy","floor":86,"turns":4},{"damage":5,"enemies":"theJungle:FunGuy","floor":89,"turns":2},{"damage":4,"enemies":"3 Shapes","floor":90,"turns":2},{"damage":0,"enemies":"Reptomancer","floor":94,"turns":2},{"damage":9,"enemies":"3 Darklings","floor":95,"turns":2},{"damage":8,"enemies":"Writhing Mass","floor":97,"turns":3},{"damage":12,"enemies":"Maw","floor":100,"turns":4},{"damage":4,"enemies":"Jaw Worm Horde","floor":102,"turns":2},{"damage":217,"enemies":"conspire:OrnateMirror","floor":103,"turns":6},{"damage":0,"enemies":"Small Slimes","floor":106,"turns":1},{"damage":4,"enemies":"Gremlin Nob","floor":107,"turns":2},{"damage":4,"enemies":"conspire:MimicChest","floor":108,"turns":3},{"damage":4,"enemies":"Lagavulin","floor":111,"turns":3},{"damage":0,"enemies":"2 Louse","floor":116,"turns":1},{"damage":0,"enemies":"Cultist","floor":119,"turns":1},{"damage":0,"enemies":"The Guardian","floor":120,"turns":4},{"damage":0,"enemies":"Shell Parasite","floor":124,"turns":1},{"damage":0,"enemies":"theJungle:2_Phrogs","floor":125,"turns":2},{"damage":0,"enemies":"theJungle:MamaSnecko","floor":128,"turns":3},{"damage":0,"enemies":"theJungle:GiantWrat","floor":132,"turns":2},{"damage":0,"enemies":"theJungle:Lyon","floor":133,"turns":2},{"damage":0,"enemies":"theJungle:SlimyTreeVines","floor":134,"turns":2},{"damage":0,"enemies":"theJungle:2_Snecko_Cultists","floor":136,"turns":2},{"damage":0,"enemies":"theJungle:TotemBoss","floor":137,"turns":1},{"damage":30,"enemies":"theFactory:2_Experiment_Personnel","floor":140,"turns":3}],"seed_played":"1494553977519979067","potions_obtained":[{"floor":5.0,"key":"Block Potion"},{"floor":9.0,"key":"ColorlessPotion"},{"floor":17.0,"key":"Fruit Juice"},{"floor":21.0,"key":"Dexterity Potion"},{"floor":25.0,"key":"SteroidPotion"},{"floor":35.0,"key":"SteroidPotion"},{"floor":44.0,"key":"AttackPotion"},{"floor":49.0,"key":"Energy Potion"},{"floor":51.0,"key":"EssenceOfSteel"},{"floor":76,"key":"Venom Potion"},{"floor":76,"key":"Weak Potion"},{"floor":76,"key":"SpeedPotion"},{"floor":77,"key":"Toxic Potion"},{"floor":103,"key":"Reflective Coating"},{"floor":116,"key":"Regen Potion"},{"floor":135,"key":"downfall:CursedFountainPotion"}],"is_trial":false,"path_per_floor":["R_BF","M","?","?","M","M","T","$","M","E","$","?","PTL","PTL","$","M","M","B",null,"R_BF","M","M","?","?","E","T","R","E","R","M","M","?","?","M","B",null,"R","?","M","?","$","T","T","M","NM","R","M","$","M","$","M","B",null,"R_BF","E","M","M","M","R","T","R","M","R","M","?","?","M","M","B",null,"R","?","M","R","NM","?","E","M","M","R","?","M","?","$","M","B",null,"R","?","M","?","?","R","E","M","$","M","$","?","M","$","M","B",null,"R","M","E","?","R","?","E","$","?","R","?","M","?","AVR","M","B",null,"R","$","M","E","AVR","?","E","R","?","R","M","M","M","?","M","B",null,"R","M","AVR"],"character_chosen":"SLIMEBOUND","items_purchased":["Slimebound:RejuvenatingLick","Slimebound:AcidTongue","hubris:EvacipatedBox","Pear","Fruit Juice","Slimebound:Schlurp","Slimebound:RollThrough","Slimebound:Gluttony+1","Replay:SS_forest_6","Replay:SS_forest_2","aspiration:Nostalgia","infinitespire:Lucky Rock","OrangePellets"],"campfire_rested":1,"item_purchase_floors":[8,8,11,11,11,15,41,48,48,50,84,96,112],"current_hp_per_floor":[60,60,60,60,60,60,60,60,60,55,28,28,28,28,29,30,41,37,86,86,86,86,86,64,74,74,84,96,96,96,96,96,96,93,81,96,96,73,88,88,96,96,96,82,25,53,55,55,96,96,96,84,96,96,96,96,96,96,96,96,96,96,96,91,73,73,83,95,96,96,96,96,96,96,68,96,96,96,96,96,96,96,101,101,101,101,101,101,101,101,101,101,101,101,101,101,101,101,101,101,101,101,71,101,101,101,101,101,101,101,101,101,104,109,109,109,109,139,139,139,139,139,139,139,139,139,139,139,139,139,139,139,139,139,139,139,139,139,139,137,137,137],"gold":289,"neow_bonus":"RANDOM_COLORLESS","is_daily":false,"chose_seed":false,"campfire_upgraded":10,"win_rate":0.0,"timestamp":1608408873,"path_taken":["R_BF","M","?","?","M","M","T","$","M","E","?","?","PTL","PTL","$","M","M","BOSS","R_BF","M","M","?","?","E","T","R","E","R","M","M","?","?","M","BOSS","R","?","M","?","?","?","T","?","NM","R","M","$","M","?","M","BOSS","R_BF","E","M","M","M","R","T","R","M","R","M","?","?","M","M","BOSS","R","?","M","R","NM","?","E","?","?","R","?","M","?","$","M","BOSS","R","?","M","?","?","R","E","M","$","?","$","?","M","?","M","BOSS","R","M","E","?","R","?","E","$","?","R","?","?","?","AVR","M","BOSS","R","$","M","E","AVR","?","E","R","?","R","M","M","M","?","M","BOSS","R","?","AVR"],"items_purchased_type":["Card","Card","Relic","Relic","Potion","Card","Card","Card","Card","Card","Relic","Relic","Relic"],"build_version":"2020-12-13","purchased_purges":1,"victory":false,"max_hp_per_floor":[60,60,60,60,60,60,60,60,60,60,78,78,78,78,78,78,86,86,86,86,86,86,86,86,86,86,96,96,96,96,96,96,96,96,96,96,96,96,96,96,96,96,96,96,96,96,96,96,96,96,96,96,96,96,96,96,96,96,96,96,96,96,96,96,96,96,96,96,96,96,96,96,96,96,96,96,96,96,96,96,96,96,101,101,101,101,101,101,101,101,101,101,101,101,101,101,101,101,101,101,101,101,101,101,101,101,101,101,101,101,101,101,104,109,109,109,109,139,139,139,139,139,139,139,139,139,139,139,139,139,139,139,139,139,139,139,139,139,139,139,139,139],"card_choices":[{"not_picked":["expansioncontent:FaceSlap","sagemod:Refine"],"picked":"Flash of Steel","floor":0.0},{"not_picked":["Slimebound:SplitLeeching","Slimebound:MegaLick"],"picked":"Slimebound:GoopSpray","floor":2.0},{"not_picked":["Slimebound:FirmFortitude","Slimebound:Repurpose"],"picked":"Slimebound:AcidTongue","floor":5.0},{"not_picked":["Slimebound:Prepare","Slimebound:SamplingLick"],"picked":"Slimebound:ViciousTackle","floor":6.0},{"not_picked":["Slimebound:GrowthPunch","Slimebound:FinishingTackle"],"picked":"Slimebound:SplitAcid","floor":8.0},{"not_picked":["Slimebound:LeechEnergy","Slimebound:TongueLash"],"picked":"Slimebound:SlimeSpikes","floor":9.0},{"not_picked":["Slimebound:PressTheAttack","Slimebound:ComboTackle"],"picked":"Slimebound:SplitMire","floor":10.0},{"not_picked":["Slimebound:SplitMire","Slimebound:Replication","Slimebound:Teamwork"],"picked":"SKIP","floor":15.0},{"not_picked":["Slimebound:Prepare","Slimebound:ItLooksTasty","Slimebound:ComboTackle"],"picked":"SKIP","floor":16.0},{"not_picked":["Slimebound:SplitLeeching","Slimebound:Schlurp"],"picked":"Slimebound:SpikyOuterGoop","floor":17.0},{"not_picked":["Slimebound:Equalize+1","Slimebound:ComboTackle"],"picked":"Slimebound:DisruptingSlam+1","floor":21.0},{"not_picked":["Slimebound:SplitLeeching+1","Slimebound:SplitBruiser+1"],"picked":"Slimebound:SamplingLick","floor":22.0},{"not_picked":["Slimebound:ForwardTackle","Slimebound:GoopSpray"],"picked":"Slimebound:HauntingLick","floor":25.0},{"not_picked":["Slimebound:MinionMaster","Slimebound:GoopSpray","Slimebound:LevelUp"],"picked":"SKIP","floor":28.0},{"not_picked":["Slimebound:TongueLash","Slimebound:Dissolve"],"picked":"Slimebound:Nibble","floor":30.0},{"not_picked":["Slimebound:ViciousTackle","Slimebound:FinishingTackle","Slimebound:GoopSpray"],"picked":"SKIP","floor":31.0},{"not_picked":["Slimebound:LeechingTouch","Slimebound:LivingWall+1","Slimebound:ComboTackle+1"],"picked":"SKIP","floor":34.0},{"not_picked":["Slimebound:SlimeSlap","Slimebound:SelfFormingGoo"],"picked":"Slimebound:OneTwoCombo","floor":35.0},{"not_picked":["infinitespire:SealOfDarkness+","Replay:Fractal Strike"],"picked":"infinitespire:DeathsTouch","floor":38.0},{"not_picked":["Slimebound:GrowthPunch+1","Slimebound:SlimeSpikes+1"],"picked":"Slimebound:RejuvenatingLick+1","floor":39.0},{"not_picked":["Slimebound:DouseInSlime","Slimebound:SlimeBarrage+1"],"picked":"Slimebound:AcidTongue+1","floor":41.0},{"not_picked":["Slimebound:LeechingTouch","Slimebound:ForwardTackle+1","Slimebound:GrowthPunch+1"],"picked":"SKIP","floor":44.0},{"not_picked":["Slimebound:GoopSpray+1","Slimebound:LeadByExample"],"picked":"Slimebound:OneTwoCombo","floor":45.0},{"not_picked":["Slimebound:GrowthPunch+1","Slimebound:ItLooksTasty+1","Slimebound:ComboTackle"],"picked":"SKIP","floor":47.0},{"not_picked":["Slimebound:FinishingTackle","Slimebound:GrowthPunch","Slimebound:RollThrough"],"picked":"SKIP","floor":49.0},{"not_picked":["Slimebound:SlimeTap+1","Slimebound:ViciousTackle+1"],"picked":"Slimebound:LeadByExample","floor":51.0},{"not_picked":["Slimebound:SlimeSlap","Slimebound:RallyTheTroops"],"picked":"Slimebound:OneTwoCombo","floor":52.0},{"not_picked":["Slimebound:ComboTackle","Slimebound:Chomp","Slimebound:Teamwork"],"picked":"SKIP","floor":55},{"not_picked":["Slimebound:PressTheAttack","Slimebound:LeechEnergy","Slimebound:SplitBruiser"],"picked":"SKIP","floor":56},{"not_picked":["Slimebound:FinishingTackle","Slimebound:SamplingLick"],"picked":"Slimebound:SplitMire","floor":57},{"not_picked":["Slimebound:GoopSpray","Slimebound:SplitMire","Slimebound:LeechEnergy"],"picked":"SKIP","floor":58},{"not_picked":["Slimebound:HauntingLick","Slimebound:SplitAcid","Slimebound:LevelUp"],"picked":"SKIP","floor":62},{"not_picked":["Slimebound:SplitMire","Slimebound:HauntingLick"],"picked":"Slimebound:AcidTongue","floor":64},{"not_picked":["Slimebound:MassRepurpose","Slimebound:Schlurp"],"picked":"Slimebound:LeadByExample","floor":67},{"not_picked":["Slimebound:ItLooksTasty","Slimebound:SamplingLick"],"picked":"Slimebound:Nibble","floor":68},{"not_picked":["Slimebound:LeechingTouch+1","Slimebound:Schlurp+1","Slimebound:SplitAcid+1"],"picked":"SKIP","floor":73},{"not_picked":["Slimebound:SplitBruiser","Slimebound:SamplingLick","Slimebound:FormOfPuddle"],"picked":"SKIP","floor":75},{"not_picked":["Slimebound:SpikyOuterGoop","Slimebound:FlameTackle","Slimebound:Grow"],"picked":"SKIP","floor":77},{"not_picked":["Slimebound:Schlurp","Slimebound:LeechingTouch"],"picked":"Slimebound:FirmFortitude","floor":78},{"not_picked":["Slimebound:Grow","Slimebound:SplitAcid+1","Slimebound:ProtectTheBoss"],"picked":"SKIP","floor":79},{"not_picked":["Slimebound:FinishingTackle","Slimebound:MassRepurpose","Slimebound:SplitLeeching+1"],"picked":"SKIP","floor":82},{"not_picked":["Reprogram","Slimebound:Schlurp","Slimebound:SpikyOuterGoop"],"picked":"SKIP","floor":85},{"not_picked":["infinitespire:Starlight","infinitespire:Gouge"],"picked":"ReplayTheSpireMod:Book of Names","floor":86},{"not_picked":["Slimebound:ForwardTackle","Slimebound:ComboTackle+1","Slimebound:SplitBruiser"],"picked":"SKIP","floor":90},{"not_picked":["Slimebound:ViciousTackle+1","Slimebound:RollThrough","Slimebound:FinishingTackle+1"],"picked":"SKIP","floor":94},{"not_picked":["Slimebound:LeechingTouch+1","Slimebound:PressTheAttack+1","Slimebound:SplitAcid+1"],"picked":"SKIP","floor":95},{"not_picked":["Slimebound:Repurpose","Slimebound:Replication+1","Slimebound:Schlurp+1"],"picked":"SKIP","floor":97},{"not_picked":["Slimebound:SamplingLick","Slimebound:SlimeBrawl","Slimebound:ViciousTackle+1"],"picked":"SKIP","floor":100},{"not_picked":["Slimebound:SamplingLick+1","Slimebound:PressTheAttack","Slimebound:ItLooksTasty"],"picked":"SKIP","floor":102},{"not_picked":["Slimebound:SplitBruiser","Slimebound:ViciousTackle","Slimebound:LeadByExample"],"picked":"SKIP","floor":106},{"not_picked":["Slimebound:ComboTackle","Slimebound:PressTheAttack","Slimebound:LevelUp"],"picked":"SKIP","floor":107},{"not_picked":["Slimebound:LeechEnergy","Slimebound:DisruptingSlam","Slimebound:SplitAcid"],"picked":"SKIP","floor":111},{"not_picked":["Slimebound:PressTheAttack","Slimebound:FinishingTackle","Slimebound:LeadByExample"],"picked":"SKIP","floor":116},{"not_picked":["Slimebound:GoopSpray","Slimebound:LeechEnergy","Slimebound:FirmFortitude"],"picked":"SKIP","floor":119},{"not_picked":["Slimebound:GoopSpray","Slimebound:LeechEnergy","Slimebound:FirmFortitude"],"picked":"SKIP","floor":119},{"not_picked":["Slimebound:SelfFormingGoo","Slimebound:Overexert"],"picked":"Slimebound:OneTwoCombo","floor":120},{"not_picked":["Slimebound:RollThrough","Slimebound:LevelUp","Slimebound:SlimeBarrage+1"],"picked":"SKIP","floor":124},{"not_picked":["Slimebound:Chomp","Slimebound:SlimeSpikes+1","Slimebound:GrowthPunch"],"picked":"SKIP","floor":125},{"not_picked":["Slimebound:FormOfPuddle+1","Slimebound:SlimeSpikes+1","Slimebound:Grow"],"picked":"SKIP","floor":128},{"not_picked":["Slimebound:Dissolve+1","Slimebound:LeechEnergy","Slimebound:LeechingTouch+1"],"picked":"SKIP","floor":132},{"not_picked":["Slimebound:SplitLeeching+1","Slimebound:RollThrough","Slimebound:Repurpose+1"],"picked":"SKIP","floor":133},{"not_picked":["Slimebound:Schlurp+1","Slimebound:ProtectTheBoss","Slimebound:SlimeSpikes+1"],"picked":"SKIP","floor":134},{"not_picked":["Slimebound:Schlurp+1","Slimebound:GrowthPunch","Slimebound:ComboTackle"],"picked":"SKIP","floor":136},{"not_picked":["Slimebound:SplitLeeching+1","Slimebound:TongueLash","Slimebound:SamplingLick+1"],"picked":"SKIP","floor":140}],"player_experience":106475,"relics_obtained":[{"floor":1.0,"key":"infinitespire:PuzzleCube"},{"floor":7.0,"key":"trackpad:PetRock"},{"floor":10.0,"key":"Orichalcum"},{"floor":20.0,"key":"Mercury Hourglass"},{"floor":25.0,"key":"Simple Rune"},{"floor":27.0,"key":"trackpad:CultistFigurine"},{"floor":28.0,"key":"Snack Pack"},{"floor":29.0,"key":"hubris:SlimyHat"},{"floor":43.0,"key":"trackpad:IceCube"},{"floor":45.0,"key":"Oddly Smooth Stone"},{"floor":54,"key":"HornCleat"},{"floor":59,"key":"infinitespire:WardingShard"},{"floor":61,"key":"infinitespire:FocusingShard"},{"floor":63,"key":"hubris:Metronome"},{"floor":71,"key":"halation:PenCase"},{"floor":74,"key":"trackpad:GuardianSpirit"},{"floor":76,"key":"Potion Belt"},{"floor":80,"key":"infinitespire:Golems Mask"},{"floor":88,"key":"trackpad:DisasterInABottle"},{"floor":93,"key":"trackpad:BottledTsunami"},{"floor":105,"key":"aspiration:Lifesprig"},{"floor":108,"key":"SpikesRelics:DaevaFist"},{"floor":109,"key":"halation:TwoAmDonut"},{"floor":114,"key":"Durian"},{"floor":122,"key":"Happy Flower"},{"floor":129,"key":"infinitespire:Satchel"},{"floor":131,"key":"halation:PromiseList"},{"floor":139,"key":"ReplayTheSpireMod:Shallot"}],"event_choices":[{"cards_removed":["Slimebound:Defend_Slimebound"],"damage_healed":0.0,"max_hp_gain":0.0,"max_hp_loss":0.0,"gold_gain":0.0,"event_name":"Falling","player_choice":"Removed Skill","floor":40.0,"gold_loss":0.0,"damage_taken":0.0},{"damage_healed":0,"gold_gain":0,"player_choice":"Upgraded","damage_taken":0,"max_hp_gain":0,"max_hp_loss":0,"event_name":"Upgrade Shrine","floor":92,"gold_loss":0,"cards_upgraded":["Slimebound:GoopSpray"]},{"cards_removed":["Slimebound:Defend_Slimebound"],"damage_healed":0,"gold_gain":0,"player_choice":"Offered Basic","damage_taken":0,"max_hp_gain":0,"max_hp_loss":0,"event_name":"Bonfire Elementals","floor":115,"gold_loss":0},{"damage_healed":0,"gold_gain":0,"player_choice":"Leave","damage_taken":0,"max_hp_gain":0,"max_hp_loss":0,"event_name":"conspire:Investor","floor":130,"gold_loss":0}],"is_beta":false,"boss_relics":[{"not_picked":["Kintsugi","vexMod:CursedCompass","aspiration:DefectSkillbook"],"picked":"construct:WeddingRing"},{"not_picked":["halation:HeavySnake","Busted Crown","aspiration:RunicSpoon","halation:SmartPhone"]},{"not_picked":["aspiration:FutureDiary","Slimebound:AbsorbEndCombatUpgraded","vexMod:TanglingVine"],"picked":"hubris:Backtick"},{"not_picked":["halation:CatFaceCupcake","sagemod:Falmels_Amulet","trackpad:Trackpad","Coffee Dripper"]},{"not_picked":["Runic Pyramid","Astrolabe","halation:PinkAlligatorPlush","halation:HeavySnake"]},{"not_picked":["hubris:TerracottaHorce","conspire:SeveredTorchhead","beaked:MawFillet","hubris:BlackHole"]},{"not_picked":["Philosopher\u0027s Stone","conspire:RoyalGoblet","beaked:MawFillet"],"picked":"beaked:SacredDeck"},{"not_picked":["halation:MonkeysPaw","Astrolabe","vexMod:CursedCompass","Replay:Wanted Poster"]}],"items_purged_floors":[41],"is_endless":true,"potions_floor_spawned":[5,9,17,21,25,35,44,49,51,52,56,64,67,73,77,82,85,89,100,103,116,120,125,128,133,134,137],"ascension_level":0}}