{"host":"r40cn8c2kv7g6k3i","time":1608378009,"event":{"mods":["Act Like it!","BaseMod","Colored Powertips","Downfall","Gensokyo","Hallownest","KinomotoSakuraMod(ƒæ÷Æ±æ”£)","Marisa£®ÏF”Í°°ƒß¿Ì…≥£©","Minty Spire (QoL Compilation)","Onozuka Komachi Mod","Prisma Mod","Reimu£®≤©¿ˆ¡È√Œ£©","Remilia£®¿Ÿ√◊¿Ú—«£©","Replay The Spire","Shop Mod","Spicy Shops","StSLib","The Alterego","The Bug Knight","The Servant 0.9.4","UnlockEverythingMod","WarShipGirlsR/’ΩΩ¢…Ÿ≈ÆR mod","Youmu£®ªÍ∆«—˝√Œ£©","Yuri Mod"],"gold_per_floor":[129,129,129,8,8,57,89,89,89,89,123,123,152,186,186,305,305,340,374,374,374,406,406,406,406],"floor_reached":24,"playtime":1687,"items_purged":[],"score":215,"play_id":"6ea19022-5fa3-41da-b9f6-9cf513197628","local_time":"20201219194009","is_ascension_mode":true,"campfire_choices":[{"floor":8,"key":"RECALL"},{"floor":15,"key":"REST"},{"floor":23,"key":"REST"}],"circlet_count":0,"master_deck":["Strike_MRS","Strike_MRS","Strike_MRS","Defend_MRS","Defend_MRS","Defend_MRS","MasterSpark","UpSweep","WitchOfGreed","PowerUp","Orbital","GrandCross","expansioncontent:DecasProtection","LuminesStrike","Gensokyo:MarisaTwilightSpark","UltimateShortwave","Acceleration","GalacticHalo","DeepEcoloBomb","MysteriousBeam","SatelliteIllusion","BlazeAway+1","ChargeUpSpray","Gensokyo:SlitMouthedWoman","PropBag"],"relics":["BewitchedHakkero","Boot","HollowMod:PaleOreRelic","Gensokyo:NagashiBinaDoll","Replay:Grab Bag","ChewingGum","SlaversCollar","Empty Cage","Shuriken"],"acts_visited":["Gensokyo:Gensokyo","Gensokyo:Gensokyoer"],"potions_floor_usage":[11,11,14,16,16,16,18,18,22,22,22,24],"damage_taken":[{"damage":12,"enemies":"Gensokyo:Gryphon","floor":1,"turns":4},{"damage":16,"enemies":"Gensokyo:Cirno","floor":6,"turns":6},{"damage":16,"enemies":"Gensokyo:3_Fairies","floor":7,"turns":4},{"damage":0,"enemies":"Gensokyo:Python","floor":11,"turns":4},{"damage":9,"enemies":"Gensokyo:CorruptedTreant","floor":13,"turns":4},{"damage":9,"enemies":"Gensokyo:3_Kodama","floor":14,"turns":4},{"damage":36,"enemies":"Gensokyo:Reimu","floor":16,"turns":9},{"damage":6,"enemies":"Gensokyo:AngelMirror","floor":18,"turns":4},{"damage":4,"enemies":"Gensokyo:2_Gloops","floor":19,"turns":4},{"damage":41,"enemies":"Gensokyo:Mirror_and_Dog","floor":22,"turns":4},{"damage":45,"enemies":"Gensokyo:3_Gloops","floor":24,"turns":3}],"seed_played":"6565782376467144648","potions_obtained":[{"floor":1,"key":"Languid Potion"},{"floor":6,"key":"Regen Potion"},{"floor":7,"key":"LifebloodPotion"},{"floor":7,"key":"Milkshake"},{"floor":11,"key":"Slimebound:ThreeZeroPotion"},{"floor":13,"key":"DuplicationPotion"},{"floor":14,"key":"LifebloodPotion"},{"floor":16,"key":"EntropicBrew"},{"floor":16,"key":"Block Potion"},{"floor":18,"key":"StarNLove"},{"floor":18,"key":"BottledSpark"},{"floor":22,"key":"MagicPotion:ReiMu"}],"is_trial":false,"path_per_floor":["M","?","?","$","?","E","M","R","T","T","M","?","M","M","R","B",null,"M","M","?","$","M","R","M"],"character_chosen":"MARISA","items_purchased":["expansioncontent:DecasProtection","LuminesStrike"],"campfire_rested":2,"item_purchase_floors":[4,4],"current_hp_per_floor":[63,63,63,63,63,47,31,31,31,31,40,40,31,22,44,8,75,69,65,65,65,24,44,0,0],"gold":406,"neow_bonus":"THREE_CARDS","is_daily":false,"chose_seed":false,"campfire_upgraded":0,"win_rate":0.0,"timestamp":1608378009,"path_taken":["M","?","?","$","?","E","M","R","T","?","M","?","M","M","R","BOSS","M","M","?","$","M","R","M"],"items_purchased_type":["Card","Card"],"build_version":"2020-12-13","purchased_purges":0,"victory":false,"max_hp_per_floor":[75,75,75,75,75,75,75,75,75,75,75,75,75,75,75,75,75,75,75,68,68,68,68,68,68],"card_choices":[{"not_picked":["GalacticHalo","PowerUp"],"picked":"WitchOfGreed","floor":0},{"not_picked":["WitchLeyline","UnstableBomb"],"picked":"PowerUp","floor":1},{"not_picked":["PowerUp","StarlightTyphoon"],"picked":"Orbital","floor":2},{"not_picked":["PowerUp","DoubleSpark"],"picked":"GrandCross","floor":2},{"not_picked":["MeteoricShower","EnergyFlow"],"picked":"UltimateShortwave","floor":6},{"not_picked":["OneTimeOff","PowerUp"],"picked":"Acceleration","floor":7},{"not_picked":["Acceleration","DC"],"picked":"GalacticHalo","floor":11},{"not_picked":["WitchOfGreed","MagicAbsorber"],"picked":"DeepEcoloBomb","floor":13},{"not_picked":["DoubleSpark","DC"],"picked":"MysteriousBeam","floor":14},{"not_picked":["StarDustReverie","AbsoluteMagnitude"],"picked":"SatelliteIllusion","floor":16},{"not_picked":["LuminesStrike","DoubleSpark+1"],"picked":"BlazeAway+1","floor":18},{"not_picked":["Singularity","GravityBeat"],"picked":"ChargeUpSpray","floor":19},{"not_picked":["Gensokyo:EightFeetTall","Gensokyo:MissMary"],"picked":"Gensokyo:SlitMouthedWoman","floor":20},{"not_picked":["ChargingUp","RefractionSpark"],"picked":"PropBag","floor":22}],"player_experience":137507,"relics_obtained":[{"floor":6,"key":"Boot"},{"floor":9,"key":"HollowMod:PaleOreRelic"}],"event_choices":[],"is_beta":false,"boss_relics":[{"not_picked":["Replay:Wanted Poster","Philosopher\u0027s Stone"],"picked":"Replay:Grab Bag"},{"not_picked":["Sozu","Busted Crown"],"picked":"ChewingGum"},{"not_picked":["Velvet Choker","Coffee Dripper"],"picked":"SlaversCollar"},{"not_picked":["Kintsugi","Astrolabe"],"picked":"Empty Cage"},{"not_picked":["Ring of Chaos","RedLine:ReiMu"],"picked":"BewitchedHakkero"}],"items_purged_floors":[],"is_endless":false,"potions_floor_spawned":[7,14,16,18],"killed_by":"Gensokyo:3_Gloops","ascension_level":2}}