{"host":"85dtmvttrcbdj5h5","time":1608355843,"event":{"mods":["AchievementEnabler","BaseMod","Bestiary","Colored Powertips","Filter the Spire","Highlight Path","Minty Spire (QoL Compilation)","Potion Indicator Mod","RNG Fix","Relic Stats"],"gold_per_floor":[115,115,133,133,149,149,169,169,169,169,185,204,204,219,219,345,345,369,369,21,120,145,183,199,199,199,199,124,138,169,22,22,22,22],"floor_reached":33,"playtime":1826,"items_purged":["Strike_B","Defend_B"],"score":277,"play_id":"8e4287e4-f3d0-4eb8-a1de-f1802adce057","local_time":"20201219003043","is_ascension_mode":false,"campfire_choices":[{"data":"Zap","floor":6,"key":"SMITH"},{"data":"Dualcast","floor":8,"key":"SMITH"},{"data":"Hologram","floor":10,"key":"SMITH"},{"data":"Turbo","floor":15,"key":"SMITH"},{"floor":25,"key":"REST"},{"data":"Static Discharge","floor":27,"key":"SMITH"},{"floor":32,"key":"REST"}],"circlet_count":0,"master_deck":["Strike_B","Strike_B","Defend_B","Defend_B","Defend_B","Zap+1","Dualcast+1","Meteor Strike","Hologram+1","Machine Learning","Go for the Eyes","Streamline","Rip and Tear","Sweeping Beam","Turbo+1","Chill","Core Surge","Recycle","Sunder","Chaos+1","Static Discharge+1","Streamline","Conserve Battery","Leap"],"relics":["Cracked Core","Darkstone Periapt","Golden Idol","Black Star","OrangePellets","Letter Opener","Ornamental Fan","Mummified Hand","Anchor","InkBottle"],"acts_visited":["Exordium","TheCity"],"potions_floor_usage":[7,14,16,23,30,30,33],"damage_taken":[{"damage":1,"enemies":"2 Louse","floor":1,"turns":3},{"damage":5,"enemies":"Small Slimes","floor":3,"turns":4},{"damage":3,"enemies":"Jaw Worm","floor":5,"turns":5},{"damage":7,"enemies":"Blue Slaver","floor":7,"turns":3},{"damage":6,"enemies":"Exordium Thugs","floor":11,"turns":3},{"damage":5,"enemies":"3 Louse","floor":12,"turns":2},{"damage":13,"enemies":"Gremlin Gang","floor":14,"turns":4},{"damage":19,"enemies":"Hexaghost","floor":16,"turns":10},{"damage":8,"enemies":"Chosen","floor":18,"turns":4},{"damage":7,"enemies":"Spheric Guardian","floor":22,"turns":4},{"damage":37,"enemies":"Book of Stabbing","floor":23,"turns":5},{"damage":7,"enemies":"Centurion and Healer","floor":24,"turns":5},{"damage":14,"enemies":"Shelled Parasite and Fungi","floor":29,"turns":3},{"damage":15,"enemies":"Slavers","floor":30,"turns":5},{"damage":64,"enemies":"Automaton","floor":33,"turns":6}],"seed_played":"-6412470511379683122","potions_obtained":[{"floor":1,"key":"BlessingOfTheForge"},{"floor":3,"key":"Energy Potion"},{"floor":5,"key":"GamblersBrew"},{"floor":11,"key":"PotionOfCapacity"},{"floor":14,"key":"FairyPotion"},{"floor":24,"key":"FocusPotion"},{"floor":30,"key":"Ancient Potion"}],"is_trial":false,"path_per_floor":["M","?","M","?","M","R","M","R","T","R","M","M","?","M","R","B",null,"M","?","$","?","M","E","M","R","T","R","?","M","E","$","R","B"],"character_chosen":"DEFECT","items_purchased":["OrangePellets","Sunder","PowerPotion","Leap"],"campfire_rested":2,"item_purchase_floors":[20,20,20,31],"current_hp_per_floor":[74,74,69,69,66,66,59,59,59,59,53,48,30,17,17,22,75,67,67,67,67,60,23,16,38,38,38,38,24,9,9,31,0,0],"gold":22,"neow_bonus":"ONE_RANDOM_RARE_CARD","is_daily":false,"chose_seed":false,"campfire_upgraded":5,"win_rate":0.0,"timestamp":1608355843,"path_taken":["M","?","M","?","M","R","M","R","T","R","M","?","?","M","R","BOSS","M","?","$","?","M","E","M","R","T","R","?","?","E","$","R","BOSS"],"items_purchased_type":["Relic","Card","Potion","Card"],"build_version":"2020-12-13","purchased_purges":2,"victory":false,"max_hp_per_floor":[75,75,75,75,75,75,75,75,75,75,75,75,75,75,75,75,75,75,75,75,75,75,75,75,75,75,75,75,75,75,75,75,75,75],"relic_stats":{"Darkstone Periapt":0,"OrangePellets":[1],"counters":[15,66],"Golden Idol":58,"Ornamental Fan":[20],"Mummified Hand":[5],"Black Star":2,"Letter Opener":[78],"obtain_stats":[{"Darkstone Periapt":9,"OrangePellets":20,"Anchor":30,"Golden Idol":13,"Ornamental Fan":23,"Mummified Hand":26,"Black Star":17,"Letter Opener":23,"Cracked Core":0,"InkBottle":30},{"Darkstone Periapt":4,"OrangePellets":9,"Anchor":14,"Golden Idol":6,"Ornamental Fan":11,"Mummified Hand":12,"Black Star":8,"Letter Opener":11,"Cracked Core":0,"InkBottle":14},{"Darkstone Periapt":15,"OrangePellets":38,"Anchor":60,"Golden Idol":20,"Ornamental Fan":47,"Mummified Hand":52,"Black Star":34,"Letter Opener":47,"Cracked Core":0,"InkBottle":60}],"InkBottle":[2]},"card_choices":[{"not_picked":["Leap","Storm"],"picked":"Hologram","floor":1},{"not_picked":["Conserve Battery","Compile Driver"],"picked":"Go for the Eyes","floor":3},{"not_picked":["Cold Snap","Stack"],"picked":"Streamline","floor":5},{"not_picked":["Chaos","Streamline"],"picked":"Rip and Tear","floor":7},{"not_picked":["Barrage","Undo"],"picked":"Sweeping Beam","floor":11},{"not_picked":["Redo","Barrage"],"picked":"Turbo","floor":12},{"not_picked":["Reprogram","Redo"],"picked":"Chill","floor":14},{"not_picked":["Seek","Meteor Strike"],"picked":"Core Surge","floor":16},{"not_picked":["Steam Power","Coolheaded","Steam"],"picked":"SKIP","floor":18},{"not_picked":["Turbo+1","Go for the Eyes+1"],"picked":"Chaos+1","floor":22},{"not_picked":["Double Energy","Sweeping Beam"],"picked":"Static Discharge","floor":23},{"not_picked":["BootSequence","Turbo+1"],"picked":"Streamline","floor":24},{"not_picked":["Sunder","Cold Snap"],"picked":"Conserve Battery","floor":29},{"not_picked":["Go for the Eyes+1","Hologram","Recycle+1"],"picked":"SKIP","floor":30}],"player_experience":110523,"relics_obtained":[{"floor":9,"key":"Darkstone Periapt"},{"floor":23,"key":"Letter Opener"},{"floor":23,"key":"Ornamental Fan"},{"floor":26,"key":"Mummified Hand"},{"floor":30,"key":"Anchor"},{"floor":30,"key":"InkBottle"}],"event_choices":[{"damage_healed":0,"gold_gain":0,"player_choice":"1 cards matched","damage_taken":0,"max_hp_gain":0,"max_hp_loss":0,"event_name":"Match and Keep!","floor":2,"gold_loss":0,"cards_obtained":["Machine Learning"]},{"damage_healed":0,"gold_gain":0,"player_choice":"Ignored","damage_taken":0,"max_hp_gain":0,"max_hp_loss":0,"event_name":"Liars Game","floor":4,"gold_loss":0},{"damage_healed":0,"gold_gain":0,"player_choice":"Take Damage","damage_taken":18,"relics_obtained":["Golden Idol"],"max_hp_gain":0,"max_hp_loss":0,"event_name":"Golden Idol","floor":13,"gold_loss":0},{"damage_healed":0,"gold_gain":0,"player_choice":"Read","damage_taken":0,"max_hp_gain":0,"max_hp_loss":0,"event_name":"The Library","floor":19,"gold_loss":0,"cards_obtained":["Recycle"]},{"damage_healed":0,"gold_gain":99,"player_choice":"Stole From Cult","damage_taken":0,"max_hp_gain":0,"max_hp_loss":0,"event_name":"Nest","floor":21,"gold_loss":0},{"cards_removed":["Strike_B"],"damage_healed":0,"gold_gain":0,"player_choice":"Gave Gold","damage_taken":0,"max_hp_gain":0,"max_hp_loss":0,"event_name":"Beggar","floor":28,"gold_loss":75}],"is_beta":false,"boss_relics":[{"not_picked":["Runic Dome","Fusion Hammer"],"picked":"Black Star"}],"items_purged_floors":[20,31],"is_endless":false,"potions_floor_spawned":[1,3,5,11,14,24,30],"killed_by":"Automaton","ascension_level":0}}