{"host":"8u7tvcybuv0u72fd","time":1608348471,"event":{"mods":["BaseMod","BetterRewards","Colored Map","Colored Powertips","Minty Spire (QoL Compilation)","Quick Restart","Shop Mod"],"gold_per_floor":[117,137,155,167,186,186,221,221,273,302,315,315,315,330,330,427,427,442,442,442,88,88,120,120,134,134,166,166,166,166,166,166,261,261,279,279,292,304,304,304,304,67,67,67,109,109,119,134,134,134,134,134,46,74,74,74],"floor_reached":55,"playtime":3050,"items_purged":["Strike_R","Defend_R"],"score":953,"play_id":"00e51da7-ddd0-4c0f-9d43-6ad6066e23a5","local_time":"20201218222751","is_ascension_mode":false,"campfire_choices":[{"data":"Body Slam","floor":6.0,"key":"SMITH"},{"data":"Bash","floor":8.0,"key":"SMITH"},{"data":"Shrug It Off","floor":12.0,"key":"SMITH"},{"data":"Dramatic Entrance","floor":13.0,"key":"SMITH"},{"data":"Flex","floor":15.0,"key":"SMITH"},{"data":"Berserk","floor":24.0,"key":"SMITH"},{"data":"Double Tap","floor":28.0,"key":"SMITH"},{"data":"Bite","floor":30.0,"key":"SMITH"},{"data":"Bite","floor":32.0,"key":"SMITH"},{"data":"Apotheosis","floor":40.0,"key":"SMITH"},{"data":"Barricade","floor":44.0,"key":"SMITH"},{"data":"Offering","floor":46.0,"key":"SMITH"},{"floor":49.0,"key":"RECALL"},{"data":"Madness","floor":52.0,"key":"SMITH"}],"circlet_count":0,"master_deck":["Defend_R+1","Defend_R+1","Defend_R+1","Bash+1","Shrug It Off+1","Body Slam+1","Dramatic Entrance+1","Battle Trance","Flex+1","Berserk+1","CurseOfTheBell","Cleave+1","Bite","Bite","Bite","Bite+1","Bite+1","Double Tap+1","Reaper","Apotheosis+1","Pommel Strike+1","Madness","Madness+1","Barricade+1","Offering+1","Second Wind","Metallicize+1"],"relics":["Burning Blood","Membership Card","FossilizedHelix","Charon\u0027s Ashes","Bottled Flame","Odd Mushroom","Vajra","CaptainsWheel","MerchantsRug","ClockworkSouvenir","HornCleat","Toy Ornithopter","Bottled Lightning","Bag of Marbles","Pantograph","Bottled Tornado","MutagenicStrength","Mark of Pain","Lantern","Pen Nib","Mummified Hand","Kunai","Red Skull"],"acts_visited":["Exordium","TheCity","TheBeyond","TheEnding"],"potions_floor_usage":[54,55,55],"damage_taken":[{"damage":0.0,"enemies":"Small Slimes","floor":1.0,"turns":2.0},{"damage":0.0,"enemies":"Jaw Worm","floor":2.0,"turns":3.0},{"damage":0.0,"enemies":"2 Louse","floor":3.0,"turns":1.0},{"damage":0.0,"enemies":"Large Slime","floor":4.0,"turns":6.0},{"damage":0.0,"enemies":"Blue Slaver","floor":5.0,"turns":3.0},{"damage":0.0,"enemies":"Gremlin Nob","floor":7.0,"turns":3.0},{"damage":0.0,"enemies":"The Mushroom Lair","floor":10.0,"turns":3.0},{"damage":0.0,"enemies":"3 Louse","floor":11.0,"turns":2.0},{"damage":0.0,"enemies":"Looter","floor":14.0,"turns":2.0},{"damage":29.0,"enemies":"Slime Boss","floor":16.0,"turns":13.0},{"damage":5.0,"enemies":"Chosen","floor":18.0,"turns":3.0},{"damage":0.0,"enemies":"Slavers","floor":23.0,"turns":2.0},{"damage":0.0,"enemies":"Spheric Guardian","floor":25.0,"turns":2.0},{"damage":0.0,"enemies":"Book of Stabbing","floor":27.0,"turns":3.0},{"damage":34.0,"enemies":"Champ","floor":33.0,"turns":9.0},{"damage":0.0,"enemies":"3 Shapes","floor":35.0,"turns":2.0},{"damage":0.0,"enemies":"Orb Walker","floor":37.0,"turns":2.0},{"damage":0.0,"enemies":"4 Shapes","floor":38.0,"turns":2.0},{"damage":0.0,"enemies":"Maw","floor":47.0,"turns":5.0},{"damage":0.0,"enemies":"3 Darklings","floor":48.0,"turns":1.0},{"damage":94.0,"enemies":"Donu and Deca","floor":50.0,"turns":10.0},{"damage":13,"enemies":"Shield and Spear","floor":54,"turns":6},{"damage":172,"enemies":"The Heart","floor":55,"turns":12}],"seed_played":"-3366850178930368110","potions_obtained":[{"floor":2.0,"key":"SkillPotion"},{"floor":7.0,"key":"ColorlessPotion"},{"floor":11.0,"key":"BloodPotion"},{"floor":14.0,"key":"Block Potion"},{"floor":23.0,"key":"FearPotion"},{"floor":33.0,"key":"BloodPotion"},{"floor":37.0,"key":"Dexterity Potion"},{"floor":47.0,"key":"SkillPotion"}],"is_trial":false,"path_per_floor":["M","M","M","M","M","R","E","R","T","?","M","R","R","M","R","B",null,"M","?","?","$","?","E","R","M","T","E","R","?","R","?","R","B",null,"M","?","M","M","?","R","?","$","T","R","$","R","M","M","R","B",null,"R","$","E","B"],"character_chosen":"IRONCLAD","items_purchased":["Membership Card","Shrug It Off","Body Slam","Dramatic Entrance","FossilizedHelix","Blood Vial","Weak Potion","ColorlessPotion","MerchantsRug","ClockworkSouvenir","HornCleat","Toy Ornithopter","Barricade","Offering","Lantern","Mummified Hand","Kunai","Swift Potion"],"campfire_rested":0,"item_purchase_floors":[0,0,0,0,0,0,0,0,21,21,21,21,42,42,42,45,53,53],"current_hp_per_floor":[56,64,72,80,80,80,80,80,80,80,80,80,80,80,80,57,80,80,80,80,80,80,80,80,80,80,80,80,80,80,80,80,80,80,80,75,80,80,80,80,70,70,70,70,70,70,80,80,80,53,80,80,80,80,0,0],"gold":74,"neow_bonus":"","is_daily":false,"chose_seed":false,"campfire_upgraded":13,"win_rate":0.0,"timestamp":1608348471,"path_taken":["M","M","M","M","M","R","E","R","T","?","M","R","R","M","R","BOSS","M","?","?","$","?","E","R","?","T","E","R","?","R","?","R","BOSS","M","?","M","M","?","R","?","$","T","R","?","R","M","M","R","BOSS","R","$","E","BOSS"],"items_purchased_type":["Relic","Card","Card","Card","Relic","Relic","Potion","Potion","Relic","Relic","Relic","Relic","Card","Card","Relic","Relic","Relic","Potion"],"build_version":"2020-12-13","purchased_purges":2,"victory":false,"max_hp_per_floor":[80,80,80,80,80,80,80,80,80,80,80,80,80,80,80,80,80,80,80,80,80,80,80,80,80,80,80,80,80,80,80,80,80,80,80,80,80,80,80,80,80,80,80,80,80,80,80,80,80,80,80,80,80,80,80,80],"card_choices":[{"not_picked":["Ghostly Armor","Iron Wave","Fire Breathing"],"picked":"SKIP","floor":1.0},{"not_picked":["Twin Strike","Flex","Clothesline"],"picked":"SKIP","floor":2.0},{"not_picked":["Armaments","Pommel Strike","Flex"],"picked":"SKIP","floor":3.0},{"not_picked":["Spot Weakness","Wild Strike","Dropkick"],"picked":"SKIP","floor":4.0},{"not_picked":["Clothesline","Metallicize"],"picked":"Battle Trance","floor":5.0},{"not_picked":["Twin Strike","Wild Strike","True Grit"],"picked":"SKIP","floor":7.0},{"not_picked":["Fiend Fire","Shrug It Off"],"picked":"Flex","floor":11.0},{"not_picked":["Inflame","Battle Trance","Sword Boomerang"],"picked":"SKIP","floor":14.0},{"not_picked":["Fiend Fire","Juggernaut"],"picked":"Berserk","floor":16.0},{"not_picked":["Dual Wield","Pommel Strike"],"picked":"Cleave+1","floor":18.0},{"not_picked":["Infernal Blade","Body Slam","Bludgeon"],"picked":"SKIP","floor":23.0},{"not_picked":["Warcry","Bloodletting","Armaments"],"picked":"SKIP","floor":25.0},{"not_picked":["Thunderclap","Havoc"],"picked":"Double Tap","floor":27.0},{"not_picked":["Corruption","Juggernaut"],"picked":"Reaper","floor":33.0},{"not_picked":["Clash+1","Flex","Warcry"],"picked":"SKIP","floor":35.0},{"not_picked":["Purity","Magnetism"],"picked":"Apotheosis","floor":36.0},{"not_picked":["Inflame","Power Through+1","Perfected Strike"],"picked":"SKIP","floor":37.0},{"not_picked":["Warcry+1","Burning Pact+1"],"picked":"Pommel Strike+1","floor":38.0},{"not_picked":["Perfected Strike","Warcry+1"],"picked":"Second Wind","floor":47.0},{"not_picked":["Metallicize","Twin Strike+1","Sever Soul+1"],"picked":"SKIP","floor":48.0},{"not_picked":["Uppercut","Anger+1"],"picked":"Metallicize+1","floor":54}],"player_experience":1179582,"relics_obtained":[{"floor":7.0,"key":"Bottled Flame"},{"floor":10.0,"key":"Odd Mushroom"},{"floor":17.0,"key":"Vajra"},{"floor":17.0,"key":"Matryoshka"},{"floor":17.0,"key":"CaptainsWheel"},{"floor":23.0,"key":"Bottled Lightning"},{"floor":26.0,"key":"Bag of Marbles"},{"floor":26.0,"key":"Pantograph"},{"floor":27.0,"key":"Bottled Tornado"},{"floor":43.0,"key":"Pen Nib"},{"floor":43.0,"key":"Darkstone Periapt"},{"floor":54,"key":"Red Skull"}],"event_choices":[{"damage_healed":0.0,"max_hp_gain":0.0,"max_hp_loss":0.0,"gold_gain":0.0,"event_name":"Mushrooms","player_choice":"Fought Mushrooms","floor":10.0,"gold_loss":0.0,"damage_taken":0.0},{"damage_healed":0.0,"max_hp_gain":0.0,"max_hp_loss":0.0,"gold_gain":0.0,"event_name":"Vampires","player_choice":"Became a vampire (Vial)","floor":19.0,"relics_lost":["Blood Vial"],"gold_loss":0.0,"damage_taken":0.0,"cards_obtained":["Bite","Bite","Bite","Bite","Bite"]},{"damage_healed":0.0,"max_hp_gain":0.0,"max_hp_loss":0.0,"gold_gain":0.0,"event_name":"The Library","player_choice":"Read","floor":20.0,"gold_loss":0.0,"damage_taken":0.0,"cards_obtained":["Headbutt"]},{"damage_healed":0.0,"max_hp_gain":0.0,"max_hp_loss":0.0,"gold_gain":0.0,"event_name":"Back to Basics","player_choice":"Simplicity","floor":22.0,"gold_loss":0.0,"damage_taken":0.0,"cards_upgraded":["Defend_R","Defend_R","Defend_R"]},{"damage_healed":0.0,"max_hp_gain":0.0,"max_hp_loss":0.0,"gold_gain":0.0,"event_name":"Drug Dealer","player_choice":"Inject Mutagens","floor":29.0,"gold_loss":0.0,"damage_taken":0.0,"relics_obtained":["MutagenicStrength"]},{"damage_healed":0.0,"max_hp_gain":0.0,"max_hp_loss":0.0,"gold_gain":0.0,"event_name":"Beggar","player_choice":"Ignored","floor":31.0,"gold_loss":0.0,"damage_taken":0.0},{"damage_healed":0.0,"max_hp_gain":0.0,"max_hp_loss":0.0,"gold_gain":0.0,"event_name":"SensoryStone","player_choice":"Memory 2","floor":36.0,"gold_loss":0.0,"damage_taken":5.0},{"cards_removed":["Headbutt"],"damage_healed":0.0,"max_hp_gain":0.0,"max_hp_loss":0.0,"gold_gain":0.0,"event_name":"Falling","player_choice":"Removed Attack","floor":39.0,"gold_loss":0.0,"damage_taken":0.0},{"damage_healed":0.0,"max_hp_gain":0.0,"max_hp_loss":0.0,"gold_gain":0.0,"event_name":"Winding Halls","player_choice":"Embrace Madness","floor":41.0,"gold_loss":0.0,"damage_taken":10.0,"cards_obtained":["Madness","Madness"]}],"is_beta":false,"boss_relics":[{"not_picked":["Coffee Dripper","Philosopher\u0027s Stone"],"picked":"Calling Bell"},{"not_picked":["Sozu","Runic Cube"],"picked":"Mark of Pain"}],"items_purged_floors":[0,0],"is_endless":false,"potions_floor_spawned":[2,7,11,14,23,33,37,47,48],"killed_by":"The Heart","ascension_level":0}}