{"host":"xenpv6dj5x1yxp66","time":1608408484,"event":{"mods":["AchievementEnabler","Aspiration","BaseMod","Better Altar","Better Sensory Stone","Better Skull","Better Third Choice","BetterRewards","Colored Map","Colored Powertips","Conspire","Downfall","Highlight Path","Hubris","Marisa????????","Minty Spire (QoL Compilation)","Quick Restart","READ ME - Guardian Mod","Replay The Spire","Shade Mod","StSLib","The Animator","The Bug Knight","The Construct","The Cursed","The Disciple","The Necromancer","The Runesmith","The Servant 0.9.4"],"gold_per_floor":[112,126,126,136,136,166,166,185,185,202,202,202,219,219,219,319,319,319,29,30,84,284,284,295,295,295],"floor_reached":25,"playtime":911,"items_purged":[],"score":203,"play_id":"bfa8e869-f386-43ce-a746-422f722b2352","local_time":"20201219210804","is_ascension_mode":false,"campfire_choices":[{"floor":12,"key":"REST"},{"floor":15,"key":"REST"}],"circlet_count":0,"master_deck":["Strike_G","Strike_G+1","Strike_G","Strike_G","Strike_G","Defend_G","Defend_G+1","Defend_G","Defend_G","Defend_G","Survivor","Neutralize","Dagger Spray","Poisoned Stab","Sucker Punch","hubris:Counter","PiercingWail","Heel Hook","Venomology","Neutralize","ReplayTheSpireMod:Necrosis","CurseOfTheBell","Noxious Fumes+1","Deadly Poison+1","Caltrops+1","Poisoned Stab"],"relics":["Ring of the Snake","NeowsBlessing","aspiration:HatOfInfinitePower","Gremlin Horn","Calling Bell","Dream Catcher","HollowMod:StagPassRelic","Unceasing Top","TheAbacus","Art of War"],"acts_visited":["Exordium","TheCity"],"potions_floor_usage":[6,16,16,16,16,18,20,24,25,25],"damage_taken":[{"damage":0,"enemies":"Jaw Worm","floor":1,"turns":1},{"damage":0,"enemies":"2 Louse","floor":2,"turns":1},{"damage":0,"enemies":"Cultist","floor":4,"turns":1},{"damage":13,"enemies":"Lagavulin","floor":6,"turns":8},{"damage":11,"enemies":"2 Fungi Beasts","floor":8,"turns":4},{"damage":2,"enemies":"Exordium Thugs","floor":10,"turns":4},{"damage":7,"enemies":"Blue Slaver","floor":13,"turns":3},{"damage":30,"enemies":"Fading Forest","floor":16,"turns":11},{"damage":9,"enemies":"Shell Parasite","floor":18,"turns":4},{"damage":8,"enemies":"2 Thieves","floor":20,"turns":4},{"damage":12,"enemies":"3 Cultists","floor":24,"turns":4},{"damage":41,"enemies":"Shelled Parasite and Fungi","floor":25,"turns":4}],"seed_played":"5513565634872029523","potions_obtained":[{"floor":1,"key":"Ancient Potion"},{"floor":4,"key":"Guardian:BlockOnCardUsePotion"},{"floor":13,"key":"champ:CounterPotion"},{"floor":16,"key":"Block Potion"}],"is_trial":false,"path_per_floor":["M","M","?","M","?","E","?","M","T","M","?","R","M","?","R","B",null,"M","$","M","T","?","R","M","M"],"character_chosen":"THE_SILENT","items_purchased":["Noxious Fumes","Deadly Poison","TheAbacus"],"campfire_rested":2,"item_purchase_floors":[19,19,19],"current_hp_per_floor":[70,70,56,56,56,43,43,32,32,30,30,51,44,44,65,45,70,61,61,53,53,53,53,41,0,0],"gold":295,"neow_bonus":"THREE_ENEMY_KILL","is_daily":false,"chose_seed":false,"campfire_upgraded":0,"win_rate":0.0,"timestamp":1608408484,"path_taken":["M","M","?","M","?","E","?","M","T","?","?","R","?","?","R","BOSS","M","$","M","?","?","R","M","?"],"items_purchased_type":["Card","Card","Relic"],"build_version":"2020-12-13","purchased_purges":0,"victory":false,"max_hp_per_floor":[70,70,70,70,70,70,70,70,70,70,70,70,70,70,70,70,70,70,70,70,70,70,70,70,70,70],"card_choices":[{"not_picked":["Eviscerate","Footwork"],"picked":"Dagger Spray","floor":1},{"not_picked":["Bane","hubris:SlightOfHand"],"picked":"Poisoned Stab","floor":2},{"not_picked":["Deflect","Distraction"],"picked":"Sucker Punch","floor":4},{"not_picked":["Underhanded Strike","Quick Slash"],"picked":"hubris:Counter","floor":6},{"not_picked":["Prepared","hubris:SlightOfHand"],"picked":"PiercingWail","floor":8},{"not_picked":["Quick Slash","Dash"],"picked":"Heel Hook","floor":10},{"not_picked":["hubris:SlightOfHand","Escape Plan","Slice"],"picked":"SKIP","floor":13},{"not_picked":["Bullet Time","ReplayTheSpireMod:From All Sides"],"picked":"ReplayTheSpireMod:Necrosis","floor":16},{"not_picked":["hubris:TrickCloak","Cloak And Dagger+1"],"picked":"Caltrops+1","floor":20},{"not_picked":["Quick Slash+1","Terror"],"picked":"Poisoned Stab","floor":24}],"player_experience":156014,"relics_obtained":[{"floor":6,"key":"aspiration:HatOfInfinitePower"},{"floor":9,"key":"Gremlin Horn"},{"floor":17,"key":"Dream Catcher"},{"floor":17,"key":"HollowMod:StagPassRelic"},{"floor":17,"key":"Unceasing Top"},{"floor":21,"key":"Art of War"}],"event_choices":[{"damage_healed":70,"gold_gain":0,"player_choice":"Upgrade","damage_taken":14,"max_hp_gain":0,"max_hp_loss":70,"event_name":"betterThird:BetterShining","floor":3,"gold_loss":0,"cards_upgraded":["Defend_G","Strike_G"]},{"damage_healed":0,"gold_gain":0,"player_choice":"LEAVE","damage_taken":0,"max_hp_gain":0,"max_hp_loss":0,"event_name":"betterThird:BetterScrap","floor":5,"gold_loss":0,"cards_obtained":["DeusExMachina"]},{"damage_healed":0,"gold_gain":0,"player_choice":"Ignored","damage_taken":0,"max_hp_gain":0,"max_hp_loss":0,"event_name":"Transmorgrifier","floor":7,"gold_loss":0},{"damage_healed":0,"gold_gain":0,"player_choice":"2 cards matched","damage_taken":0,"max_hp_gain":0,"max_hp_loss":0,"event_name":"Match and Keep!","floor":11,"gold_loss":0,"cards_obtained":["Venomology","Neutralize"]},{"damage_healed":0,"gold_gain":0,"player_choice":"Ignored","damage_taken":0,"max_hp_gain":0,"max_hp_loss":0,"event_name":"NoteForYourself","floor":14,"gold_loss":0},{"damage_healed":0,"gold_gain":200,"player_choice":"Gold","damage_taken":0,"max_hp_gain":0,"max_hp_loss":0,"event_name":"Wheel of Change","floor":22,"gold_loss":0}],"is_beta":false,"boss_relics":[{"not_picked":["WristBlade","construct:WeddingRing"],"picked":"Calling Bell"}],"items_purged_floors":[],"is_endless":false,"potions_floor_spawned":[1,4,13,16,18],"killed_by":"Shelled Parasite and Fungi","ascension_level":0}}