{"host":"wg33yb1rgt3nbe17","time":1608348983,"event":{"mods":["AchievementEnabler","BaseMod","Colored Map","Minty Spire (QoL Compilation)","Permanent Neow","Relic Stats","StSLib"],"gold_per_floor":[110,1,20,20,30,58,58,91,91,91,91,142,142,67,67,67,67],"floor_reached":16,"playtime":548,"items_purged":["BattleHymn"],"score":113,"play_id":"0e26d547-3e60-4a8f-b473-f6c7808d7b0a","local_time":"20201218223623","is_ascension_mode":true,"campfire_choices":[{"data":"Wish","floor":10,"key":"SMITH"},{"floor":13,"key":"REST"},{"data":"Eruption","floor":15,"key":"SMITH"}],"circlet_count":0,"master_deck":["Strike_P","Strike_P","Strike_P","Strike_P","Defend_P","Defend_P","Eruption+1","Vigilance","ThirdEye","Pray","BowlingBash","InnerPeace","Perseverance","Nirvana","Wish+1","Nirvana"],"relics":["PureWater","Calipers","TungstenRod","WingedGreaves","Golden Idol"],"acts_visited":["Exordium"],"potions_floor_usage":[8,16],"damage_taken":[{"damage":0,"enemies":"Small Slimes","floor":1,"turns":3},{"damage":4,"enemies":"2 Louse","floor":3,"turns":2},{"damage":0,"enemies":"Cultist","floor":5,"turns":3},{"damage":30,"enemies":"3 Sentries","floor":6,"turns":7},{"damage":27,"enemies":"Gremlin Nob","floor":8,"turns":4},{"damage":15,"enemies":"2 Fungi Beasts","floor":12,"turns":6},{"damage":33,"enemies":"The Guardian","floor":16,"turns":5}],"seed_played":"-2667366433916393838","potions_obtained":[{"floor":3,"key":"Strength Potion"},{"floor":8,"key":"Ancient Potion"}],"is_trial":false,"path_per_floor":["M","$","M","?","M","E","?","E","T","R","?","M","R","$","R","B"],"character_chosen":"WATCHER","items_purchased":["InnerPeace","BattleHymn"],"campfire_rested":1,"item_purchase_floors":[2,2],"current_hp_per_floor":[72,72,68,61,61,31,55,28,28,28,28,13,33,33,33,0,0],"gold":67,"neow_bonus":"TRANSFORM_TWO_CARDS","is_daily":false,"chose_seed":false,"campfire_upgraded":2,"win_rate":0.0,"timestamp":1608348983,"path_taken":["M","$","M","?","M","E","?","E","T","R","?","M","R","$","R","BOSS"],"items_purchased_type":["Card","Card"],"build_version":"2020-12-13","purchased_purges":1,"victory":false,"max_hp_per_floor":[72,72,72,72,72,72,72,72,72,72,67,67,67,67,67,67,67],"relic_stats":{"counters":[7,30],"Golden Idol":4,"obtain_stats":[{"Calipers":6,"Golden Idol":11,"WingedGreaves":9,"PureWater":0,"TungstenRod":8},{"Calipers":4,"Golden Idol":5,"WingedGreaves":5,"PureWater":0,"TungstenRod":5},{"Calipers":15,"Golden Idol":19,"WingedGreaves":19,"PureWater":0,"TungstenRod":19}],"TungstenRod":4},"card_choices":[{"not_picked":["Adaptation","MentalFortress"],"picked":"BowlingBash","floor":1},{"not_picked":["InnerPeace","Prostrate"],"picked":"Perseverance","floor":3},{"not_picked":["PathToVictory","FlurryOfBlows"],"picked":"Nirvana","floor":5},{"not_picked":["WindmillStrike","SashWhip","ClearTheMind"],"picked":"SKIP","floor":6},{"not_picked":["WreathOfFlame","FlurryOfBlows"],"picked":"Wish","floor":8},{"not_picked":["WindmillStrike","Halt"],"picked":"Nirvana","floor":12}],"player_experience":516279,"relics_obtained":[{"floor":6,"key":"Calipers"},{"floor":8,"key":"TungstenRod"},{"floor":9,"key":"WingedGreaves"}],"event_choices":[{"cards_removed":["Injury"],"damage_healed":0,"gold_gain":0,"player_choice":"Card Removal","damage_taken":7,"max_hp_gain":0,"max_hp_loss":0,"event_name":"Golden Wing","floor":4,"gold_loss":0},{"damage_healed":24,"gold_gain":0,"player_choice":"Banana","damage_taken":0,"max_hp_gain":0,"max_hp_loss":0,"event_name":"Big Fish","floor":7,"gold_loss":0},{"damage_healed":0,"gold_gain":0,"player_choice":"Lose Max HP","damage_taken":0,"relics_obtained":["Golden Idol"],"max_hp_gain":0,"max_hp_loss":5,"event_name":"Golden Idol","floor":11,"gold_loss":0}],"is_beta":false,"boss_relics":[],"items_purged_floors":[14],"is_endless":false,"potions_floor_spawned":[3,8],"killed_by":"The Guardian","ascension_level":1}}