{"host":"jzehok24c0182h89","time":1608350496,"event":{"mods":["Bard","BaseMod","Colored Map","Colored Powertips","Downfall","Hermit","Marisa????????","Minty Spire (QoL Compilation)","Random Character Button","Shade Mod","StSLib","The Alterego","The Blackbeard","The Bug Knight","The Construct","The Cursed","The Disciple","The Hierophant","The Necromancer","The Servant 0.9.4"],"gold_per_floor":[112,131,26,26,26,53,53,83,161,177,177,177,193,212,212,284,284,297,297,307,307,324,352,352,378,430,448,129,143,153,183,183,255,255,267,292,308,322,24,75,75,101,177,177,190,221,64,84,84,84,84,84,25,25,25],"floor_reached":54,"playtime":3193,"items_purged":["Anger","Strike_R"],"score":1406,"play_id":"baf30bf7-628a-4156-80eb-ba563d651aa2","local_time":"20201218230136","is_ascension_mode":true,"campfire_choices":[{"data":"Shrug It Off","floor":7,"key":"SMITH"},{"floor":11,"key":"REST"},{"data":"Rampage","floor":15,"key":"SMITH"},{"floor":24,"key":"REST"},{"floor":32,"key":"REST"},{"data":"Dual Wield","floor":41,"key":"SMITH"},{"floor":44,"key":"REST"},{"floor":49,"key":"RECALL"},{"data":"Uppercut","floor":52,"key":"SMITH"}],"circlet_count":0,"master_deck":["AscendersBane","Strike_R","Defend_R","Defend_R","Defend_R","Defend_R","Bash","Sword Boomerang","Cleave","Rampage+1","Shrug It Off+1","Pommel Strike","Clothesline+1","Power Through+1","Shrug It Off","Battle Trance+1","Demon Form+1","Hemokinesis","RitualDagger","Dual Wield+1","Demon Form+1","Corruption+1","Feed","True Grit","Reaper","Flame Barrier","Uppercut+1","Dark Embrace+1","Shrug It Off"],"relics":["Empty Cage","Bag of Preparation","MealTicket","Frozen Egg 2","Snecko Eye","Pear","Mango","Nunchaku","War Paint","Bottled Tornado","Velvet Choker","Ginger","Turnip","HollowMod:PaleOreRelic","construct:RocketBooster","ClockworkSouvenir"],"acts_visited":["Exordium","TheCity","TheBeyond","TheEnding"],"potions_floor_usage":[23,23,31,31],"damage_taken":[{"damage":6,"enemies":"Cultist","floor":1,"turns":5},{"damage":3,"enemies":"2 Louse","floor":2,"turns":3},{"damage":38,"enemies":"Lagavulin","floor":6,"turns":7},{"damage":16,"enemies":"HollowMod:MossKnight","floor":8,"turns":12},{"damage":0,"enemies":"Small Slimes","floor":10,"turns":2},{"damage":0,"enemies":"3 Louse","floor":13,"turns":2},{"damage":5,"enemies":"Large Slime","floor":14,"turns":6},{"damage":17,"enemies":"The Guardian","floor":16,"turns":12},{"damage":8,"enemies":"Chosen","floor":18,"turns":6},{"damage":3,"enemies":"3 Byrds","floor":20,"turns":6},{"damage":10,"enemies":"Cultist and Chosen","floor":22,"turns":6},{"damage":25,"enemies":"Book of Stabbing","floor":23,"turns":5},{"damage":12,"enemies":"HollowMod:Nosk","floor":25,"turns":7},{"damage":16,"enemies":"Snake Plant","floor":27,"turns":5},{"damage":0,"enemies":"Snecko","floor":29,"turns":3},{"damage":2,"enemies":"Cultist and Chosen","floor":30,"turns":5},{"damage":38,"enemies":"Slavers","floor":31,"turns":6},{"damage":4,"enemies":"Champ","floor":33,"turns":8},{"damage":0,"enemies":"Orb Walker","floor":35,"turns":3},{"damage":12,"enemies":"Mind Bloom Boss Battle","floor":36,"turns":6},{"damage":0,"enemies":"3 Shapes","floor":37,"turns":5},{"damage":7,"enemies":"Transient","floor":38,"turns":5},{"damage":3,"enemies":"2 Orb Walkers","floor":40,"turns":4},{"damage":28,"enemies":"Nemesis","floor":42,"turns":5},{"damage":9,"enemies":"Writhing Mass","floor":45,"turns":4},{"damage":23,"enemies":"Giant Head","floor":46,"turns":7},{"damage":5,"enemies":"3 Darklings","floor":48,"turns":4},{"damage":103,"enemies":"Time Eater","floor":50,"turns":8},{"damage":155,"enemies":"Shield and Spear","floor":54,"turns":6}],"seed_played":"9074730928020679452","potions_obtained":[{"floor":2,"key":"champ:CounterPotion"},{"floor":6,"key":"DuplicationPotion"},{"floor":8,"key":"FearPotion"},{"floor":23,"key":"HeartOfIron"},{"floor":31,"key":"SpeedPotion"},{"floor":33,"key":"Strength Potion"},{"floor":36,"key":"DuplicationPotion"}],"is_trial":false,"path_per_floor":["M","M","$","?","$","E","R","E","T","M","R","?","M","M","R","B",null,"M","?","M","?","M","E","R","E","T","M","$","M","M","E","R","B",null,"M","?","M","M","$","?","R","E","T","R","M","E","$","M","R","B",null,"R","$","E"],"character_chosen":"IRONCLAD","items_purchased":["Rampage","Shrug It Off","War Paint","DuplicationPotion","Reaper","Flame Barrier","ClockworkSouvenir","Shrug It Off"],"campfire_rested":4,"item_purchase_floors":[3,3,28,28,39,39,47,53],"current_hp_per_floor":[62,59,59,59,59,21,21,5,5,5,27,27,27,22,22,5,58,50,50,47,41,31,16,41,43,43,27,42,42,40,2,31,27,81,81,69,72,65,80,80,80,69,69,100,97,105,105,100,100,55,93,93,105,0,0],"gold":25,"neow_bonus":"BOSS_RELIC","is_daily":false,"chose_seed":false,"campfire_upgraded":4,"win_rate":0.0,"timestamp":1608350496,"path_taken":["M","M","$","?","?","E","R","E","T","M","R","?","M","M","R","BOSS","M","?","M","?","M","E","R","E","T","M","$","M","M","E","R","BOSS","M","?","M","M","$","?","R","E","T","R","M","E","?","?","R","BOSS","R","$","E"],"items_purchased_type":["Card","Card","Relic","Potion","Card","Card","Relic","Card"],"build_version":"2020-12-13","purchased_purges":2,"victory":false,"max_hp_per_floor":[75,75,75,75,75,75,75,75,75,75,75,75,75,75,75,75,75,75,75,75,75,75,85,85,99,99,99,99,99,99,99,99,99,99,99,99,102,102,102,105,105,105,105,105,105,105,105,105,105,105,105,105,105,108,108],"card_choices":[{"not_picked":["Armaments","Wild Strike"],"picked":"Sword Boomerang","floor":1},{"not_picked":["Wild Strike","Heavy Blade"],"picked":"Cleave","floor":2},{"not_picked":["Infernal Blade","Flex"],"picked":"Pommel Strike","floor":6},{"not_picked":["Sword Boomerang","Warcry"],"picked":"Clothesline","floor":8},{"not_picked":["Anger","Wild Strike"],"picked":"Power Through","floor":10},{"not_picked":["Warcry","Blood for Blood"],"picked":"Shrug It Off","floor":13},{"not_picked":["Sever Soul","Sword Boomerang"],"picked":"Battle Trance","floor":14},{"not_picked":["Immolate","Offering"],"picked":"Demon Form+1","floor":16},{"not_picked":["Armaments+1","Flex"],"picked":"Hemokinesis","floor":18},{"not_picked":["Second Wind","Havoc","Headbutt"],"picked":"SKIP","floor":20},{"not_picked":["Headbutt","Iron Wave","Battle Trance+1"],"picked":"SKIP","floor":22},{"not_picked":["Clothesline","Blood for Blood"],"picked":"Dual Wield","floor":23},{"not_picked":["Intimidate","Pommel Strike"],"picked":"Demon Form+1","floor":25},{"not_picked":["Seeing Red","Rampage","Perfected Strike"],"picked":"SKIP","floor":27},{"not_picked":["Body Slam+1","Anger","Reckless Charge"],"picked":"SKIP","floor":29},{"not_picked":["Anger+1","Rupture+1"],"picked":"Corruption+1","floor":30},{"not_picked":["Thunderclap","Corruption+1","Battle Trance"],"picked":"SKIP","floor":31},{"not_picked":["Berserk+1","Juggernaut+1"],"picked":"Feed","floor":33},{"not_picked":["Dual Wield","Perfected Strike"],"picked":"True Grit","floor":35},{"not_picked":["Fire Breathing+1","Body Slam","Twin Strike"],"picked":"SKIP","floor":37},{"not_picked":["Clash","Armaments","Searing Blow+1"],"picked":"SKIP","floor":38},{"not_picked":["Sever Soul","Rage"],"picked":"Uppercut","floor":42},{"not_picked":["Sword Boomerang","True Grit","Havoc"],"picked":"SKIP","floor":45},{"not_picked":["Armaments","Intimidate","Anger"],"picked":"SKIP","floor":46},{"not_picked":["Anger","Sentinel"],"picked":"Dark Embrace+1","floor":48}],"player_experience":805191,"relics_obtained":[{"floor":6,"key":"Bag of Preparation"},{"floor":8,"key":"MealTicket"},{"floor":9,"key":"Frozen Egg 2"},{"floor":23,"key":"Pear"},{"floor":25,"key":"Mango"},{"floor":26,"key":"Nunchaku"},{"floor":31,"key":"Bottled Tornado"},{"floor":36,"key":"Ginger"},{"floor":40,"key":"Turnip"},{"floor":42,"key":"HollowMod:PaleOreRelic"},{"floor":46,"key":"construct:RocketBooster"}],"event_choices":[{"damage_healed":0,"gold_gain":0,"cards_transformed":["Strike_R"],"player_choice":"Transformed","damage_taken":0,"max_hp_gain":0,"max_hp_loss":0,"event_name":"Transmorgrifier","floor":4,"gold_loss":0,"cards_obtained":["Anger"]},{"damage_healed":0,"gold_gain":0,"player_choice":"Grow","damage_taken":0,"max_hp_gain":0,"max_hp_loss":0,"event_name":"Living Wall","floor":12,"gold_loss":0,"cards_upgraded":["Clothesline"]},{"damage_healed":0,"gold_gain":0,"player_choice":"Ignored","damage_taken":0,"max_hp_gain":0,"max_hp_loss":0,"event_name":"The Mausoleum","floor":19,"gold_loss":0},{"damage_healed":0,"gold_gain":0,"player_choice":"Joined the Cult","damage_taken":6,"max_hp_gain":0,"max_hp_loss":0,"event_name":"Nest","floor":21,"gold_loss":0,"cards_obtained":["RitualDagger"]},{"damage_healed":0,"gold_gain":0,"player_choice":"Fight","damage_taken":0,"max_hp_gain":0,"max_hp_loss":0,"event_name":"MindBloom","floor":36,"gold_loss":0},{"damage_healed":0,"gold_gain":0,"player_choice":"Fight","damage_taken":0,"max_hp_gain":0,"max_hp_loss":0,"event_name":"Mysterious Sphere","floor":40,"gold_loss":0}],"is_beta":false,"boss_relics":[{"not_picked":["Coffee Dripper","Cursed Key"],"picked":"Snecko Eye"},{"not_picked":["Busted Crown","Fusion Hammer"],"picked":"Velvet Choker"}],"items_purged_floors":[28,39],"is_endless":false,"potions_floor_spawned":[2,6,8,14,18,23,30,31,33,36,37,38],"killed_by":"Shield and Spear","ascension_level":16}}