{"host":"txhhdwa0hqfs4jhb","time":1608392602,"event":{"mods":["AchievementEnabler","BaseMod","Better Third Choice","Downfall","Filter the Spire","Minty Spire (QoL Compilation)","Relic Stats","Replay The Spire","StSLib","Thieving Mod"],"gold_per_floor":[214,214,232,248,262,297,310,343,368,368,368],"floor_reached":10,"playtime":582,"items_purged":[],"score":112,"play_id":"8b9f10c7-8469-41cd-98ac-ef2aff462603","local_time":"20201219154322","is_ascension_mode":true,"campfire_choices":[],"circlet_count":0,"master_deck":["Strike_G","Strike_G","Strike_G","Strike_G","Strike_G","Defend_G","Defend_G","Defend_G","Defend_G","Defend_G","Survivor","Neutralize","CommonCold","Backstab","Backstab","Acrobatics","Blade Dance","Venomology","Bullet Time"],"relics":["Replay:Wanted Poster","Sizzling Blood","Pet Ghost","Bronze Scales","Dream Catcher"],"acts_visited":["Exordium"],"potions_floor_usage":[6,8,8,10],"damage_taken":[{"damage":0.0,"enemies":"2 Louse","floor":1.0,"turns":13.0},{"damage":8.0,"enemies":"Jaw Worm","floor":3.0,"turns":6.0},{"damage":1.0,"enemies":"Small Slimes","floor":4.0,"turns":3.0},{"damage":5.0,"enemies":"Exordium Thugs","floor":5.0,"turns":4.0},{"damage":33,"enemies":"3 Sentries","floor":6,"turns":8},{"damage":9,"enemies":"Blue Slaver","floor":7,"turns":2},{"damage":44,"enemies":"Gremlin Nob","floor":8,"turns":4},{"damage":26,"enemies":"Lagavulin","floor":10,"turns":5}],"seed_played":"1487784787346946196","potions_obtained":[{"floor":4.0,"key":"Fire Potion"},{"floor":5.0,"key":"PowerPotion"},{"floor":6,"key":"SkillPotion"},{"floor":8,"key":"Energy Potion"}],"is_trial":false,"path_per_floor":["M","?","M","M","M","E","M","E","T","E"],"character_chosen":"THE_SILENT","items_purchased":[],"campfire_rested":0,"item_purchase_floors":[],"current_hp_per_floor":[63,67,63,66,65,36,31,26,26,0,0],"gold":368,"neow_bonus":"CURSED_BOSS_RELIC","is_daily":false,"chose_seed":false,"campfire_upgraded":0,"win_rate":0.0,"timestamp":1608392602,"path_taken":["M","?","M","M","M","E","M","E","T","E"],"items_purchased_type":[],"build_version":"2020-12-13","purchased_purges":0,"victory":false,"max_hp_per_floor":[70,74,74,74,74,74,74,74,74,74,74],"relic_stats":{"Dream Catcher":0,"counters":[8,45],"Bronze Scales":[6],"obtain_stats":[{"Replay:Wanted Poster":0,"Dream Catcher":9,"Bronze Scales":8,"Sizzling Blood":2,"Pet Ghost":6,"Ring of the Snake":0},{"Replay:Wanted Poster":0,"Dream Catcher":7,"Bronze Scales":7,"Sizzling Blood":1,"Pet Ghost":5,"Ring of the Snake":0},{"Replay:Wanted Poster":0,"Dream Catcher":40,"Bronze Scales":40,"Sizzling Blood":13,"Pet Ghost":34,"Ring of the Snake":0}]},"card_choices":[{"not_picked":["Deadly Poison","Cloak And Dagger"],"picked":"Backstab","floor":1.0},{"not_picked":["Underhanded Strike","Calculated Gamble"],"picked":"Backstab","floor":3.0},{"not_picked":["Heel Hook","Caltrops"],"picked":"Acrobatics","floor":4.0},{"not_picked":["Dodge and Roll","Underhanded Strike"],"picked":"Blade Dance","floor":5.0},{"not_picked":["Quick Slash","Deadly Poison"],"picked":"Venomology","floor":6},{"not_picked":["Deflect","Underhanded Strike","Outmaneuver"],"picked":"SKIP","floor":7},{"not_picked":["Underhanded Strike","Tools of the Trade"],"picked":"Bullet Time","floor":8}],"player_experience":216151,"relics_obtained":[{"floor":6,"key":"Pet Ghost"},{"floor":8,"key":"Bronze Scales"},{"floor":9,"key":"Dream Catcher"}],"event_choices":[],"is_beta":false,"boss_relics":[],"items_purged_floors":[],"is_endless":false,"potions_floor_spawned":[4,5,6,8],"killed_by":"Lagavulin","ascension_level":8}}