{"host":"y9jgkjnf95sujozk","time":1608392933,"event":{"mods":["2.2 Compatiblity","AchievementEnabler","BaseMod","Block Reminder","Colored Map","Colored Powertips","Downfall","Friendly Minions","GifTheSpireLib","Hermit","Highlight Path","MarisaÅiñ∂âJÅ@ñÇóùçπÅj","Minty Spire (QoL Compilation)","Random Character Button","Rare Cards Sparkle","Replay The Spire","StSLib","SuperFastMode","The Animator","The Bug Knight","The Cursed","The Servant 0.9.4"],"gold_per_floor":[114,132,148,148,168,199,199,215,215,215,215,322,333,42,42,137,137,157,176,136,147,171,171,171,204,204,204,204,221,240,275,275,275,275],"floor_reached":33,"playtime":1255,"items_purged":[],"score":389,"play_id":"aa5d2cfe-54c4-4b79-b197-a19eaeb774f4","local_time":"20201219164853","is_ascension_mode":false,"campfire_choices":[{"floor":7,"key":"REST"},{"floor":10,"key":"REST"},{"data":"Replay:Parry","floor":15,"key":"SMITH"},{"floor":23,"key":"REST"},{"floor":27,"key":"REST"},{"floor":32,"key":"REST"}],"circlet_count":0,"master_deck":["sneckomod:Strike","sneckomod:Strike","sneckomod:Strike+1","sneckomod:Defend","sneckomod:Defend","sneckomod:Defend","sneckomod:TailWhip","sneckomod:SnekBite","sneckomod:Unknown","sneckomod:Unknown","sneckomod:ImprovisedGuard","sneckomod:UnknownX","sneckomod:UnknownBlock","sneckomod:UnknownBlock","sneckomod:Unknown1Cost","sneckomod:Rotation","sneckomod:UnknownCommonSkill","sneckomod:DiceBoulder+1","sneckomod:UnknownClassGUARDIAN","sneckomod:SerpentIdol","sneckomod:SlitherStrike","sneckomod:Unknown0Cost","sneckomod:Unknown0Cost","sneckomod:UnknownUncommonPower","Replay:Parry+1","sneckomod:Unknown3Cost","CurseOfTheBell","sneckomod:UnknownBlock+1","sneckomod:UnknownClassRED+1","sneckomod:UnknownBlock","sneckomod:UnknownCommonSkill","Ghostly","Ghostly","Ghostly","Ghostly","Ghostly","sneckomod:UnknownClassPURPLE","sneckomod:RainOfDice","sneckomod:WideSting+1","sneckomod:UnknownClassTHE_UNNAMED"],"relics":["sneckomod:SneckoSoul","Boot","HollowMod:LifeEnderRelic","Incense Burner","Pondfish Scales","Calling Bell","Smiling Mask","White Beast Statue","Du-Vu Doll","Ginger","Gremlin Horn","Whetstone"],"acts_visited":["Exordium","TheCity"],"potions_floor_usage":[6,16,16,21,21,22,25,30,30,31,31,33],"damage_taken":[{"damage":8,"enemies":"Jaw Worm","floor":1,"turns":3},{"damage":0,"enemies":"Small Slimes","floor":2,"turns":4},{"damage":0,"enemies":"2 Louse","floor":3,"turns":3},{"damage":12,"enemies":"Large Slime","floor":5,"turns":4},{"damage":18,"enemies":"3 Sentries","floor":6,"turns":15},{"damage":1,"enemies":"Exordium Thugs","floor":8,"turns":6},{"damage":0,"enemies":"Red Slaver","floor":13,"turns":6},{"damage":53,"enemies":"Fading Forest","floor":16,"turns":11},{"damage":16,"enemies":"Chosen","floor":18,"turns":6},{"damage":39,"enemies":"3 Byrds","floor":19,"turns":6},{"damage":58,"enemies":"Cultist and Chosen","floor":21,"turns":11},{"damage":10,"enemies":"Shelled Parasite and Fungi","floor":22,"turns":6},{"damage":30,"enemies":"Slavers","floor":25,"turns":8},{"damage":2,"enemies":"Snecko","floor":29,"turns":7},{"damage":6,"enemies":"Snake Plant","floor":30,"turns":8},{"damage":6,"enemies":"Book of Stabbing","floor":31,"turns":8},{"damage":34,"enemies":"Champ","floor":33,"turns":14}],"seed_played":"8648772709001266285","potions_obtained":[{"floor":2,"key":"Energy Potion"},{"floor":8,"key":"Energy Potion"},{"floor":13,"key":"PowerPotion"},{"floor":18,"key":"Dexterity Potion"},{"floor":19,"key":"hexamod:EctoCoolerPotion"},{"floor":21,"key":"Slimebound:ThreeZeroPotion"},{"floor":22,"key":"SpeedPotion"},{"floor":25,"key":"Dexterity Potion"},{"floor":29,"key":"SkillPotion"},{"floor":30,"key":"Energy Potion"},{"floor":31,"key":"Venom Potion"}],"is_trial":false,"path_per_floor":["M","M","M","?","M","E","R","M","T","R","?","?","M","$","R","B",null,"M","M","?","M","M","R","?","E","T","R","?","M","M","E","R","B"],"character_chosen":"THE_SNECKO","items_purchased":["sneckomod:SlitherStrike","sneckomod:Unknown0Cost","sneckomod:UnknownUncommonPower","Replay:Parry"],"campfire_rested":5,"item_purchase_floors":[14,14,14,14],"current_hp_per_floor":[82,83,84,84,73,56,84,83,83,94,99,101,101,104,104,62,105,90,66,66,11,2,34,34,5,5,21,21,21,15,10,26,0,0],"gold":275,"neow_bonus":"RANDOM_COMMON_RELIC","is_daily":false,"chose_seed":false,"campfire_upgraded":1,"win_rate":0.0,"timestamp":1608392933,"path_taken":["M","M","M","?","M","E","R","M","T","R","?","?","?","?","R","BOSS","M","M","?","?","M","R","?","E","T","R","?","M","?","E","R","BOSS"],"items_purchased_type":["Card","Card","Card","Card"],"build_version":"2020-12-13","purchased_purges":0,"victory":false,"max_hp_per_floor":[90,91,92,92,93,94,94,94,94,94,99,101,101,104,104,105,105,106,107,107,108,109,109,54,55,55,55,55,55,55,56,56,56,56],"card_choices":[{"not_picked":["sneckomod:QuickMove","sneckomod:UnknownWeak"],"picked":"sneckomod:ImprovisedGuard","floor":1},{"not_picked":["sneckomod:UnknownBlock","sneckomod:UnknownClassTHE_CURSED_PURPLE"],"picked":"sneckomod:UnknownX","floor":2},{"not_picked":["sneckomod:UnknownClassMARISA_DERIVATIONS","sneckomod:QuickBite"],"picked":"sneckomod:UnknownBlock","floor":3},{"not_picked":["sneckomod:Rotation","sneckomod:UnknownStrike"],"picked":"sneckomod:UnknownBlock","floor":5},{"not_picked":["sneckomod:UnknownClassBUGKNIGHT_GRAY_COLOR","sneckomod:UnknownRareAttack"],"picked":"sneckomod:Unknown1Cost","floor":6},{"not_picked":["sneckomod:UnknownClassMARISA_COLOR","sneckomod:PureSnecko"],"picked":"sneckomod:Rotation","floor":8},{"not_picked":["sneckomod:SoulRoll","sneckomod:DiceBlock"],"picked":"sneckomod:UnknownCommonSkill","floor":12},{"not_picked":["sneckomod:QuickMove","sneckomod:RainOfDice"],"picked":"sneckomod:DiceBoulder","floor":12},{"not_picked":["sneckomod:DiceBlock","sneckomod:QuickMove"],"picked":"sneckomod:UnknownClassGUARDIAN","floor":12},{"not_picked":["sneckomod:RainOfDice","sneckomod:UnknownX"],"picked":"sneckomod:SerpentIdol","floor":13},{"not_picked":["sneckomod:UnknownRarePower","sneckomod:UnlimitedRolls"],"picked":"sneckomod:Unknown3Cost","floor":16},{"not_picked":["sneckomod:QuickBite","sneckomod:WideSting"],"picked":"sneckomod:UnknownBlock+1","floor":18},{"not_picked":["sneckomod:SoulDraw+1","sneckomod:UnknownUncommonSkill+1"],"picked":"sneckomod:UnknownClassRED","floor":19},{"not_picked":["sneckomod:SnakeSap","sneckomod:SnekBeam+1"],"picked":"sneckomod:UnknownBlock","floor":21},{"not_picked":["sneckomod:MasterEye+1","sneckomod:Nope"],"picked":"sneckomod:UnknownCommonSkill","floor":22},{"not_picked":["sneckomod:SoulDraw","sneckomod:SerpentMind"],"picked":"sneckomod:UnknownClassPURPLE","floor":25},{"not_picked":["sneckomod:QuickMove","sneckomod:IronFang"],"picked":"sneckomod:RainOfDice","floor":29},{"not_picked":["sneckomod:SoulRoll","sneckomod:UnknownVulnerable"],"picked":"sneckomod:WideSting+1","floor":30},{"not_picked":["sneckomod:UnknownVulnerable","sneckomod:UnknownUncommonAttack+1"],"picked":"sneckomod:UnknownClassTHE_UNNAMED","floor":31}],"player_experience":111702,"relics_obtained":[{"floor":6,"key":"Incense Burner"},{"floor":9,"key":"Pondfish Scales"},{"floor":17,"key":"Smiling Mask"},{"floor":17,"key":"White Beast Statue"},{"floor":17,"key":"Du-Vu Doll"},{"floor":25,"key":"Ginger"},{"floor":26,"key":"Gremlin Horn"},{"floor":31,"key":"Whetstone"}],"event_choices":[{"damage_healed":0,"gold_gain":0,"player_choice":"Donut","damage_taken":0,"max_hp_gain":5,"max_hp_loss":0,"event_name":"Big Fish","floor":11,"gold_loss":0},{"damage_healed":0,"gold_gain":0,"player_choice":"Upgrade","damage_taken":0,"max_hp_gain":0,"max_hp_loss":0,"event_name":"Designer","floor":20,"gold_loss":40,"cards_upgraded":["sneckomod:UnknownClassRED"]},{"damage_healed":0,"gold_gain":0,"player_choice":"Became a Ghost","damage_taken":0,"max_hp_gain":0,"max_hp_loss":55,"event_name":"Ghosts","floor":24,"gold_loss":0,"cards_obtained":["Ghostly","Ghostly","Ghostly","Ghostly","Ghostly"]},{"cards_removed":["ReplayTheSpireMod:Splinters","sneckomod:Bewildered"],"damage_healed":0,"gold_gain":0,"player_choice":"Removed Curses","damage_taken":0,"max_hp_gain":0,"max_hp_loss":0,"event_name":"Fountain of Cleansing","floor":28,"gold_loss":0}],"is_beta":false,"boss_relics":[{"not_picked":["Ectoplasm","Runic Dome"],"picked":"Calling Bell"}],"items_purged_floors":[],"is_endless":false,"potions_floor_spawned":[2,8,13,18,19,21,22,25,29,30,31],"killed_by":"Champ","ascension_level":0}}