{"host":"y8lj6eu4rxnc2qvr","time":1608337053,"event":{"mods":["BaseMod","Downfall","Minty Spire (QoL Compilation)","StSLib"],"gold_per_floor":[99,115,132,165,165,181,181,181,181,193,210,51,151,16,26,26,26],"floor_reached":16,"playtime":1058,"items_purged":["Slimebound:Strike_Slimebound"],"score":102,"play_id":"410285ee-67ea-4955-b0bb-7137ae77f36e","local_time":"20201218191733","is_ascension_mode":false,"campfire_choices":[{"data":"Slimebound:CorrosiveSpit","floor":1,"key":"SMITH"},{"data":"Slimebound:RejuvenatingLick","floor":9,"key":"SMITH"}],"circlet_count":0,"master_deck":["Slimebound:Strike_Slimebound","Slimebound:Tackle","Slimebound:Defend_Slimebound","Slimebound:Defend_Slimebound","Slimebound:Split","Slimebound:CorrosiveSpit+1","Slimebound:SplitLeeching","Slimebound:ViciousTackle","Slimebound:RejuvenatingLick+1","Slimebound:Overexert","Slimebound:RejuvenatingLick","Slimebound:SamplingLick","Slimebound:RollThrough+1","Slimebound:Prepare","Slimebound:DouseInSlime","Slimebound:LeechingTouch","Slimebound:Teamwork","Slimebound:ComboTackle"],"relics":["Slimebound:AbsorbEndCombat","Calipers","downfall:BrokenWingStatue","WingedGreaves"],"acts_visited":["Exordium"],"potions_floor_usage":[11,12,14],"damage_taken":[{"damage":8,"enemies":"Jaw Worm","floor":2,"turns":3},{"damage":12,"enemies":"Cultist","floor":3,"turns":3},{"damage":30,"enemies":"3 Sentries","floor":4,"turns":8},{"damage":16,"enemies":"2 Louse","floor":6,"turns":2},{"damage":12,"enemies":"Large Slime","floor":10,"turns":4},{"damage":27,"enemies":"Gremlin Gang","floor":11,"turns":3},{"damage":19,"enemies":"downfall:FleeingMerchant","floor":12,"turns":4},{"damage":39,"enemies":"downfall:Heads","floor":13,"turns":5},{"damage":8,"enemies":"downfall:FleeingMerchant","floor":14,"turns":4},{"damage":12,"enemies":"Blue Slaver","floor":15,"turns":2},{"damage":51,"enemies":"downfall:Silent","floor":16,"turns":4}],"seed_played":"9166759989898998334","potions_obtained":[{"floor":3,"key":"Block Potion"},{"floor":4,"key":"LiquidMemories"},{"floor":6,"key":"EssenceOfSteel"}],"is_trial":false,"path_per_floor":["R","M","M","E","?","M","T","?","R","M","M","$","?","$","M","B"],"character_chosen":"SLIMEBOUND","items_purchased":["Slimebound:Prepare","FairyPotion","Slimebound:ComboTackle"],"campfire_rested":0,"item_purchase_floors":[12,14,14],"current_hp_per_floor":[66,66,62,42,42,36,36,36,36,38,29,30,9,19,17,0,0],"gold":26,"neow_bonus":"TEN_PERCENT_HP_BONUS","is_daily":false,"chose_seed":false,"campfire_upgraded":2,"win_rate":0.0,"timestamp":1608337053,"path_taken":["R","M","M","E","?","M","T","?","R","M","?","$","?","?","M","BOSS"],"items_purchased_type":["Card","Potion","Card"],"build_version":"2020-12-13","purchased_purges":1,"victory":false,"max_hp_per_floor":[66,66,66,66,66,66,66,66,66,66,66,66,66,66,66,66,66],"card_choices":[{"not_picked":["Slimebound:LeadByExample","Slimebound:ViciousTackle"],"picked":"Slimebound:SplitLeeching","floor":2},{"not_picked":["Slimebound:Equalize","Slimebound:LeadByExample"],"picked":"Slimebound:ViciousTackle","floor":3},{"not_picked":["Slimebound:FlameTackle","Slimebound:SplitAcid"],"picked":"Slimebound:RejuvenatingLick","floor":4},{"not_picked":["Slimebound:SplitAcid","Slimebound:ViciousTackle"],"picked":"Slimebound:Overexert","floor":6},{"not_picked":["Slimebound:SpikyOuterGoop","Slimebound:SplitAcid"],"picked":"Slimebound:RejuvenatingLick","floor":10},{"not_picked":["Slimebound:AcidTongue","Slimebound:BestDefense"],"picked":"Slimebound:SamplingLick","floor":11},{"not_picked":["Slimebound:Schlurp","Slimebound:GrowthPunch"],"picked":"Slimebound:RollThrough","floor":12},{"not_picked":["Slimebound:BestDefense","Slimebound:ViciousTackle"],"picked":"Slimebound:LeechingTouch","floor":13},{"not_picked":["Slimebound:BestDefense","Slimebound:RejuvenatingLick"],"picked":"Slimebound:Teamwork","floor":14},{"not_picked":["Slimebound:SplitAcid","Slimebound:ComboTackle","Slimebound:SplitBruiser"],"picked":"SKIP","floor":15}],"player_experience":38566,"relics_obtained":[{"floor":4,"key":"Calipers"},{"floor":7,"key":"WingedGreaves"}],"event_choices":[{"cards_removed":["Slimebound:Defend_Slimebound"],"damage_healed":0,"gold_gain":0,"player_choice":"Purged","damage_taken":0,"max_hp_gain":0,"max_hp_loss":0,"event_name":"Purifier","floor":8,"gold_loss":0}],"is_beta":false,"boss_relics":[],"items_purged_floors":[12],"is_endless":false,"potions_floor_spawned":[3,4,6],"killed_by":"downfall:Silent","ascension_level":0}}