{"host":"qwp6882a7gaon7u5","time":1608374903,"event":{"mods":["BaseMod","BetterRewards","Minty Spire (QoL Compilation)","Red Circlet Mod","Replay The Spire","Spicy Shops","StSLib","Youmu£®ªÍ∆«—˝√Œ£©","°æ“≈ŒÔø®≈∆°øREMEMod"],"gold_per_floor":[120,20,95,95,122,122,162,15,91,91,115,154,154,171,171,308,371,397,397,447,488,531,531,584,647,647,708,748,848,848,914,914,1054,1054,1086,1172,1172,1172],"floor_reached":37,"playtime":2613,"items_purged":["Defend_YM","Strike_YM"],"score":635,"play_id":"163eccd8-aea8-4a25-bcf5-50f6214d210b","local_time":"20201219184823","is_ascension_mode":false,"campfire_choices":[{"data":"SwordOfBindingDesires","floor":6,"key":"SMITH"},{"floor":10,"key":"REST"},{"data":"REME_CopyPotion","floor":13,"key":"SMITH"},{"data":"ThreeKonsSevenHakus","floor":15,"key":"SMITH"},{"data":"HumanKnowledgeSword","floor":23,"key":"SMITH"},{"data":"HeavenSword","floor":30,"key":"SMITH"},{"data":"SlashOfDepartureFromHesitation","floor":32,"key":"SMITH"}],"circlet_count":0,"master_deck":["Strike_YM","Strike_YM","Strike_YM","Defend_YM","Defend_YM","Defend_YM","SlashOfPresentWorld","WheelOfPainOfLivingAndDead","REME_CopyPotion+1","SwordOfBindingDesires+1","LowerRealmReflectionSlash","CherryBlossomFlashing+1","ThreeKonsSevenHakus+1","HeavenlyHaloSlash","HeavenSword+1","HumanKnowledgeSword","HumanKnowledgeSword","HumanKnowledgeSword+1","SlashOfDepartureFromHesitation+1","HumanKnowledgeSword+1","SwordExtraction+1","PreachingAvici+1","CrescentMoonSlash"],"relics":["HalfPhantom","REME_ComplimentaryCards","Replay:Bandana","Golden Idol","PreservedInsect","Omamori","Chameleon Ring","Oddly Smooth Stone","Tiny House","Meat on the Bone","Blood Vial","Onion Ring","Garlic","Replay:Baseball","SlaversCollar","Pocketwatch"],"acts_visited":["Exordium","TheCity","TheBeyond"],"potions_floor_usage":[25,33,36],"damage_taken":[{"damage":3,"enemies":"Cultist","floor":1,"turns":5},{"damage":1,"enemies":"Jaw Worm","floor":5,"turns":5},{"damage":24,"enemies":"3 Sentries","floor":7,"turns":12},{"damage":0,"enemies":"2 Louse","floor":11,"turns":2},{"damage":6,"enemies":"Replay:BlueRogue","floor":12,"turns":5},{"damage":0,"enemies":"Blue Slaver","floor":14,"turns":3},{"damage":18,"enemies":"Hexaghost","floor":16,"turns":8},{"damage":0,"enemies":"Spheric Guardian","floor":18,"turns":3},{"damage":10,"enemies":"Chosen","floor":21,"turns":4},{"damage":11,"enemies":"Sentry and Sphere","floor":22,"turns":5},{"damage":0,"enemies":"3 Cultists","floor":24,"turns":4},{"damage":24,"enemies":"Slavers","floor":25,"turns":4},{"damage":13,"enemies":"Gremlin Leader","floor":27,"turns":6},{"damage":1,"enemies":"Centurion and Healer","floor":28,"turns":5},{"damage":15,"enemies":"Slavers","floor":31,"turns":3},{"damage":18,"enemies":"Collector","floor":33,"turns":11},{"damage":0,"enemies":"Orb Walker","floor":35,"turns":3},{"damage":60,"enemies":"2 Orb Walkers","floor":36,"turns":6}],"seed_played":"-8663944417184802377","potions_obtained":[{"floor":5,"key":"Reflective Coating"},{"floor":7,"key":"Adrenaline Potion"},{"floor":14,"key":"SteroidPotion"},{"floor":18,"key":"AttackPotion"},{"floor":27,"key":"Weak Potion"},{"floor":33,"key":"ColorlessPotion"},{"floor":36,"key":"Strength Potion"}],"is_trial":false,"path_per_floor":["M","$","?","?","M","R","E","$","T","R","M","E","R","M","R","B",null,"M","?","?","M","M","R","M","E","T","E","M","?","R","E","R","B",null,"M","?","?"],"character_chosen":"YOUMU","items_purchased":["Replay:Bandana","Omamori"],"campfire_rested":1,"item_purchase_floors":[0,8],"current_hp_per_floor":[66,66,55,55,54,54,30,30,30,50,50,44,44,44,44,26,74,74,74,74,64,53,53,53,46,46,47,48,48,48,47,47,43,74,74,26,0,0],"gold":1172,"neow_bonus":"","is_daily":false,"chose_seed":false,"campfire_upgraded":6,"win_rate":0.0,"timestamp":1608374903,"path_taken":["M","?","?","?","M","R","E","?","T","R","M","E","R","M","R","BOSS","M","?","?","?","M","R","M","E","T","E","M","?","R","E","R","BOSS","M","?","?"],"items_purchased_type":["Relic","Relic"],"build_version":"2020-12-13","purchased_purges":2,"victory":false,"max_hp_per_floor":[75,75,75,69,69,69,69,69,69,69,69,69,69,69,69,69,74,74,74,74,74,74,74,74,74,74,74,74,74,74,74,74,74,74,74,74,74,74],"card_choices":[{"not_picked":["RapidSlash","CherryBlossomFlashing"],"picked":"SwordOfBindingDesires","floor":1},{"not_picked":["FiveSignsOfTheDyingDeva","ConstancyOfTheConventionalTruth"],"picked":"LowerRealmReflectionSlash","floor":5},{"not_picked":["CrescentMoonSlash","GhostSword","WickedSoul"],"picked":"SKIP","floor":7},{"not_picked":["BizarrenessOfSixRealms","SlashOfMeditation"],"picked":"CherryBlossomFlashing","floor":11},{"not_picked":["LifeCuttingSword","FlashingScatteredFlowers"],"picked":"ThreeKonsSevenHakus","floor":12},{"not_picked":["ThoughtCuttingSword","SpiritCuttingSword"],"picked":"HeavenlyHaloSlash","floor":14},{"not_picked":["AsuraSword","MatsuyoiReflectingSatelliteSlash"],"picked":"HeavenSword","floor":16},{"not_picked":["KarmicPunishmentOfTheIdleAndUnfocused","LifeCuttingSword+1"],"picked":"HumanKnowledgeSword","floor":18},{"not_picked":["ASingleThoughtAndInfiniteKalpas","SanzenSekai"],"picked":"HumanKnowledgeSword","floor":21},{"not_picked":["ThreeKonsSevenHakus+1","PhosphoricSlash"],"picked":"HumanKnowledgeSword","floor":22},{"not_picked":["CrescentMoonSlash","SanzenSekai+1","BloodOfAsura"],"picked":"SKIP","floor":24},{"not_picked":["TwoHundredYojanaInOneSlash+1","LifeCuttingSword"],"picked":"SlashOfDepartureFromHesitation","floor":25},{"not_picked":["TurningAngelCut+1","CherryBlossomFlashing","SuddenPhantomFormationSlashOfKarmicWind+1"],"picked":"SKIP","floor":27},{"not_picked":["LifeCuttingSword","BloodOfAsura"],"picked":"HumanKnowledgeSword+1","floor":28},{"not_picked":["HumanKnowledgeSword+1","LowerRealmReflectionSlash"],"picked":"SwordExtraction+1","floor":31},{"not_picked":["DispleasureOfTheSevenHakus+1","TwoHundredYojanaInOneSlash+1"],"picked":"PreachingAvici+1","floor":35},{"not_picked":["ConstancyOfTheConventionalTruth+1","SwordOfBindingDesires+1"],"picked":"CrescentMoonSlash","floor":36}],"player_experience":145133,"relics_obtained":[{"floor":7,"key":"PreservedInsect"},{"floor":9,"key":"Chameleon Ring"},{"floor":12,"key":"Oddly Smooth Stone"},{"floor":25,"key":"Blood Vial"},{"floor":26,"key":"Onion Ring"},{"floor":27,"key":"Garlic"},{"floor":31,"key":"Replay:Baseball"},{"floor":36,"key":"Pocketwatch"}],"event_choices":[{"damage_healed":0,"gold_gain":75,"player_choice":"Gather Gold","damage_taken":11,"max_hp_gain":0,"max_hp_loss":0,"event_name":"World of Goop","floor":3,"gold_loss":0},{"damage_healed":0,"gold_gain":0,"player_choice":"Lose Max HP","damage_taken":0,"relics_obtained":["Golden Idol"],"max_hp_gain":0,"max_hp_loss":6,"event_name":"Golden Idol","floor":4,"gold_loss":0},{"damage_healed":0,"gold_gain":0,"player_choice":"Opened","damage_taken":0,"relics_obtained":["Meat on the Bone"],"max_hp_gain":0,"max_hp_loss":0,"event_name":"The Mausoleum","floor":19,"gold_loss":0},{"damage_healed":0,"gold_gain":100,"player_choice":"Bet on Murderer","damage_taken":0,"max_hp_gain":0,"max_hp_loss":0,"event_name":"The Joust","floor":20,"gold_loss":50},{"damage_healed":0,"gold_gain":100,"player_choice":"Pray","damage_taken":0,"max_hp_gain":0,"max_hp_loss":0,"event_name":"Golden Shrine","floor":29,"gold_loss":0},{"damage_healed":0,"gold_gain":0,"player_choice":"Fight","damage_taken":0,"max_hp_gain":0,"max_hp_loss":0,"event_name":"Mysterious Sphere","floor":36,"gold_loss":0}],"is_beta":false,"boss_relics":[{"not_picked":["Philosopher\u0027s Stone","Replay:Bronze Core"],"picked":"Tiny House"},{"not_picked":["Snecko Eye","Sozu"],"picked":"SlaversCollar"}],"items_purged_floors":[0,2],"is_endless":false,"potions_floor_spawned":[5,7,14,18,24,27,33,36],"ascension_level":0}}