{"host":"q9718omregw4er46","time":1608404065,"event":{"mods":["BaseMod","Bestiary","Colored Powertips","Minty Spire (QoL Compilation)","Quick Restart","Relic Stats"],"gold_per_floor":[112,131,149,149,166,166,201,201,201,230,99,126,126,153,153,225,225,242,167,179,179,179,211,211,211,211,211,53,83,83,103,103,177,177,191,207,56,56,70,97,110,125,194,194,194,206,206,237,237,237,237,237],"floor_reached":51,"playtime":3019,"items_purged":["Strike_B"],"score":1492,"play_id":"396881a3-5ee5-4413-9296-4c928389e920","local_time":"20201219235425","is_ascension_mode":true,"campfire_choices":[{"data":"Static Discharge","floor":6.0,"key":"SMITH"},{"floor":8.0,"key":"REST"},{"floor":13,"key":"REST"},{"data":"Capacitor","floor":15,"key":"SMITH"},{"data":"Fission","floor":24,"key":"SMITH"},{"data":"Ghostly","floor":30,"key":"SMITH"},{"data":"Ghostly","floor":32,"key":"SMITH"},{"data":"Seek","floor":44,"key":"SMITH"},{"data":"Amplify","floor":47,"key":"SMITH"},{"floor":49,"key":"RECALL"}],"circlet_count":0,"master_deck":["AscendersBane","Strike_B","Strike_B+1","Defend_B","Defend_B","Defend_B","Defend_B","Zap","Static Discharge+1","Go for the Eyes+1","Defragment+1","Chill","Fission+1","Coolheaded","Capacitor+1","Ball Lightning","Machine Learning","Glacier","Barrage","Ghostly+1","Ghostly+1","Ghostly","Hologram","Defragment+1","FTL","Compile Driver","Seek+1","Capacitor","Compile Driver","Amplify+1","Cold Snap","Biased Cognition","Defragment","FTL"],"relics":["Cracked Core","InkBottle","Kunai","Shuriken","Question Card","Bag of Preparation","Nuclear Battery","Sundial","Whetstone","Dream Catcher","Art of War","Nunchaku","Coffee Dripper","Symbiotic Virus","Ice Cream"],"acts_visited":["Exordium","TheCity","TheBeyond"],"potions_floor_usage":[14,40,50,51],"damage_taken":[{"damage":11.0,"enemies":"Cultist","floor":1.0,"turns":4.0},{"damage":3.0,"enemies":"Small Slimes","floor":2.0,"turns":3.0},{"damage":1.0,"enemies":"2 Louse","floor":3.0,"turns":3.0},{"damage":10.0,"enemies":"Blue Slaver","floor":5.0,"turns":4.0},{"damage":23.0,"enemies":"Gremlin Nob","floor":7.0,"turns":4.0},{"damage":6.0,"enemies":"Lagavulin","floor":10.0,"turns":6.0},{"damage":33,"enemies":"Gremlin Nob","floor":12,"turns":4},{"damage":8,"enemies":"3 Sentries","floor":14,"turns":15},{"damage":4,"enemies":"Hexaghost","floor":16,"turns":7},{"damage":19,"enemies":"Spheric Guardian","floor":18,"turns":4},{"damage":0,"enemies":"3 Byrds","floor":20,"turns":7},{"damage":6,"enemies":"Book of Stabbing","floor":23,"turns":7},{"damage":1,"enemies":"Slavers","floor":29,"turns":7},{"damage":0,"enemies":"Centurion and Healer","floor":31,"turns":7},{"damage":4,"enemies":"Collector","floor":33,"turns":10},{"damage":0,"enemies":"Orb Walker","floor":35,"turns":4},{"damage":0,"enemies":"3 Shapes","floor":36,"turns":4},{"damage":17,"enemies":"Transient","floor":39,"turns":6},{"damage":22,"enemies":"Nemesis","floor":40,"turns":7},{"damage":0,"enemies":"Jaw Worm Horde","floor":41,"turns":4},{"damage":0,"enemies":"4 Shapes","floor":42,"turns":4},{"damage":0,"enemies":"3 Darklings","floor":46,"turns":3},{"damage":0,"enemies":"Reptomancer","floor":48,"turns":6},{"damage":8,"enemies":"Donu and Deca","floor":50,"turns":8},{"damage":12,"enemies":"Awakened One","floor":51,"turns":6}],"seed_played":"-6250244514535333929","potions_obtained":[{"floor":1.0,"key":"Fire Potion"},{"floor":2.0,"key":"LiquidMemories"},{"floor":3.0,"key":"BlessingOfTheForge"},{"floor":16,"key":"BlessingOfTheForge"},{"floor":23,"key":"EssenceOfDarkness"},{"floor":29,"key":"FocusPotion"},{"floor":31,"key":"PotionOfCapacity"},{"floor":35,"key":"Regen Potion"},{"floor":41,"key":"Swift Potion"}],"is_trial":false,"path_per_floor":["M","M","M","?","M","R","E","R","T","E","$","E","R","E","R","B",null,"M","?","M","?","T","E","R","?","T","?","$","E","R","M","R","B",null,"M","M","$","?","M","E","M","M","T","R","?","M","R","E","R","B","B"],"character_chosen":"DEFECT","items_purchased":["Coolheaded","Art of War","Amplify"],"campfire_rested":2,"item_purchase_floors":[11,28,37],"current_hp_per_floor":[60,57,56,56,46,46,23,46,46,40,40,7,30,22,22,18,63,44,44,44,39,39,33,33,24,24,24,24,23,23,23,23,19,38,38,38,38,38,21,14,14,14,14,14,14,14,14,14,14,6,0,0],"gold":237,"neow_bonus":"TEN_PERCENT_HP_BONUS","is_daily":false,"chose_seed":false,"campfire_upgraded":7,"win_rate":0.0,"timestamp":1608404065,"path_taken":["M","M","?","?","?","R","E","R","T","E","$","E","R","E","R","BOSS","M","?","M","?","?","E","R","?","T","?","$","E","R","M","R","BOSS","M","M","$","?","M","E","M","M","T","R","?","M","R","E","R","BOSS","BOSS"],"items_purchased_type":["Card","Relic","Card"],"build_version":"2020-12-13","purchased_purges":1,"victory":false,"max_hp_per_floor":[78,78,78,78,78,78,78,78,78,78,78,78,78,78,78,78,78,78,78,78,39,39,39,39,44,44,44,44,44,44,44,44,44,44,44,44,44,44,44,44,44,44,44,44,42,42,42,42,42,42,42,42],"relic_stats":{"Dream Catcher":0,"Nunchaku":[18],"counters":[25,144],"Shuriken":[50],"Sundial":[18],"Bag of Preparation":[34],"Art of War":[10],"Kunai":[50],"Whetstone":["Strike_B","Go for the Eyes"],"Question Card":16,"obtain_stats":[{"Ice Cream":48,"Bag of Preparation":14,"Whetstone":23,"Question Card":12,"Nuclear Battery":17,"Dream Catcher":26,"Nunchaku":29,"Shuriken":10,"Sundial":22,"Art of War":28,"Coffee Dripper":34,"Kunai":9,"Cracked Core":0,"Symbiotic Virus":40,"InkBottle":7},{"Ice Cream":23,"Bag of Preparation":8,"Whetstone":12,"Question Card":7,"Nuclear Battery":9,"Dream Catcher":12,"Nunchaku":13,"Shuriken":6,"Sundial":11,"Art of War":12,"Coffee Dripper":15,"Kunai":5,"Cracked Core":0,"Symbiotic Virus":19,"InkBottle":5},{"Ice Cream":130,"Bag of Preparation":43,"Whetstone":68,"Question Card":28,"Nuclear Battery":50,"Dream Catcher":68,"Nunchaku":75,"Shuriken":24,"Sundial":61,"Art of War":68,"Coffee Dripper":92,"Kunai":18,"Cracked Core":0,"Symbiotic Virus":113,"InkBottle":18}],"InkBottle":[63]},"card_choices":[{"not_picked":["Compile Driver","Chill"],"picked":"Static Discharge","floor":1.0},{"not_picked":["Compile Driver","Streamline"],"picked":"Go for the Eyes","floor":2.0},{"not_picked":["Stack","Hologram"],"picked":"Defragment","floor":3.0},{"not_picked":["Reprogram","Hyperbeam","Rebound"],"picked":"SKIP","floor":5.0},{"not_picked":["Barrage","Redo"],"picked":"Chill","floor":7.0},{"not_picked":["Rebound","Cold Snap"],"picked":"Fission","floor":10.0},{"not_picked":["Turbo","Redo"],"picked":"Capacitor","floor":12},{"not_picked":["Sweeping Beam","Barrage","Streamline"],"picked":"Ball Lightning","floor":14},{"not_picked":["Multi-Cast","Fission","Buffer"],"picked":"Machine Learning","floor":16},{"not_picked":["Fusion","Static Discharge","Tempest"],"picked":"Glacier","floor":18},{"not_picked":["Rebound","Steam","Gash+1"],"picked":"Barrage","floor":20},{"not_picked":["Tempest","Hyperbeam","Streamline"],"picked":"Hologram","floor":23},{"not_picked":["Heatsinks","Barrage","Steam+1"],"picked":"FTL","floor":29},{"not_picked":["Tempest","Blizzard","Steam Power"],"picked":"Compile Driver","floor":31},{"not_picked":["Buffer","Fission","Machine Learning"],"picked":"Seek","floor":33},{"not_picked":["Steam+1","Ball Lightning+1","Sweeping Beam"],"picked":"Capacitor","floor":35},{"not_picked":["Beam Cell","Sunder","Leap+1","Compile Driver"],"picked":"SKIP","floor":36},{"not_picked":["Beam Cell","Sunder","Leap+1"],"picked":"Compile Driver","floor":36},{"not_picked":["Conserve Battery","Stack","Gash"],"picked":"Cold Snap","floor":39},{"not_picked":["Beam Cell","Darkness+1","Sweeping Beam+1","Compile Driver+1"],"picked":"SKIP","floor":40},{"not_picked":["Go for the Eyes","Sunder","Reinforced Body+1","Redo"],"picked":"SKIP","floor":41},{"not_picked":["Scrape","Stack","Aggregate"],"picked":"Biased Cognition","floor":42},{"not_picked":["Redo","Barrage","Lockon"],"picked":"Defragment","floor":46},{"not_picked":["Turbo","Scrape+1","Rebound"],"picked":"FTL","floor":48}],"player_experience":1063916,"relics_obtained":[{"floor":7.0,"key":"InkBottle"},{"floor":9.0,"key":"Kunai"},{"floor":10.0,"key":"Shuriken"},{"floor":12,"key":"Question Card"},{"floor":14,"key":"Bag of Preparation"},{"floor":22,"key":"Sundial"},{"floor":23,"key":"Whetstone"},{"floor":26,"key":"Dream Catcher"},{"floor":29,"key":"Nunchaku"},{"floor":40,"key":"Symbiotic Virus"},{"floor":48,"key":"Ice Cream"}],"event_choices":[{"damage_healed":0.0,"max_hp_gain":0.0,"max_hp_loss":0.0,"gold_gain":0.0,"event_name":"Upgrade Shrine","player_choice":"Upgraded","floor":4.0,"gold_loss":0.0,"damage_taken":0.0,"cards_upgraded":["Defragment"]},{"cards_removed":["Strike_B"],"damage_healed":0,"gold_gain":0,"player_choice":"Gave Gold","damage_taken":0,"max_hp_gain":0,"max_hp_loss":0,"event_name":"Beggar","floor":19,"gold_loss":75},{"damage_healed":0,"gold_gain":0,"player_choice":"Became a Ghost","damage_taken":0,"max_hp_gain":0,"max_hp_loss":39,"event_name":"Ghosts","floor":21,"gold_loss":0,"cards_obtained":["Ghostly","Ghostly","Ghostly"]},{"damage_healed":0,"gold_gain":0,"player_choice":"Shed Blood","damage_taken":14,"max_hp_gain":5,"max_hp_loss":0,"event_name":"Forgotten Altar","floor":25,"gold_loss":0},{"damage_healed":0,"gold_gain":0,"player_choice":"Copied","damage_taken":0,"max_hp_gain":0,"max_hp_loss":0,"event_name":"Duplicator","floor":27,"gold_loss":0,"cards_obtained":["Defragment"]},{"cards_removed":["Dualcast"],"damage_healed":0,"gold_gain":0,"player_choice":"Removed Skill","damage_taken":0,"max_hp_gain":0,"max_hp_loss":0,"event_name":"Falling","floor":38,"gold_loss":0},{"damage_healed":0,"gold_gain":0,"player_choice":"Max HP","damage_taken":0,"max_hp_gain":0,"max_hp_loss":2,"event_name":"Winding Halls","floor":45,"gold_loss":0}],"is_beta":false,"boss_relics":[{"not_picked":["Empty Cage","Calling Bell"],"picked":"Nuclear Battery"},{"not_picked":["Black Star","Inserter"],"picked":"Coffee Dripper"}],"items_purged_floors":[11],"is_endless":false,"potions_floor_spawned":[1,2,3,16,23,29,31,35,39,41,42],"killed_by":"Awakened One","ascension_level":20}}