{"host":"bux1pdxjwq4dkad9","time":1608369413,"event":{"mods":["ATMod(阿瑾Mod)","BaseMod","Colored Map","Minty Spire (QoL Compilation)","MostiFishMod","Quick Restart","Robot Space Explorer","StSLib","SuperFastMode","TestMod","【遗物Mod】简单游戏","【遗物卡牌】REMEMod"],"gold_per_floor":[209,209,224,224,242,275,292,292,316,349,105,105,135,150,150,226,226,238,158,83,83,99,125,143,172,196,96,107,136,16,16,16,89,89,106,125,125,125,125,153,164,164,191,221,221,246,276,300,300,300,300,300,300,22,66,66],"floor_reached":57,"playtime":828,"items_purged":["Strike_G","Strike_G","Strike_G","Strike_G+1","Defend_G"],"score":3832,"play_id":"0b6f4154-b8c5-4099-89a2-e97d2e74c34f","local_time":"20201219171653","is_ascension_mode":true,"campfire_choices":[{"data":"MostiFishMod:Opportunism","floor":12.0,"key":"SMITH"},{"data":"Dagger Spray","floor":15.0,"key":"SMITH"},{"floor":32.0,"key":"RECALL"},{"data":"Acrobatics","floor":42.0,"key":"SMITH"},{"data":"Blur","floor":49,"key":"SMITH"},{"data":"Survivor","floor":53,"key":"SMITH"}],"circlet_count":0,"master_deck":["AscendersBane","Defend_G","Defend_G","Defend_G","Defend_G","Survivor+1","Neutralize+1","AT_CaressingTears+1","MostiFishMod:Dislodge+1","PiercingWail","MostiFishMod:Opportunism+1","MostiFishMod:HiddenBlade+1","AT_EmpoweredMortalDraw+1","Backflip+1","Blur+1","Acrobatics+1","AT_WindFlip+1","MostiFishMod:Neurotoxin+1"],"relics":["Ring of the Snake","AT_ATBox","DaveBox","testmod-TestBox","EasyMod:Easy_2","testmod-IntensifyImprint","PatriotShield","Question Card","Vajra","testmod-TurbochargingSystem","testmod-AssaultLearning","BrkXgEgg","Ninja Scroll","ImportantClient","AT_MortalBlade","CultistMask","Pantograph","Snake Skull","testmod-LifeArmor","xbg","Bottled Lightning","Regal Pillow","Oddly Smooth Stone","Boot","CeramicFish","TheAbacus","AT_ForceNature"],"acts_visited":["Exordium","TheCity","TheBeyond","TheEnding"],"potions_floor_usage":[56,56,56],"damage_taken":[{"damage":0.0,"enemies":"Jaw Worm","floor":1.0,"turns":1.0},{"damage":0.0,"enemies":"2 Louse","floor":3.0,"turns":1.0},{"damage":0.0,"enemies":"Cultist","floor":5.0,"turns":1.0},{"damage":0.0,"enemies":"Gremlin Nob","floor":6.0,"turns":2.0},{"damage":0.0,"enemies":"2 Fungi Beasts","floor":7.0,"turns":1.0},{"damage":0.0,"enemies":"3 Sentries","floor":10.0,"turns":3.0},{"damage":0.0,"enemies":"Gremlin Nob","floor":13.0,"turns":2.0},{"damage":0.0,"enemies":"Lots of Slimes","floor":14.0,"turns":1.0},{"damage":0.0,"enemies":"Slime Boss","floor":16.0,"turns":1.0},{"damage":0.0,"enemies":"2 Thieves","floor":18.0,"turns":1.0},{"damage":0.0,"enemies":"Shell Parasite","floor":22.0,"turns":1.0},{"damage":0.0,"enemies":"Gremlin Leader","floor":23.0,"turns":1.0},{"damage":0.0,"enemies":"Snake Plant","floor":24.0,"turns":1.0},{"damage":0.0,"enemies":"Book of Stabbing","floor":25.0,"turns":1.0},{"damage":0.0,"enemies":"Snecko","floor":28.0,"turns":1.0},{"damage":0.0,"enemies":"Slavers","floor":29.0,"turns":1.0},{"damage":0.0,"enemies":"Collector","floor":33.0,"turns":1.0},{"damage":0.0,"enemies":"3 Darklings","floor":35.0,"turns":1.0},{"damage":0.0,"enemies":"Orb Walker","floor":36.0,"turns":1.0},{"damage":0.0,"enemies":"Nemesis","floor":40.0,"turns":1.0},{"damage":0.0,"enemies":"Sphere and 2 Shapes","floor":41.0,"turns":2.0},{"damage":0,"enemies":"Reptomancer","floor":44,"turns":1},{"damage":0,"enemies":"Giant Head","floor":47,"turns":1},{"damage":0,"enemies":"Jaw Worm Horde","floor":48,"turns":1},{"damage":0,"enemies":"Donu and Deca","floor":50,"turns":1},{"damage":0,"enemies":"Awakened One","floor":51,"turns":2},{"damage":0,"enemies":"Shield and Spear","floor":55,"turns":1},{"damage":0,"enemies":"The Heart","floor":56,"turns":5}],"seed_played":"6164352565463808446","potions_obtained":[{"floor":4.0,"key":"Poison Potion"},{"floor":4.0,"key":"SpeedPotion"},{"floor":6.0,"key":"PowerPotion"},{"floor":33.0,"key":"testmod-SpacePotion"},{"floor":36.0,"key":"AttackPotion"},{"floor":40.0,"key":"Weak Potion"}],"is_trial":false,"path_per_floor":["M","?","M","?","M","E","M","?","T","E","$","R","E","M","R","B",null,"M","$","?","?","M","E","M","E","T","$","M","E","$","?","R","B",null,"M","M","$","?","?","E","M","R","T","E","?","T","E","M","R","B","B",null,"R","$","E","B",null],"character_chosen":"THE_SILENT","items_purchased":["BrkXgEgg","TheAbacus"],"campfire_rested":0,"item_purchase_floors":[11,54],"current_hp_per_floor":[59,39,39,39,39,39,39,39,39,63,63,63,63,63,63,63,65,65,65,65,65,65,65,65,65,65,65,65,65,65,65,65,66,66,66,66,66,66,66,66,66,66,66,66,66,66,66,66,66,66,66,66,66,66,66,66],"gold":66,"neow_bonus":"HUNDRED_GOLD","is_daily":false,"chose_seed":false,"campfire_upgraded":5,"win_rate":0.0,"timestamp":1608369413,"path_taken":["M","?","M","?","?","E","M","?","T","E","$","R","E","M","R","BOSS","M","?","?","?","M","E","?","E","T","$","M","E","$","?","R","BOSS","M","M","$","?","?","E","?","R","T","E","?","?","E","M","R","BOSS","BOSS","R","$","E","BOSS"],"items_purchased_type":["Relic","Relic"],"build_version":"2020-12-13","purchased_purges":5,"victory":true,"max_hp_per_floor":[66,66,66,66,66,66,66,66,66,66,66,66,66,66,66,66,66,66,66,66,66,66,66,66,66,66,66,66,66,66,66,66,66,66,66,66,66,66,66,66,66,66,66,66,66,66,66,66,66,66,66,66,66,66,66,66],"card_choices":[{"not_picked":["Quick Slash","PiercingWail","Sucker Punch"],"picked":"SKIP","floor":1.0},{"not_picked":["Deadly Poison","Outmaneuver","Dagger Spray"],"picked":"MostiFishMod:Dislodge","floor":3.0},{"not_picked":["Dagger Throw","Underhanded Strike","Dodge and Roll","Acrobatics"],"picked":"SKIP","floor":5.0},{"not_picked":["Bane","Finisher","PiercingWail","Deadly Poison"],"picked":"SKIP","floor":6.0},{"not_picked":["Flying Knee","MostiFishMod:PreservedThorns","MostiFishMod:InvigoratingSolution"],"picked":"PiercingWail","floor":7.0},{"not_picked":["Storm of Steel","Expertise","Predator"],"picked":"MostiFishMod:Opportunism","floor":10.0},{"not_picked":["MostiFishMod:PreservedThorns","Bane","Dodge and Roll"],"picked":"Dagger Spray","floor":13.0},{"not_picked":["MostiFishMod:PreservedThorns","Bane","Slice","Outmaneuver"],"picked":"SKIP","floor":14.0},{"not_picked":["MostiFishMod:Dislodge+1","Glass Knife+1","MostiFishMod:Opportunism+1"],"picked":"MostiFishMod:HiddenBlade+1","floor":16.0},{"not_picked":["Underhanded Strike","Deadly Poison","Slice","PiercingWail+1"],"picked":"SKIP","floor":18.0},{"not_picked":["Bane","Acrobatics","Distraction"],"picked":"Backflip+1","floor":22.0},{"not_picked":["Prepared","Infinite Blades","Deflect","Backstab"],"picked":"SKIP","floor":23.0},{"not_picked":["All Out Attack","Backflip","Flying Knee+1","Dodge and Roll"],"picked":"SKIP","floor":24.0},{"not_picked":["Choke","Outmaneuver","Bane"],"picked":"Blur","floor":25.0},{"not_picked":["Well Laid Plans","Flying Knee","MostiFishMod:PerfectParry","AT_WindFlip"],"picked":"SKIP","floor":28.0},{"not_picked":["Distraction+1","Noxious Fumes","AT_ThistleTea+1","Dodge and Roll"],"picked":"SKIP","floor":29.0},{"not_picked":["Acrobatics+1","Flying Knee","Prepared","Deflect"],"picked":"SKIP","floor":35.0},{"not_picked":["Acrobatics","Distraction","Flying Knee","Deflect"],"picked":"SKIP","floor":36.0},{"not_picked":["Distraction","Flying Knee","Deflect"],"picked":"Acrobatics","floor":36.0},{"not_picked":["Leg Sweep","Outmaneuver","Caltrops","Dagger Spray"],"picked":"SKIP","floor":40.0},{"not_picked":["Storm of Steel+1","Riddle With Holes","Acrobatics","Quick Slash+1"],"picked":"SKIP","floor":41.0},{"not_picked":["MostiFishMod:PerfectParry","REME_SpectralBlade+1","PiercingWail","Quick Slash+1"],"picked":"SKIP","floor":44},{"not_picked":["Backstab","Underhanded Strike","Setup+1","Bane"],"picked":"SKIP","floor":47},{"not_picked":["AT_Desolate","Poisoned Stab","Concentrate"],"picked":"AT_WindFlip+1","floor":48},{"not_picked":["Prepared","Dodge and Roll","Underhanded Strike"],"picked":"MostiFishMod:Neurotoxin+1","floor":55}],"player_experience":2349397,"relics_obtained":[{"floor":1.0,"key":"Question Card"},{"floor":6.0,"key":"Vajra"},{"floor":9.0,"key":"testmod-TurbochargingSystem"},{"floor":10.0,"key":"testmod-AssaultLearning"},{"floor":13.0,"key":"Ninja Scroll"},{"floor":16.0,"key":"ImportantClient"},{"floor":23.0,"key":"Pantograph"},{"floor":25.0,"key":"Snake Skull"},{"floor":29.0,"key":"testmod-LifeArmor"},{"floor":40.0,"key":"Bottled Lightning"},{"floor":43.0,"key":"Regal Pillow"},{"floor":44,"key":"Oddly Smooth Stone"},{"floor":46,"key":"Boot"},{"floor":47,"key":"CeramicFish"},{"floor":55,"key":"AT_ForceNature"}],"event_choices":[{"damage_healed":0.0,"max_hp_gain":0.0,"max_hp_loss":0.0,"gold_gain":0.0,"event_name":"Shining Light","player_choice":"Entered Light","floor":2.0,"gold_loss":0.0,"damage_taken":20.0,"cards_upgraded":["AT_CaressingTears","Strike_G"]},{"damage_healed":0.0,"max_hp_gain":0.0,"max_hp_loss":0.0,"gold_gain":0.0,"event_name":"Lab","player_choice":"Got Potions","floor":4.0,"gold_loss":0.0,"damage_taken":0.0},{"damage_healed":0.0,"max_hp_gain":0.0,"max_hp_loss":0.0,"gold_gain":0.0,"event_name":"Upgrade Shrine","player_choice":"Upgraded","floor":8.0,"gold_loss":0.0,"damage_taken":0.0,"cards_upgraded":["MostiFishMod:Dislodge"]},{"cards_removed":["Strike_G"],"damage_healed":0.0,"max_hp_gain":0.0,"max_hp_loss":0.0,"gold_gain":0.0,"event_name":"Beggar","player_choice":"Gave Gold","floor":20.0,"gold_loss":75.0,"damage_taken":0.0},{"damage_healed":0.0,"max_hp_gain":0.0,"max_hp_loss":0.0,"gold_gain":0.0,"event_name":"FaceTrader","player_choice":"Trade","floor":21.0,"gold_loss":0.0,"damage_taken":0.0,"relics_obtained":["CultistMask"]},{"damage_healed":0.0,"max_hp_gain":0.0,"max_hp_loss":0.0,"gold_gain":0.0,"event_name":"Accursed Blacksmith","player_choice":"Forge","floor":31.0,"gold_loss":0.0,"damage_taken":0.0,"cards_upgraded":["Neutralize"]},{"damage_healed":0.0,"max_hp_gain":0.0,"max_hp_loss":0.0,"gold_gain":0.0,"event_name":"给自己的盒子","player_choice":"Swap Relic","floor":38.0,"relics_lost":["NeowsBlessing"],"gold_loss":0.0,"damage_taken":0.0,"relics_obtained":["NeowsBlessing"]},{"damage_healed":0.0,"max_hp_gain":0.0,"max_hp_loss":0.0,"gold_gain":0.0,"event_name":"Tomb of Lord Red Mask","player_choice":"Ignored","floor":39.0,"gold_loss":0.0,"damage_taken":0.0},{"cards_removed":["Dagger Spray"],"damage_healed":0,"gold_gain":0,"player_choice":"Removed Attack","damage_taken":0,"max_hp_gain":0,"max_hp_loss":0,"event_name":"Falling","floor":45,"gold_loss":0}],"is_beta":false,"boss_relics":[{"not_picked":["testmod-IncinerationGenerator","BirthdayGift-Tetrahedron"],"picked":"AT_MortalBlade"},{"not_picked":["Sozu","BirthdayGift-Icosahedron"],"picked":"xbg"}],"items_purged_floors":[11,19,27,30,54],"is_endless":false,"potions_floor_spawned":[6,10,14,22,24,29,33,36,40,44,48],"ascension_level":20}}