{"host":"lg1piimdyocafd6j","time":1608384784,"event":{"mods":["AchievementEnabler","BaseMod","Better Third Choice","BetterRewards","Colored Map","Colored Powertips","Downfall","Minty Spire (QoL Compilation)","Quick Restart","Rare Cards Sparkle","StSLib","SuperFastMode"],"gold_per_floor":[115,115,115,135,24,50,70,30,108,123,187,17,17,29,29,133,133,143,143,143,161,161,161,176,210,259,259,259],"floor_reached":27,"playtime":1189,"items_purged":["Dualcast","Defend_B"],"score":269,"play_id":"128074bb-8794-46cc-b3d4-684dbef34580","local_time":"20201219143304","is_ascension_mode":true,"campfire_choices":[{"floor":15,"key":"REST"},{"data":"White Noise","floor":23,"key":"SMITH"}],"circlet_count":0,"master_deck":["Strike_B+1","Strike_B+1","Defend_B","Defend_B","Defend_B","Zap","Ball Lightning","Storm","Capacitor","Consume","Genetic Algorithm","Static Discharge","Static Discharge","Consume","Ball Lightning","Turbo","Storm","Electrodynamics","Ball Lightning","White Noise+1","White Noise+1","Leap"],"relics":["Cracked Core","NeowsBlessing","Whetstone","Bottled Lightning","Empty Cage","Nloth\u0027s Gift","Juzu Bracelet","Art of War"],"acts_visited":["Exordium","TheCity"],"potions_floor_usage":[11,11,18,21,24,27],"damage_taken":[{"damage":0,"enemies":"Jaw Worm","floor":1,"turns":1},{"damage":0,"enemies":"Small Slimes","floor":4,"turns":1},{"damage":0,"enemies":"Gremlin Nob","floor":6,"turns":1},{"damage":1,"enemies":"Cultist","floor":7,"turns":3},{"damage":32,"enemies":"Lots of Slimes","floor":10,"turns":3},{"damage":13,"enemies":"Gremlin Nob","floor":11,"turns":3},{"damage":9,"enemies":"Blue Slaver","floor":14,"turns":3},{"damage":42,"enemies":"The Guardian","floor":16,"turns":8},{"damage":5,"enemies":"Spheric Guardian","floor":18,"turns":3},{"damage":24,"enemies":"2 Thieves","floor":21,"turns":4},{"damage":0,"enemies":"Snecko","floor":24,"turns":2},{"damage":34,"enemies":"Gremlin Leader","floor":25,"turns":5},{"damage":16,"enemies":"Snake Plant","floor":27,"turns":2}],"seed_played":"916065698673811973","potions_obtained":[{"floor":4,"key":"ColorlessPotion"},{"floor":7,"key":"sneckomod:MuddlingPotion"},{"floor":10,"key":"Energy Potion"},{"floor":16,"key":"DistilledChaos"},{"floor":18,"key":"Block Potion"},{"floor":21,"key":"PowerPotion"}],"is_trial":false,"path_per_floor":["M","?","?","M","$","E","M","$","T","M","?","$","?","M","R","B",null,"M","?","?","M","?","R","M","E","T","M"],"character_chosen":"DEFECT","items_purchased":["Capacitor","Static Discharge","Ball Lightning","Turbo"],"campfire_rested":1,"item_purchase_floors":[5,8,12,12],"current_hp_per_floor":[75,75,75,75,75,75,74,74,74,42,29,29,54,45,67,25,75,70,70,70,46,46,46,46,12,12,0,0],"gold":259,"neow_bonus":"THREE_ENEMY_KILL","is_daily":false,"chose_seed":false,"campfire_upgraded":1,"win_rate":0.0,"timestamp":1608384784,"path_taken":["M","?","?","M","$","E","?","?","T","M","?","$","?","M","R","BOSS","M","?","?","?","?","R","M","E","T","M"],"items_purchased_type":["Card","Card","Card","Card"],"build_version":"2020-12-13","purchased_purges":2,"victory":false,"max_hp_per_floor":[75,75,75,75,75,75,75,75,75,75,75,75,75,75,75,75,75,75,75,75,75,75,75,75,75,75,75,75],"card_choices":[{"not_picked":["Barrage","Fusion"],"picked":"Ball Lightning","floor":1},{"not_picked":["Rebound","Turbo"],"picked":"Storm","floor":4},{"not_picked":["Capacitor","Compile Driver"],"picked":"Consume","floor":6},{"not_picked":["Rebound","Steam"],"picked":"Genetic Algorithm","floor":7},{"not_picked":["Coolheaded","Compile Driver"],"picked":"Static Discharge","floor":10},{"not_picked":["Core Surge","Storm"],"picked":"Consume","floor":11},{"not_picked":["Barrage","Rip and Tear"],"picked":"Storm","floor":14},{"not_picked":["Seek","Hyperbeam"],"picked":"Electrodynamics","floor":16},{"not_picked":["Double Energy+1","Loop"],"picked":"Ball Lightning","floor":18},{"not_picked":["Gash+1","Streamline+1"],"picked":"White Noise+1","floor":21},{"not_picked":["Force Field","Darkness+1","Coolheaded"],"picked":"SKIP","floor":24},{"not_picked":["Tempest","Multi-Cast"],"picked":"Leap","floor":25}],"player_experience":193290,"relics_obtained":[{"floor":6,"key":"Whetstone"},{"floor":9,"key":"Bottled Lightning"},{"floor":11,"key":"Matryoshka"},{"floor":25,"key":"Juzu Bracelet"},{"floor":26,"key":"Art of War"}],"event_choices":[{"damage_healed":0,"gold_gain":0,"player_choice":"Ignored","damage_taken":115,"max_hp_gain":0,"max_hp_loss":0,"event_name":"betterThird:BetterSerpent","floor":2,"gold_loss":0},{"damage_healed":0,"gold_gain":0,"player_choice":"Full Heal","damage_taken":0,"max_hp_gain":0,"max_hp_loss":0,"event_name":"Wheel of Change","floor":3,"gold_loss":0},{"damage_healed":0,"gold_gain":0,"player_choice":"Searched \u00271\u0027 times","damage_taken":0,"max_hp_gain":0,"max_hp_loss":0,"event_name":"Dead Adventurer","floor":11,"gold_loss":0},{"damage_healed":25,"gold_gain":0,"player_choice":"Banana","damage_taken":0,"max_hp_gain":0,"max_hp_loss":0,"event_name":"Big Fish","floor":13,"gold_loss":0},{"damage_healed":0,"gold_gain":0,"player_choice":"Ignored","damage_taken":0,"max_hp_gain":0,"max_hp_loss":0,"event_name":"Vampires","floor":19,"gold_loss":0},{"damage_healed":0,"gold_gain":0,"player_choice":"Traded Relic","damage_taken":0,"relics_obtained":["Nloth\u0027s Gift"],"max_hp_gain":0,"max_hp_loss":0,"event_name":"N\u0027loth","floor":20,"relics_lost":["Matryoshka"],"gold_loss":0},{"damage_healed":0,"gold_gain":0,"player_choice":"Read","damage_taken":0,"max_hp_gain":0,"max_hp_loss":0,"event_name":"The Library","floor":22,"gold_loss":0,"cards_obtained":["White Noise"]}],"is_beta":false,"boss_relics":[{"not_picked":["FrozenCore","Sozu"],"picked":"Empty Cage"}],"items_purged_floors":[5,12],"is_endless":false,"potions_floor_spawned":[4,7,10,16,18,21],"killed_by":"Snake Plant","ascension_level":1}}