{"host":"6gzy6nvr8uokwcne","time":1608357017,"event":{"mods":["2.2 Compatiblity","AchievementEnabler","Act Like it!","BaseMod","Hallownest","Marisa????????","Minty Spire (QoL Compilation)","Quick Restart","StSLib","The Alterego","The Cursed","The Disciple","The Dragon Tamer","The Necromancer","The Servant 0.9.4"],"gold_per_floor":[116,136,136,147,30,58,78,97,97,126,126,136,136,136,136,235,235,255,271,291,30,41,41,56,56,56,71,71,83,110,8,8,108,108,199,294,294,92,92,195,195,290,290,375,36,36,146,231,231,231,231,231,7,115,115],"floor_reached":56,"playtime":6618,"items_purged":[],"score":1306,"play_id":"ce8cf66c-97ae-4c7d-a860-63836b17742d","local_time":"20201218225017","daily_mods":["Heirloom"],"is_ascension_mode":false,"metric_token":979,"campfire_choices":[{"floor":11,"key":"REST"},{"floor":13,"key":"REST"},{"floor":15,"key":"RECALL"},{"data":"DTMod:BizarreTactic","floor":23,"key":"SMITH"},{"data":"DTMod:RecklessFlurry","floor":28,"key":"SMITH"},{"floor":32,"key":"REST"},{"data":"DTMod:SwitchingTactic","floor":41,"key":"SMITH"},{"data":"DTMod:ForkedFire","floor":46,"key":"SMITH"},{"floor":49,"key":"REST"},{"data":"DTMod:DarkBreath","floor":52,"key":"SMITH"}],"dtmod_dragon_data":[33,50,1,4,8,1],"circlet_count":0,"master_deck":["DTMod:Strike","DTMod:Strike","DTMod:Strike","DTMod:DoubleHit","DTMod:TargetDefense","DTMod:TargetDefense","DTMod:TargetDefense","DTMod:TargetDefense","DTMod:SwitchingTactic+1","DTMod:FlameSlash","DTMod:ComboAttack","DTMod:InvisibleFlame+1","DTMod:BizarreTactic+1","DTMod:ForkedFire+1","DTMod:CrossStep","DTMod:DarkBreath+1","DTMod:QuickFly","DTMod:ResonanceForm","DTMod:PurifyingFlame","DTMod:HeatWave+1","DTMod:Threaten+1","DTMod:Observe+1","DTMod:Training+1","DTMod:Observe+1","DTMod:RecklessFlurry+1","DTMod:Cover+1","DTMod:DarkBreath+1","DTMod:Training+1","DTMod:Hide+1","DTMod:SneakAttack","DTMod:BurningEnergy+1","DTMod:CleansingStrike+1","DTMod:ShieldDrain","DTMod:ComboAttack+1"],"relics":["DTMod:PactStone","Pocketwatch","Orichalcum","Eternal Feather","Toxic Egg 2","Odd Mushroom","InkBottle","Runic Pyramid","Bottled Tornado","DTMod:BindingString","DTMod:TheChair","Regal Pillow","Smiling Mask","Dead Branch","DTMod:AncientBone","Dream Catcher","Medical Kit","Mummified Hand"],"acts_visited":["Exordium","TheCity","TheBeyond","TheEnding"],"potions_floor_usage":[6,6,10,12,16,20,22,22,22,27,27,30,40,40,48,50,54,55],"damage_taken":[{"damage":0,"enemies":"Jaw Worm","floor":1,"turns":6},{"damage":0,"enemies":"Cultist","floor":2,"turns":5},{"damage":0,"enemies":"2 Louse","floor":4,"turns":2},{"damage":0,"enemies":"Gremlin Nob","floor":6,"turns":5},{"damage":0,"enemies":"Blue Slaver","floor":7,"turns":4},{"damage":0,"enemies":"Lots of Slimes","floor":8,"turns":2},{"damage":0,"enemies":"The Mushroom Lair","floor":10,"turns":2},{"damage":0,"enemies":"Large Slime","floor":12,"turns":4},{"damage":9,"enemies":"Slime Boss","floor":16,"turns":8},{"damage":16,"enemies":"2 Thieves","floor":18,"turns":3},{"damage":5,"enemies":"Spheric Guardian","floor":19,"turns":4},{"damage":0,"enemies":"3 Cultists","floor":20,"turns":4},{"damage":0,"enemies":"Centurion and Healer","floor":22,"turns":7},{"damage":0,"enemies":"Snake Plant","floor":24,"turns":4},{"damage":0,"enemies":"Sentry and Sphere","floor":27,"turns":4},{"damage":0,"enemies":"Snecko","floor":29,"turns":5},{"damage":0,"enemies":"Gremlin Leader","floor":30,"turns":7},{"damage":19,"enemies":"Collector","floor":33,"turns":11},{"damage":1,"enemies":"3 Darklings","floor":35,"turns":4},{"damage":0,"enemies":"Orb Walker","floor":36,"turns":3},{"damage":0,"enemies":"Nemesis","floor":40,"turns":5},{"damage":0,"enemies":"Sphere and 2 Shapes","floor":42,"turns":2},{"damage":0,"enemies":"Transient","floor":44,"turns":5},{"damage":0,"enemies":"Reptomancer","floor":47,"turns":3},{"damage":0,"enemies":"4 Shapes","floor":48,"turns":4},{"damage":62,"enemies":"Time Eater","floor":50,"turns":12},{"damage":5,"enemies":"Shield and Spear","floor":54,"turns":4},{"damage":37,"enemies":"The Heart","floor":55,"turns":9}],"seed_played":"-7854516224489406249","potions_obtained":[{"floor":4,"key":"Energy Potion"},{"floor":8,"key":"Fire Potion"},{"floor":10,"key":"EssenceOfSteel"},{"floor":12,"key":"LiquidBronze"},{"floor":19,"key":"LiquidBronze"},{"floor":20,"key":"EntropicBrew"},{"floor":24,"key":"LiquidBronze"},{"floor":29,"key":"PowerPotion"},{"floor":36,"key":"LiquidMemories"},{"floor":40,"key":"SpeedPotion"},{"floor":48,"key":"Fire Potion"},{"floor":54,"key":"FearPotion"}],"is_trial":true,"path_per_floor":["M","M","?","M","$","E","M","M","T","?","R","M","R","?","R","B",null,"M","M","M","$","M","R","M","?","T","M","R","M","E","$","R","B",null,"M","M","?","$","?","E","R","M","T","M","$","R","E","M","R","B",null,"R","$","E","B",null],"character_chosen":"THE_DT","items_purchased":["DTMod:InvisibleFlame","PowerPotion","Bottled Tornado","FairyPotion","Regal Pillow","Energy Potion","DTMod:AncientBone","FairyPotion","Medical Kit","DistilledChaos"],"campfire_rested":4,"item_purchase_floors":[5,5,21,31,38,38,45,45,53,53],"current_hp_per_floor":[45,45,45,45,45,45,45,45,45,45,45,45,45,45,45,36,45,29,24,24,24,24,36,36,36,36,36,45,45,45,45,45,26,45,44,44,44,44,44,44,45,45,45,45,45,45,45,45,45,13,45,45,45,40,3],"gold":115,"neow_bonus":"","is_daily":false,"chose_seed":false,"campfire_upgraded":5,"win_rate":0.0,"timestamp":1608357017,"path_taken":["M","M","?","?","$","E","M","M","T","?","R","M","R","?","R","BOSS","M","M","M","$","M","R","?","?","T","?","R","M","E","$","R","BOSS","M","M","?","$","?","E","R","M","T","M","$","R","E","M","R","BOSS","R","$","E","BOSS"],"items_purchased_type":["Card","Potion","Relic","Potion","Relic","Potion","Relic","Potion","Relic","Potion"],"build_version":"2020-12-13","purchased_purges":0,"victory":true,"max_hp_per_floor":[45,45,45,45,45,45,45,45,45,45,45,45,45,45,45,45,45,45,45,45,45,45,45,45,45,45,45,45,45,45,45,45,45,45,45,45,45,45,45,45,45,45,45,45,45,45,45,45,45,45,45,45,45,45,45],"card_choices":[{"not_picked":["DTMod:BuildUp","DTMod:Punisher"],"picked":"DTMod:FlameSlash","floor":1},{"not_picked":["DTMod:BreakAttack","DTMod:BuildUp"],"picked":"DTMod:BlueScale","floor":2},{"not_picked":["DTMod:Threaten","DTMod:Punisher"],"picked":"DTMod:ComboAttack","floor":4},{"not_picked":["DTMod:FlameSlash","DTMod:OpeningTactic"],"picked":"DTMod:BizarreTactic","floor":6},{"not_picked":["DTMod:BlazingStrike","DTMod:Training"],"picked":"DTMod:ForkedFire","floor":7},{"not_picked":["DTMod:CleansingStrike","DTMod:DarkBreath"],"picked":"DTMod:CrossStep","floor":8},{"not_picked":["DTMod:BuildUp","DTMod:ForkedFire"],"picked":"DTMod:DarkBreath","floor":10},{"not_picked":["DTMod:BizarreTactic+1","DTMod:MaximumCharge"],"picked":"DTMod:QuickFly","floor":12},{"not_picked":["DTMod:SealedStrike","DTMod:StunTrap+1"],"picked":"DTMod:ResonanceForm","floor":16},{"not_picked":["DTMod:CrossStep+1","DTMod:LastStand+1"],"picked":"DTMod:PurifyingFlame","floor":18},{"not_picked":["DTMod:Punisher","DTMod:BizarreTactic+1"],"picked":"DTMod:HeatWave+1","floor":19},{"not_picked":["DTMod:Punisher","DTMod:DragonDance+1"],"picked":"DTMod:Threaten+1","floor":20},{"not_picked":["DTMod:Coolant+1","DTMod:BizarreTactic+1"],"picked":"DTMod:Observe+1","floor":22},{"not_picked":["DTMod:Cover+1","DTMod:Multitask"],"picked":"DTMod:Training+1","floor":24},{"not_picked":["DTMod:Threaten+1","DTMod:PurifyingFlame"],"picked":"DTMod:RecklessFlurry","floor":27},{"not_picked":["DTMod:SneakAttack","DTMod:StarRain+1"],"picked":"DTMod:Cover+1","floor":29},{"not_picked":["DTMod:LowKick","DTMod:BuildUp"],"picked":"DTMod:DarkBreath+1","floor":30},{"not_picked":["DTMod:Hide+1","DTMod:BreakAttack"],"picked":"DTMod:Training+1","floor":35},{"not_picked":["DTMod:StarRain+1","DTMod:Punisher"],"picked":"DTMod:Hide+1","floor":36},{"not_picked":["DTMod:InvisibleFlame","DTMod:MaximumCharge+1"],"picked":"DTMod:SneakAttack","floor":40},{"not_picked":["DTMod:Threaten+1","DTMod:DeepFocus+1"],"picked":"DTMod:BurningEnergy+1","floor":42},{"not_picked":["DTMod:Coolant+1","DTMod:Feint","DTMod:MaximumCharge+1"],"picked":"SKIP","floor":44},{"not_picked":["DTMod:Punisher","DTMod:BlazingStrike+1"],"picked":"DTMod:CleansingStrike+1","floor":47},{"not_picked":["DTMod:Shift+1","DTMod:Overwhelm+1"],"picked":"DTMod:ShieldDrain","floor":48},{"not_picked":["DTMod:BlazingStrike","DTMod:TauntingStrike+1"],"picked":"DTMod:ComboAttack+1","floor":49},{"not_picked":["DTMod:BurningEnergy+1","DTMod:Hide+1","DTMod:TauntingStrike"],"picked":"SKIP","floor":54}],"player_experience":440469,"relics_obtained":[{"floor":6,"key":"Eternal Feather"},{"floor":9,"key":"Toxic Egg 2"},{"floor":10,"key":"Odd Mushroom"},{"floor":14,"key":"InkBottle"},{"floor":30,"key":"DTMod:BindingString"},{"floor":40,"key":"Smiling Mask"},{"floor":43,"key":"Dead Branch"},{"floor":47,"key":"Dream Catcher"},{"floor":54,"key":"Mummified Hand"}],"event_choices":[{"cards_removed":["DTMod:BlueScale"],"damage_healed":0,"gold_gain":0,"player_choice":"Gave Card","damage_taken":0,"relics_obtained":["Orichalcum"],"max_hp_gain":0,"max_hp_loss":0,"event_name":"WeMeetAgain","floor":3,"gold_loss":0},{"damage_healed":0,"gold_gain":0,"player_choice":"Fought Mushrooms","damage_taken":0,"max_hp_gain":0,"max_hp_loss":0,"event_name":"Mushrooms","floor":10,"gold_loss":0},{"damage_healed":0,"gold_gain":0,"player_choice":"Relic","damage_taken":0,"max_hp_gain":0,"max_hp_loss":0,"event_name":"Wheel of Change","floor":14,"gold_loss":0},{"damage_healed":0,"gold_gain":0,"player_choice":"Copied","damage_taken":0,"max_hp_gain":0,"max_hp_loss":0,"event_name":"Duplicator","floor":25,"gold_loss":0,"cards_obtained":["DTMod:Observe"]},{"damage_healed":0,"gold_gain":0,"player_choice":"Upgraded","damage_taken":0,"max_hp_gain":0,"max_hp_loss":0,"event_name":"Upgrade Shrine","floor":37,"gold_loss":0,"cards_upgraded":["DTMod:InvisibleFlame"]},{"cards_removed":["DTMod:Strike"],"damage_healed":0,"gold_gain":0,"player_choice":"Removed Attack","damage_taken":0,"max_hp_gain":0,"max_hp_loss":0,"event_name":"Falling","floor":39,"gold_loss":0}],"is_beta":false,"boss_relics":[{"not_picked":["Ectoplasm","Pandora\u0027s Box"],"picked":"Runic Pyramid"},{"not_picked":["Cursed Key","Velvet Choker"],"picked":"DTMod:TheChair"}],"items_purged_floors":[],"is_endless":false,"potions_floor_spawned":[4,8,10,12,19,20,24,29,36,40,47,48,54],"ascension_level":0}}