{"host":"ipcfr4ajj2jkxvg7","time":1608390558,"event":{"mods":["BaseMod","Colored Powertips","GifTheSpireLib","Marisa（F雨　魔理沙）","Minty Spire (QoL Compilation)","Quick Restart","Remilia（蕾米莉亚）","Replay The Spire","RumiaBox-露米娅的神秘盒子","StSLib"],"gold_per_floor":[109,121,138,14,14,44,44,63,63,80,107,107,107,107,107],"floor_reached":14,"playtime":305,"items_purged":["Defend_MRS"],"score":155,"play_id":"b88f5031-49e4-41e4-90d0-d9d68e109c65","local_time":"20201219230918","is_ascension_mode":true,"campfire_choices":[{"data":"MilkyWay","floor":7.0,"key":"SMITH"}],"circlet_count":0,"master_deck":["AscendersBane","Strike_MRS","Strike_MRS","Strike_MRS","Strike_MRS","Defend_MRS","Defend_MRS","Defend_MRS","MasterSpark","UpSweep","SuperPerseids","MilkyWay+1","DeepEcoloBomb","PowerUp"],"relics":["MiniHakkero","NeowsBlessing","AddBug","SecretRecord","SecretRecord","SecretRecord"],"acts_visited":["Exordium"],"potions_floor_usage":[],"damage_taken":[{"damage":0.0,"enemies":"Jaw Worm","floor":1.0,"turns":1.0},{"damage":0.0,"enemies":"Cultist","floor":2.0,"turns":1.0},{"damage":0.0,"enemies":"Small Slimes","floor":3.0,"turns":1.0},{"damage":35.0,"enemies":"3 Sentries","floor":6.0,"turns":7.0},{"damage":11.0,"enemies":"Blue Slaver","floor":8.0,"turns":3.0},{"damage":7.0,"enemies":"3 Louse","floor":10.0,"turns":3.0},{"damage":4.0,"enemies":"Gremlin Nob","floor":11.0,"turns":3.0},{"damage":8,"enemies":"3 Sentries","floor":14,"turns":5}],"seed_played":"-3471213431804862545","potions_obtained":[{"floor":3.0,"key":"Explosive Potion"},{"floor":6.0,"key":"Adrenaline Potion"},{"floor":8.0,"key":"Block Potion"}],"is_trial":false,"path_per_floor":["M","M","M","$","?","E","R","M","T","M","E","?","T","E"],"character_chosen":"MARISA","items_purchased":["MilkyWay"],"campfire_rested":0,"item_purchase_floors":[4],"current_hp_per_floor":[68,68,68,68,68,33,33,22,22,15,11,16,16,8,8],"gold":107,"neow_bonus":"THREE_ENEMY_KILL","is_daily":false,"chose_seed":false,"campfire_upgraded":1,"win_rate":0.0,"timestamp":1608390558,"path_taken":["M","M","M","$","?","E","R","M","T","M","E","?","?","E"],"items_purchased_type":["Card"],"build_version":"2020-12-13","purchased_purges":1,"victory":false,"max_hp_per_floor":[75,75,75,75,75,75,75,75,75,75,75,80,80,80,80],"card_choices":[{"not_picked":["GrandCross","GasGiant","OpenUniverse"],"picked":"SKIP","floor":1.0},{"not_picked":["WitchLeyline","Acceleration","LuminesStrike"],"picked":"SKIP","floor":2.0},{"not_picked":["6A","EnergyRecoil"],"picked":"SuperPerseids","floor":3.0},{"not_picked":["BlazingStar","Acceleration","DC"],"picked":"SKIP","floor":6.0},{"not_picked":["WitchLeyline","GasGiant"],"picked":"DeepEcoloBomb","floor":8.0},{"not_picked":["GasGiant","ShootingEcho","GravityBeat"],"picked":"SKIP","floor":10.0},{"not_picked":["DeepEcoloBomb","DoubleSpark"],"picked":"PowerUp","floor":11.0}],"player_experience":403039,"relics_obtained":[{"floor":1.0,"key":"AddBug"},{"floor":5.0,"key":"ReplayTheSpireMod:Ring of Collecting"},{"floor":5.0,"key":"Ring of Misfortune"},{"floor":6.0,"key":"SecretRecord"},{"floor":6.0,"key":"Bird Faced Urn"},{"floor":9.0,"key":"Gambling Chip"},{"floor":10.0,"key":"SecretRecord"},{"floor":11.0,"key":"Girya"},{"floor":13.0,"key":"Blue Doll"}],"event_choices":[{"damage_healed":0.0,"max_hp_gain":5.0,"max_hp_loss":0.0,"gold_gain":0.0,"event_name":"Big Fish","player_choice":"Donut","floor":12.0,"gold_loss":0.0,"damage_taken":0.0}],"is_beta":false,"boss_relics":[],"items_purged_floors":[4],"is_endless":false,"potions_floor_spawned":[3,6,8],"killed_by":"3 Sentries","ascension_level":11}}