{"host":"9iosvng142x134hb","time":1608419385,"event":{"mods":["AchievementEnabler","Act Like it!","BaseMod","Colored Powertips","Force Act Four","Googly Eyes","Hero for Fun","Minty Spire (QoL Compilation)","Relic Stats","StSLib"],"gold_per_floor":[111,131,150,170,135,163,175,187,199,230,49,68,79,4,4,105,105,120,45,45,55,55,55,74,74,74,74,104,104,138,0,0,0,0],"floor_reached":33,"playtime":3421,"items_purged":["Strike_B"],"score":335,"play_id":"35edce31-7c9d-428a-9a90-9d7ab9b4736d","local_time":"20201219180945","is_ascension_mode":false,"campfire_choices":[{"data":"Storm","floor":8.0,"key":"SMITH"},{"floor":15.0,"key":"REST"},{"data":"Apotheosis","floor":23.0,"key":"SMITH"},{"data":"Creative AI","floor":25.0,"key":"SMITH"},{"data":"1","floor":32.0,"key":"LIFT"}],"circlet_count":0,"master_deck":["Defend_B","Defend_B","Zap","Dualcast","Go for the Eyes","White Noise","Static Discharge","Cold Snap","Storm+1","Reinforced Body","Apotheosis+1","Coolheaded","Coolheaded","Creative AI+1","CurseOfTheBell","Bite+1","Bite+1","Bite+1","Bite+1","Bite+1","Sweeping Beam+1","Stack","Loop","Ghostly","Ghostly","Ghostly","Ghostly","Ghostly"],"relics":["Cracked Core","Calipers","MawBank","Molten Egg 2","Calling Bell","Juzu Bracelet","Matryoshka","Ginger","StrikeDummy","Happy Flower","Girya"],"acts_visited":["Exordium","TheCity"],"potions_floor_usage":[],"damage_taken":[{"damage":1.0,"enemies":"Cultist","floor":1.0,"turns":3.0},{"damage":0.0,"enemies":"2 Louse","floor":2.0,"turns":2.0},{"damage":3.0,"enemies":"Jaw Worm","floor":3.0,"turns":4.0},{"damage":7.0,"enemies":"Looter","floor":4.0,"turns":3.0},{"damage":16.0,"enemies":"3 Sentries","floor":6.0,"turns":6.0},{"damage":7.0,"enemies":"3 Louse","floor":10.0,"turns":4.0},{"damage":2.0,"enemies":"2 Fungi Beasts","floor":12.0,"turns":4.0},{"damage":5.0,"enemies":"Exordium Thugs","floor":13.0,"turns":4.0},{"damage":26.0,"enemies":"Hexaghost","floor":16.0,"turns":11.0},{"damage":5.0,"enemies":"Shell Parasite","floor":18.0,"turns":10.0},{"damage":17.0,"enemies":"Spheric Guardian","floor":21.0,"turns":6.0},{"damage":27.0,"enemies":"Centurion and Healer","floor":24.0,"turns":10.0},{"damage":19.0,"enemies":"Book of Stabbing","floor":28.0,"turns":6.0},{"damage":2.0,"enemies":"Gremlin Leader","floor":30.0,"turns":6.0},{"damage":0,"enemies":"Collector","floor":33,"turns":1}],"seed_played":"-7754701321004057461","potions_obtained":[{"floor":2.0,"key":"PowerPotion"},{"floor":3.0,"key":"Ancient Potion"},{"floor":10.0,"key":"ColorlessPotion"},{"floor":16.0,"key":"CultistPotion"},{"floor":18.0,"key":"AttackPotion"},{"floor":28.0,"key":"AttackPotion"}],"is_trial":false,"path_per_floor":["M","M","M","M","?","E","?","R","T","M","$","M","M","$","R","B",null,"M","?","?","M","?","R","M","R","T","$","E","?","E","?","R","B"],"character_chosen":"DEFECT","items_purchased":["Apotheosis"],"campfire_rested":1,"item_purchase_floors":[11],"current_hp_per_floor":[53,53,50,43,61,45,45,45,45,38,38,36,31,31,53,27,75,70,70,52,38,38,38,41,41,41,41,31,26,26,26,26,26,26],"gold":0,"neow_bonus":"ONE_RARE_RELIC","is_daily":false,"chose_seed":false,"campfire_upgraded":3,"win_rate":0.0,"timestamp":1608419385,"path_taken":["M","M","M","M","?","E","?","R","T","M","$","M","M","$","R","BOSS","M","?","?","M","?","R","M","R","T","$","E","?","E","?","R","BOSS"],"items_purchased_type":["Card"],"build_version":"2020-12-13","purchased_purges":1,"victory":false,"max_hp_per_floor":[75,75,75,75,75,75,75,75,75,75,75,75,75,75,75,75,75,75,75,52,52,52,52,52,52,52,52,52,26,26,26,26,26,26],"relic_stats":{"Happy Flower":[2],"counters":[15,80],"Juzu Bracelet":0,"Ginger":[1],"MawBank":60,"obtain_stats":[{"Calling Bell":17,"Girya":30,"Calipers":0,"Matryoshka":17,"Happy Flower":28,"Molten Egg 2":9,"Juzu Bracelet":17,"Ginger":17,"Cracked Core":0,"MawBank":6,"StrikeDummy":26},{"Calling Bell":9,"Girya":14,"Calipers":0,"Matryoshka":9,"Happy Flower":13,"Molten Egg 2":5,"Juzu Bracelet":9,"Ginger":9,"Cracked Core":0,"MawBank":5,"StrikeDummy":12},{"Calling Bell":41,"Girya":79,"Calipers":0,"Matryoshka":41,"Happy Flower":73,"Molten Egg 2":18,"Juzu Bracelet":41,"Ginger":41,"Cracked Core":0,"MawBank":18,"StrikeDummy":67}]},"card_choices":[{"not_picked":["Rebound","Steam"],"picked":"Go for the Eyes","floor":1.0},{"not_picked":["Stack","Turbo"],"picked":"White Noise","floor":2.0},{"not_picked":["Turbo","Compile Driver"],"picked":"Static Discharge","floor":3.0},{"not_picked":["Fusion","Rebound"],"picked":"Cold Snap","floor":4.0},{"not_picked":["All For One","Barrage"],"picked":"Storm","floor":6.0},{"not_picked":["Stack","Steam"],"picked":"Reinforced Body","floor":10.0},{"not_picked":["Turbo","Barrage+1"],"picked":"Coolheaded","floor":12.0},{"not_picked":["Consume","Sunder+1"],"picked":"Coolheaded","floor":13.0},{"not_picked":["Machine Learning","Reboot"],"picked":"Creative AI","floor":16.0},{"not_picked":["Gash+1","Consume","Stack"],"picked":"SKIP","floor":18.0},{"not_picked":["Hello World+1","Compile Driver+1"],"picked":"Sweeping Beam+1","floor":21.0},{"not_picked":["Rebound+1","Leap","Darkness"],"picked":"SKIP","floor":24.0},{"not_picked":["Rainbow","Sweeping Beam+1","Barrage+1"],"picked":"SKIP","floor":28.0},{"not_picked":["Rebound+1","Darkness","Beam Cell+1"],"picked":"SKIP","floor":30.0}],"player_experience":425541,"relics_obtained":[{"floor":6.0,"key":"MawBank"},{"floor":9.0,"key":"Molten Egg 2"},{"floor":17.0,"key":"Juzu Bracelet"},{"floor":17.0,"key":"Matryoshka"},{"floor":17.0,"key":"Ginger"},{"floor":26.0,"key":"StrikeDummy"},{"floor":28.0,"key":"Happy Flower"},{"floor":30.0,"key":"Girya"}],"event_choices":[{"damage_healed":18.0,"max_hp_gain":0.0,"max_hp_loss":0.0,"gold_gain":0.0,"event_name":"The Cleric","player_choice":"Healed","floor":5.0,"gold_loss":35.0,"damage_taken":0.0},{"cards_removed":["Strike_B"],"damage_healed":0.0,"max_hp_gain":0.0,"max_hp_loss":0.0,"gold_gain":0.0,"event_name":"Living Wall","player_choice":"Forget","floor":7.0,"gold_loss":0.0,"damage_taken":0.0},{"cards_removed":["Strike_B"],"damage_healed":0.0,"max_hp_gain":0.0,"max_hp_loss":0.0,"gold_gain":0.0,"event_name":"Beggar","player_choice":"Gave Gold","floor":19.0,"gold_loss":75.0,"damage_taken":0.0},{"damage_healed":0.0,"max_hp_gain":0.0,"max_hp_loss":23.0,"gold_gain":0.0,"event_name":"Vampires","player_choice":"Became a vampire","floor":20.0,"gold_loss":0.0,"damage_taken":0.0,"cards_obtained":["Bite","Bite","Bite","Bite","Bite"]},{"damage_healed":0.0,"max_hp_gain":0.0,"max_hp_loss":0.0,"gold_gain":0.0,"cards_transformed":["Defend_B","Defend_B"],"event_name":"Drug Dealer","player_choice":"Became Test Subject","floor":22.0,"gold_loss":0.0,"damage_taken":0.0,"cards_obtained":["Stack","Loop"]},{"damage_healed":0.0,"max_hp_gain":0.0,"max_hp_loss":26.0,"gold_gain":0.0,"event_name":"Ghosts","player_choice":"Became a Ghost","floor":29.0,"gold_loss":0.0,"damage_taken":0.0,"cards_obtained":["Ghostly","Ghostly","Ghostly","Ghostly","Ghostly"]},{"damage_healed":0.0,"max_hp_gain":0.0,"max_hp_loss":0.0,"gold_gain":0.0,"event_name":"Masked Bandits","player_choice":"Paid Fearfully","floor":31.0,"gold_loss":138.0,"damage_taken":0.0}],"is_beta":false,"boss_relics":[{"not_picked":["Cursed Key","Ectoplasm"],"picked":"Calling Bell"}],"items_purged_floors":[14],"is_endless":false,"potions_floor_spawned":[2,3,10,16,18,28],"killed_by":"Collector","ascension_level":0}}