{"host":"ezrpms4ymgzr2laj","time":1608384700,"event":{"mods":["Act Like it!","BaseMod","Beaked The Cultist","Hallownest","Highlight Path","Lobotomy","LobotomyExtend","Minty Spire (QoL Compilation)","StSLib","The Bug Knight"],"gold_per_floor":[115,131,147,72,82,107,107,107,107,178,288,71,99,131,131,234,234,247,258,58,99,99,128,128,128,128,138,152,452,481,496,496,496,496],"floor_reached":33,"playtime":2601,"items_purged":["HollowMod:NailStrikeStart","HollowMod:QuickDashStart"],"score":317,"play_id":"f4e11f16-da65-4187-898b-de03dbaf645b","local_time":"20201219213140","is_ascension_mode":true,"campfire_choices":[{"data":"HollowMod:FocusHealStart","floor":7,"key":"SMITH"},{"data":"HollowMod:ChannelNail","floor":15,"key":"SMITH"},{"floor":25,"key":"REST"},{"floor":32,"key":"REST"}],"circlet_count":0,"master_deck":["HollowMod:NailStrikeStart","HollowMod:NailStrikeStart","HollowMod:NailStrikeStart","HollowMod:QuickDashStart+1","HollowMod:QuickDashStart","HollowMod:QuickDashStart+1","HollowMod:FocusHealStart+1","HollowMod:PogoStrike","HollowMod:HowlingWraiths","HollowMod:CycloneSlash","HollowMod:ChannelNail+1","HollowMod:FastStrike","HollowMod:Hiveblood","HollowMod:SoulStrike","Madness","HollowMod:GoodIntentions","HollowMod:SoulVessel","HollowMod:SoulMaster","HollowMod:GreatSlash","Hallownest:pwrSporeShroom","HollowMod:SiblingsSouls+1"],"relics":["HollowMod:VesselMask","NeowsBlessing","LetterFromLob","Du-Vu Doll","Torii","WingedGreaves","Eternal Feather","Busted Crown","Kunai","Old Coin","War Paint"],"acts_visited":["Hallownest:Greenpath","Hallownest:CityofTears"],"potions_floor_usage":[6,16,18,23,27,31],"damage_taken":[{"damage":0,"enemies":"Hallownest:2_Baldur","floor":1,"turns":1},{"damage":0,"enemies":"Hallownest:2_Tiktiks_and_1_Crawlid","floor":2,"turns":2},{"damage":0,"enemies":"Hallownest:2_MossCreeps","floor":3,"turns":1},{"damage":8,"enemies":"Hallownest:Wandering_and_Horned","floor":5,"turns":3},{"damage":16,"enemies":"Hallownest:eliteVengeflyKing","floor":6,"turns":8},{"damage":11,"enemies":"Hallownest:eliteMossKnight","floor":13,"turns":4},{"damage":42,"enemies":"Hallownest:eliteCrystalGuardian","floor":14,"turns":6},{"damage":58,"enemies":"Hallownest:BossFalseKnight","floor":16,"turns":9},{"damage":1,"enemies":"Hallownest:3_Youths","floor":18,"turns":4},{"damage":21,"enemies":"Hallownest:Flukemon_and_Top","floor":19,"turns":5},{"damage":58,"enemies":"Hallownest:Glutton_and_Coward","floor":21,"turns":5},{"damage":101,"enemies":"Hallownest:eliteWatcherKnight","floor":23,"turns":12},{"damage":23,"enemies":"Hallownest:Warrior_and_Youth","floor":27,"turns":4},{"damage":17,"enemies":"Hallownest:monsterShrumalOgre","floor":28,"turns":6},{"damage":27,"enemies":"Hallownest:Nosk","floor":30,"turns":11},{"damage":15,"enemies":"Hallownest:Master_and_Novice","floor":31,"turns":5},{"damage":141,"enemies":"Hallownest:BossMantisLord","floor":33,"turns":8}],"seed_played":"-1292303052201552555","potions_obtained":[{"floor":2,"key":"PowerPotion"},{"floor":6,"key":"Regen Potion"},{"floor":16,"key":"Explosive Potion"},{"floor":21,"key":"ColorlessPotion"},{"floor":23,"key":"SkillPotion"},{"floor":30,"key":"Dexterity Potion"},{"floor":31,"key":"SmokeBomb"}],"is_trial":false,"path_per_floor":["M","M","M","?","M","E","R","E","T","?","?","$","E","E","R","B",null,"M","M","$","M","?","E","?","R","T","M","M","T","E","M","R","B"],"character_chosen":"THE_BUGKNIGHT","items_purchased":["HollowMod:SoulStrike","Madness","FairyPotion"],"campfire_rested":2,"item_purchase_floors":[12,12,20],"current_hp_per_floor":[75,75,75,80,72,66,66,66,66,66,66,66,77,50,59,53,80,80,77,77,43,57,9,9,45,45,42,39,39,41,32,68,0,0],"gold":496,"neow_bonus":"THREE_ENEMY_KILL","is_daily":false,"chose_seed":false,"campfire_upgraded":2,"win_rate":0.0,"timestamp":1608384700,"path_taken":["M","M","M","?","M","E","R","E","T","?","?","?","E","E","R","BOSS","M","M","$","?","?","E","?","R","T","M","M","?","E","M","R","BOSS"],"items_purchased_type":["Card","Card","Potion"],"build_version":"2020-12-13","purchased_purges":2,"victory":false,"max_hp_per_floor":[75,75,75,80,80,80,80,80,80,80,80,80,80,80,80,80,80,80,80,80,80,80,80,80,80,80,80,80,80,80,80,80,80,80],"card_choices":[{"not_picked":["HollowMod:InfectedAttack","HollowMod:DoubleDash"],"picked":"HollowMod:HowlingWraiths","floor":1},{"not_picked":["HollowMod:CrystalDash","HollowMod:GoodIntentions"],"picked":"HollowMod:CycloneSlash","floor":2},{"not_picked":["HollowMod:SlysStrikes","HollowMod:RecoilStrike"],"picked":"HollowMod:ChannelNail","floor":3},{"not_picked":["HollowMod:MonomonsArchive","HollowMod:NewLittleFool"],"picked":"HollowMod:FastStrike","floor":5},{"not_picked":["HollowMod:VengefulVoid","HollowMod:SharpenedNail"],"picked":"HollowMod:Hiveblood","floor":6},{"not_picked":["HollowMod:RecoilStrike","HollowMod:DoubleDash"],"picked":"HollowMod:GoodIntentions","floor":13},{"not_picked":["HollowMod:ZotesMagnificence","HollowMod:HeavyBlow"],"picked":"HollowMod:SoulVessel","floor":14},{"not_picked":["HollowMod:NewInfectedGuardian","HollowMod:HerrahsAnger"],"picked":"HollowMod:SoulMaster","floor":16},{"not_picked":["HollowMod:VengefulVoid+1"],"picked":"SKIP","floor":18},{"not_picked":["HollowMod:VengefulVoid+1"],"picked":"SKIP","floor":19},{"not_picked":["HollowMod:SharpenedNail"],"picked":"SKIP","floor":21},{"not_picked":[],"picked":"HollowMod:GreatSlash","floor":23},{"not_picked":[],"picked":"HollowMod:SiblingsSouls+1","floor":27},{"not_picked":["HollowMod:WraithStrike"],"picked":"SKIP","floor":28},{"not_picked":["HollowMod:DreamGate"],"picked":"SKIP","floor":30},{"not_picked":["HollowMod:HeavyBlow+1"],"picked":"SKIP","floor":31}],"player_experience":716838,"relics_obtained":[{"floor":1,"key":"LetterFromLob"},{"floor":6,"key":"Du-Vu Doll"},{"floor":9,"key":"Torii"},{"floor":13,"key":"WingedGreaves"},{"floor":14,"key":"Eternal Feather"},{"floor":23,"key":"Kunai"},{"floor":29,"key":"Old Coin"},{"floor":30,"key":"War Paint"}],"event_choices":[],"is_beta":false,"boss_relics":[{"not_picked":["Coffee Dripper","Snecko Eye"],"picked":"Busted Crown"}],"items_purged_floors":[12,20],"is_endless":false,"potions_floor_spawned":[2,6,16,21,23,30,31],"killed_by":"Hallownest:BossMantisLord","ascension_level":1}}