{"host":"zhypnm5xlgq8j242","time":1608417895,"event":{"mods":["AchievementEnabler","BaseMod","BetterRewards","Colored Powertips","Hermit","Keyboard Shortcuts","Minty Spire (QoL Compilation)","Quick Restart","Replay The Spire","Shop Mod","StSLib","The Cursed","The Hierophant","The Runesmith"],"gold_per_floor":[119,194,194,194,208,237,248,248,248,276,294,294,52,63,63,162,162,151,151,171,184,243,263,263,295,295,295,295,295],"floor_reached":28,"playtime":1799,"items_purged":[],"score":360,"play_id":"302f6ca3-e44e-4113-8284-3340e6b942f2","local_time":"20201220074455","is_ascension_mode":true,"campfire_choices":[{"floor":8,"key":"REST"},{"data":"Deadly Poison","floor":15,"key":"SMITH"},{"floor":24,"key":"REST"}],"circlet_count":0,"master_deck":["Strike_G","Strike_G","Strike_G","Strike_G","Strike_G","Defend_G","Defend_G","Defend_G","Defend_G+1","Defend_G","Survivor","Neutralize","hermit:Strike_Hermit","Runesmith:Fortify+1","Poisoned Stab","Fluid Movement","PiercingWail","Caltrops","Flying Knee","Acrobatics","Deadly Poison+1","Fluid Movement","ReplayTheSpireMod:Speed Training","After Image","Quick Slash+1","Delirium","Prepared+1","ReplayTheSpireMod:Splinters","Deadly Poison+1","Dodge and Roll","Poisoned Stab+1","Decay"],"relics":["Ring of the Snake","Mango","Pantograph","Gremlin Food","Mummified Hand","Counterbalance","Runesmith:Locket","OrangePellets","Black Star","ReplayTheSpireMod:Ring of Addiction","White Beast Statue","Toy Ornithopter","Ring of Panic","Juzu Bracelet","MealTicket","Replay:Wax Seal","Replay:Accelerometer"],"acts_visited":["Exordium","TheCity"],"potions_floor_usage":[10,18,20,20,23,23,23,25],"damage_taken":[{"damage":0,"enemies":"2 Louse","floor":1,"turns":5},{"damage":1,"enemies":"Jaw Worm","floor":5,"turns":5},{"damage":33,"enemies":"3 Sentries","floor":6,"turns":15},{"damage":0,"enemies":"Cultist","floor":7,"turns":4},{"damage":29,"enemies":"Lagavulin","floor":10,"turns":12},{"damage":0,"enemies":"3 Louse","floor":11,"turns":5},{"damage":3,"enemies":"Blue Slaver","floor":14,"turns":5},{"damage":49,"enemies":"Fading Forest","floor":16,"turns":11},{"damage":6,"enemies":"2 Thieves","floor":18,"turns":4},{"damage":16,"enemies":"Spheric Guardian","floor":20,"turns":4},{"damage":28,"enemies":"Snake Plant","floor":21,"turns":5},{"damage":25,"enemies":"3 Cultists","floor":23,"turns":8},{"damage":48,"enemies":"Gremlin Leader","floor":25,"turns":18},{"damage":9,"enemies":"Snecko","floor":28,"turns":2}],"seed_played":"-2803040964869708000","potions_obtained":[{"floor":7,"key":"SkillPotion"},{"floor":11,"key":"Swift Potion"},{"floor":14,"key":"SpeedPotion"},{"floor":19,"key":"BlessingOfTheForge"},{"floor":19,"key":"Toxic Potion"},{"floor":19,"key":"SkillPotion"},{"floor":20,"key":"Explosive Potion"},{"floor":21,"key":"Adrenaline Potion"},{"floor":22,"key":"DistilledChaos"},{"floor":23,"key":"Weak Potion"},{"floor":25,"key":"DuplicationPotion"}],"is_trial":false,"path_per_floor":["M","?","T","?","M","E","M","R","T","E","M","?","$","M","R","B",null,"M","?","M","M","?","M","R","E","T","?","M"],"character_chosen":"THE_SILENT","items_purchased":["Deadly Poison","OrangePellets","Fluid Movement"],"campfire_rested":2,"item_purchase_floors":[13,13,13],"current_hp_per_floor":[77,66,66,63,62,29,29,54,54,25,25,30,30,27,27,11,70,64,64,58,30,30,20,46,3,3,3,0,0],"gold":295,"neow_bonus":"ONE_RARE_RELIC","is_daily":false,"chose_seed":false,"campfire_upgraded":1,"win_rate":0.0,"timestamp":1608417895,"path_taken":["M","?","?","?","M","E","M","R","T","E","M","?","$","M","R","BOSS","M","?","M","M","?","M","R","E","T","?","M"],"items_purchased_type":["Card","Relic","Card"],"build_version":"2020-12-13","purchased_purges":0,"victory":false,"max_hp_per_floor":[84,84,84,84,84,84,84,84,84,84,84,89,89,89,89,89,89,89,89,89,89,89,89,89,89,89,89,89,89],"card_choices":[{"not_picked":["Blade Dance","Fluid Movement"],"picked":"Poisoned Stab","floor":1},{"not_picked":["Dodge and Roll","Slice"],"picked":"Fluid Movement","floor":5},{"not_picked":["Dodge and Roll","Flechettes"],"picked":"PiercingWail","floor":6},{"not_picked":["Slice","Unload"],"picked":"Caltrops","floor":7},{"not_picked":["PiercingWail","Deflect"],"picked":"Flying Knee","floor":10},{"not_picked":["Dodge and Roll","Masterful Stab"],"picked":"Acrobatics","floor":11},{"not_picked":["Quick Slash","Dagger Spray"],"picked":"ReplayTheSpireMod:Speed Training","floor":14},{"not_picked":["Venomology","Atom Bomb"],"picked":"After Image","floor":16},{"not_picked":["Underhanded Strike","Poisoned Stab"],"picked":"Quick Slash+1","floor":18},{"not_picked":["Cloak And Dagger","Blade Dance"],"picked":"Prepared+1","floor":20},{"not_picked":["Phantasmal Killer","Masterful Stab","Flying Knee+1"],"picked":"SKIP","floor":21},{"not_picked":["Bane","Predator"],"picked":"Deadly Poison+1","floor":22},{"not_picked":["Terror","Hidden Blade"],"picked":"Dodge and Roll","floor":23},{"not_picked":["Quick Slash+1","Well Laid Plans"],"picked":"Poisoned Stab+1","floor":25}],"player_experience":558746,"relics_obtained":[{"floor":3,"key":"Pantograph"},{"floor":6,"key":"Mummified Hand"},{"floor":9,"key":"Counterbalance"},{"floor":10,"key":"Runesmith:Locket"},{"floor":19,"key":"ReplayTheSpireMod:Ring of Addiction"},{"floor":19,"key":"White Beast Statue"},{"floor":19,"key":"Toy Ornithopter"},{"floor":19,"key":"Ring of Panic"},{"floor":22,"key":"Juzu Bracelet"},{"floor":25,"key":"MealTicket"},{"floor":25,"key":"Replay:Wax Seal"},{"floor":26,"key":"Replay:Accelerometer"}],"event_choices":[{"damage_healed":0,"gold_gain":75,"player_choice":"Gather Gold","damage_taken":11,"max_hp_gain":0,"max_hp_loss":0,"event_name":"World of Goop","floor":2,"gold_loss":0},{"damage_healed":0,"gold_gain":0,"player_choice":"Success","damage_taken":3,"relics_obtained":["Gremlin Food"],"max_hp_gain":0,"max_hp_loss":0,"event_name":"Scrap Ooze","floor":4,"gold_loss":0},{"damage_healed":0,"gold_gain":0,"player_choice":"Donut","damage_taken":0,"max_hp_gain":5,"max_hp_loss":0,"event_name":"Big Fish","floor":12,"gold_loss":0},{"damage_healed":0,"gold_gain":0,"player_choice":"Smashed Altar","damage_taken":0,"max_hp_gain":0,"max_hp_loss":0,"event_name":"Forgotten Altar","floor":27,"gold_loss":0,"cards_obtained":["Decay"]}],"is_beta":false,"boss_relics":[{"not_picked":["Kintsugi","Ring of the Serpent"],"picked":"Black Star"}],"items_purged_floors":[],"is_endless":false,"potions_floor_spawned":[7,11,14,20,21,23,25],"killed_by":"Snecko","ascension_level":7}}