{"host":"tljppfwplya481bc","time":1608350442,"event":{"mods":["BaseMod","Colored Map","Minty Spire (QoL Compilation)","Permanent Neow","Quick Restart"],"gold_per_floor":[114,14,14,24,24,24,38,38,38,50,80,80,80,90,90,189,189,201,116,116,16,35,35,35,45,71,71,71,83,14,14,14],"floor_reached":31,"playtime":788,"items_purged":["Strike_R","Strike_R"],"score":245,"play_id":"d928eea9-834c-4272-a1b9-323c1c040428","local_time":"20201219130042","is_ascension_mode":true,"campfire_choices":[{"data":"Searing Blow+1","floor":6.0,"key":"SMITH"},{"data":"Searing Blow+2","floor":8.0,"key":"SMITH"},{"data":"Searing Blow+3","floor":13.0,"key":"SMITH"},{"data":"Searing Blow+4","floor":15.0,"key":"SMITH"},{"data":"Searing Blow+5","floor":23,"key":"SMITH"},{"floor":28,"key":"REST"}],"circlet_count":0,"master_deck":["Strike_R","Strike_R","Defend_R","Defend_R","Defend_R","Defend_R","Bash","Searing Blow+6","Flex","Armaments","True Grit","Cleave","Rage","Warcry+1","Double Tap"],"relics":["Burning Blood","Letter Opener","Odd Mushroom","SlaversCollar","Orichalcum","Gremlin Horn","Bag of Preparation"],"acts_visited":["Exordium","TheCity"],"potions_floor_usage":[22],"damage_taken":[{"damage":6.0,"enemies":"Cultist","floor":1.0,"turns":4.0},{"damage":3.0,"enemies":"2 Louse","floor":4.0,"turns":2.0},{"damage":3.0,"enemies":"Small Slimes","floor":7.0,"turns":3.0},{"damage":7.0,"enemies":"Looter","floor":10.0,"turns":3.0},{"damage":25.0,"enemies":"The Mushroom Lair","floor":11.0,"turns":3.0},{"damage":4.0,"enemies":"2 Fungi Beasts","floor":14.0,"turns":3.0},{"damage":15.0,"enemies":"The Guardian","floor":16.0,"turns":9.0},{"damage":55,"enemies":"3 Byrds","floor":18,"turns":6},{"damage":0,"enemies":"Chosen","floor":22,"turns":4},{"damage":18,"enemies":"Snake Plant","floor":25,"turns":3},{"damage":11,"enemies":"3 Cultists","floor":29,"turns":5},{"damage":15,"enemies":"Centurion and Healer","floor":31,"turns":5}],"seed_played":"1462955548886139296","potions_obtained":[{"floor":1.0,"key":"LiquidMemories"},{"floor":4.0,"key":"BlessingOfTheForge"},{"floor":7.0,"key":"Strength Potion"},{"floor":10.0,"key":"SkillPotion"},{"floor":22,"key":"Fruit Juice"},{"floor":25,"key":"CultistPotion"}],"is_trial":false,"path_per_floor":["M","$","?","M","?","R","M","R","T","M","?","$","R","M","R","B",null,"M","?","?","$","M","R","?","M","T","$","R","M","$","M"],"character_chosen":"IRONCLAD","items_purchased":["Armaments","Double Tap"],"campfire_rested":1,"item_purchase_floors":[2,30],"current_hp_per_floor":[80,80,80,80,73,73,76,76,76,75,56,56,56,58,58,49,80,31,31,31,31,42,42,26,14,14,14,41,36,36,21,21],"gold":14,"neow_bonus":"THREE_CARDS","is_daily":false,"chose_seed":false,"campfire_upgraded":5,"win_rate":0.0,"timestamp":1608350442,"path_taken":["M","?","?","M","?","R","M","R","T","M","?","?","R","M","R","BOSS","M","?","?","$","M","R","?","?","T","$","R","M","?","M"],"items_purchased_type":["Card","Card"],"build_version":"2020-12-13","purchased_purges":2,"victory":false,"max_hp_per_floor":[80,80,80,80,80,80,80,80,80,80,80,80,80,80,80,80,80,80,80,80,80,85,85,90,90,90,90,90,90,90,90,90],"card_choices":[{"not_picked":["Anger","Iron Wave"],"picked":"Searing Blow","floor":0.0},{"not_picked":["Intimidate","Shockwave"],"picked":"Flex","floor":1.0},{"not_picked":["Reckless Charge","Wild Strike"],"picked":"True Grit","floor":4.0},{"not_picked":["Bloodletting","Body Slam"],"picked":"Cleave","floor":7.0},{"not_picked":["Thunderclap","Dark Embrace","Rampage"],"picked":"SKIP","floor":10.0},{"not_picked":["Armaments","Heavy Blade"],"picked":"Rage","floor":11.0},{"not_picked":["Twin Strike","Pommel Strike","Havoc"],"picked":"SKIP","floor":14.0},{"not_picked":["Havoc","Sword Boomerang","Pommel Strike"],"picked":"SKIP","floor":18},{"not_picked":["Feel No Pain","Perfected Strike","Body Slam"],"picked":"SKIP","floor":22},{"not_picked":["Havoc","Warcry","Clothesline"],"picked":"SKIP","floor":25},{"not_picked":["Armaments","Spot Weakness"],"picked":"Warcry+1","floor":29}],"player_experience":197724,"relics_obtained":[{"floor":9.0,"key":"Letter Opener"},{"floor":11.0,"key":"Odd Mushroom"},{"floor":26,"key":"Bag of Preparation"}],"event_choices":[{"damage_healed":0.0,"max_hp_gain":0.0,"max_hp_loss":0.0,"gold_gain":0.0,"event_name":"Living Wall","player_choice":"Grow","floor":3.0,"gold_loss":0.0,"damage_taken":0.0,"cards_upgraded":["Searing Blow"]},{"cards_removed":["Strike_R"],"damage_healed":0.0,"max_hp_gain":0.0,"max_hp_loss":0.0,"gold_gain":0.0,"event_name":"Golden Wing","player_choice":"Card Removal","floor":5.0,"gold_loss":0.0,"damage_taken":7.0},{"damage_healed":0.0,"max_hp_gain":0.0,"max_hp_loss":0.0,"gold_gain":0.0,"event_name":"Mushrooms","player_choice":"Fought Mushrooms","floor":11.0,"gold_loss":0.0,"damage_taken":0.0},{"damage_healed":0,"gold_gain":0,"player_choice":"Obtained Relic","damage_taken":0,"relics_obtained":["Orichalcum"],"max_hp_gain":0,"max_hp_loss":0,"event_name":"Addict","floor":19,"gold_loss":85},{"damage_healed":0,"gold_gain":0,"player_choice":"Opened","damage_taken":0,"relics_obtained":["Gremlin Horn"],"max_hp_gain":0,"max_hp_loss":0,"event_name":"The Mausoleum","floor":20,"gold_loss":0},{"damage_healed":0,"gold_gain":0,"player_choice":"Shed Blood","damage_taken":21,"max_hp_gain":5,"max_hp_loss":0,"event_name":"Forgotten Altar","floor":24,"gold_loss":0}],"is_beta":false,"boss_relics":[{"not_picked":["Ectoplasm","Empty Cage"],"picked":"SlaversCollar"}],"items_purged_floors":[2,21],"is_endless":false,"potions_floor_spawned":[1,4,7,10,16,22,25],"killed_by":"Centurion and Healer","ascension_level":2}}