{"host":"r6jigiblrojhp6xe","time":1608418632,"event":{"mods":["AchievementEnabler","BaseMod","DeckTracker","Minty Spire (QoL Compilation)","Quick Restart","Rare Cards Sparkle","Relic Stats","StSLib","SuperFastMode","The Cursed","everything is the same but u backflip on backflip"],"gold_per_floor":[116,116,132,132,33,33,60,70,95,115,115,149,149,149,149,228,228,244,169,202,127,142,142,174,184,184,184,84,100,111,111,111,188,188,203,217,232,454,473,473,491,521,575,592,467,467,317,50,50,50,50],"floor_reached":52,"playtime":1131,"items_purged":["Strike_G","Strike_G","Strike_G","Strike_G"],"score":1870,"play_id":"ce2bf04f-cbdd-4590-8809-c87e81b83ef5","local_time":"20201220075712","is_ascension_mode":true,"campfire_choices":[{"data":"Accuracy","floor":6,"key":"SMITH"},{"data":"Accuracy","floor":11,"key":"SMITH"},{"data":"Cloak And Dagger","floor":13,"key":"SMITH"},{"data":"Blade Dance","floor":15,"key":"SMITH"},{"data":"Neutralize","floor":23,"key":"SMITH"},{"data":"Accuracy","floor":32,"key":"SMITH"},{"data":"Wraith Form v2","floor":40,"key":"SMITH"},{"floor":46,"key":"REST"},{"floor":49,"key":"REST"}],"circlet_count":0,"master_deck":["AscendersBane","Defend_G","Defend_G","Defend_G","Defend_G","Defend_G","Survivor","Neutralize+1","Footwork+1","Accuracy+1","Blade Dance","Accuracy+1","Cloak And Dagger+1","Blade Dance+1","Blade Dance","Deflect+1","Backflip","Accuracy+1","Wraith Form v2+1","Backflip","Blur","Escape Plan","Cloak And Dagger+1"],"relics":["Ring of the Snake","NeowsBlessing","Anchor","Bag of Preparation","Ice Cream","WristBlade","Red Mask","Bronze Scales","Paper Crane","Tiny Chest","Philosopher\u0027s Stone","Omamori","Centennial Puzzle","Kunai"],"acts_visited":["Exordium","TheCity","TheBeyond"],"potions_floor_usage":[12,16,16,16,24,33,37,51],"damage_taken":[{"damage":0,"enemies":"Cultist","floor":1,"turns":1},{"damage":0,"enemies":"2 Louse","floor":3,"turns":1},{"damage":0,"enemies":"3 Sentries","floor":7,"turns":1},{"damage":0,"enemies":"Jaw Worm","floor":8,"turns":4},{"damage":0,"enemies":"Looter","floor":10,"turns":3},{"damage":24,"enemies":"Gremlin Nob","floor":12,"turns":4},{"damage":30,"enemies":"Slime Boss","floor":16,"turns":9},{"damage":11,"enemies":"Shell Parasite","floor":18,"turns":3},{"damage":8,"enemies":"Masked Bandits","floor":20,"turns":3},{"damage":1,"enemies":"3 Byrds","floor":22,"turns":4},{"damage":0,"enemies":"Slavers","floor":24,"turns":3},{"damage":0,"enemies":"Snake Plant","floor":25,"turns":2},{"damage":1,"enemies":"Chosen and Byrds","floor":29,"turns":3},{"damage":0,"enemies":"Centurion and Healer","floor":30,"turns":2},{"damage":9,"enemies":"Collector","floor":33,"turns":5},{"damage":0,"enemies":"Orb Walker","floor":35,"turns":1},{"damage":0,"enemies":"3 Shapes","floor":36,"turns":4},{"damage":6,"enemies":"Transient","floor":37,"turns":6},{"damage":3,"enemies":"Spire Growth","floor":39,"turns":3},{"damage":0,"enemies":"3 Darklings","floor":41,"turns":3},{"damage":19,"enemies":"Reptomancer","floor":42,"turns":7},{"damage":0,"enemies":"Transient","floor":44,"turns":6},{"damage":9,"enemies":"Donu and Deca","floor":50,"turns":8},{"damage":12,"enemies":"Awakened One","floor":51,"turns":8}],"seed_played":"4433434154526834964","potions_obtained":[{"floor":1,"key":"EntropicBrew"},{"floor":7,"key":"EntropicBrew"},{"floor":20,"key":"PowerPotion"},{"floor":24,"key":"LiquidMemories"},{"floor":33,"key":"Poison Potion"},{"floor":35,"key":"AttackPotion"},{"floor":39,"key":"Ancient Potion"},{"floor":44,"key":"Strength Potion"}],"is_trial":false,"path_per_floor":["M","?","M","$","$","R","E","M","T","M","R","E","R","?","R","B",null,"M","?","?","$","M","R","E","M","T","?","$","M","M","T","R","B",null,"M","M","M","?","M","R","M","E","T","M","$","R","$","$","R","B","B",null],"character_chosen":"THE_SILENT","items_purchased":["Blade Dance","Accuracy","Kunai"],"campfire_rested":2,"item_purchase_floors":[5,5,48],"current_hp_per_floor":[59,59,59,59,59,59,59,59,59,59,59,35,35,35,35,20,55,44,44,36,36,35,35,35,35,35,35,35,34,34,34,34,25,56,56,56,50,50,47,47,47,28,28,28,28,47,47,47,66,57,45],"gold":50,"neow_bonus":"THREE_ENEMY_KILL","is_daily":false,"chose_seed":false,"campfire_upgraded":7,"win_rate":0.0,"timestamp":1608418632,"path_taken":["M","?","M","?","$","R","E","M","T","M","R","E","R","?","R","BOSS","M","?","?","?","M","R","E","M","T","?","$","M","M","?","R","BOSS","M","M","?","?","M","R","M","E","T","M","$","R","?","$","R","BOSS","BOSS"],"items_purchased_type":["Card","Card","Relic"],"build_version":"2020-12-13","purchased_purges":4,"victory":true,"max_hp_per_floor":[66,66,66,66,66,66,66,66,66,66,66,66,66,66,66,66,66,66,66,66,66,66,66,66,66,66,66,66,66,66,66,66,66,66,66,66,66,66,66,66,66,66,66,66,66,66,66,66,66,66,66],"relic_stats":{"Centennial Puzzle":[6],"counters":[24,94],"Bronze Scales":[178],"Tiny Chest":0,"Bag of Preparation":[40],"Kunai":[15],"obtain_stats":[{"Ice Cream":12,"NeowsBlessing":0,"Bag of Preparation":9,"Omamori":42,"Paper Crane":26,"Anchor":7,"Centennial Puzzle":43,"WristBlade":17,"Bronze Scales":24,"Tiny Chest":31,"Philosopher\u0027s Stone":34,"Red Mask":20,"Kunai":48,"Ring of the Snake":0},{"Ice Cream":6,"NeowsBlessing":0,"Bag of Preparation":4,"Omamori":21,"Paper Crane":12,"Anchor":3,"Centennial Puzzle":21,"WristBlade":7,"Bronze Scales":11,"Tiny Chest":14,"Philosopher\u0027s Stone":15,"Red Mask":9,"Kunai":22,"Ring of the Snake":0},{"Ice Cream":14,"NeowsBlessing":0,"Bag of Preparation":7,"Omamori":72,"Paper Crane":38,"Anchor":3,"Centennial Puzzle":72,"WristBlade":23,"Bronze Scales":36,"Tiny Chest":43,"Philosopher\u0027s Stone":48,"Red Mask":29,"Kunai":78,"Ring of the Snake":0}],"Ring of the Snake":[48]},"card_choices":[{"not_picked":["Sucker Punch","Deadly Poison"],"picked":"Footwork","floor":1},{"not_picked":["Slice","Prepared"],"picked":"Accuracy","floor":3},{"not_picked":["Prepared","Predator","Bane"],"picked":"SKIP","floor":7},{"not_picked":["Doppelganger","Acrobatics","Masterful Stab"],"picked":"SKIP","floor":8},{"not_picked":["Backflip","Outmaneuver"],"picked":"Cloak And Dagger","floor":10},{"not_picked":["Quick Slash","Masterful Stab"],"picked":"Blade Dance","floor":12},{"not_picked":["Deflect","Dagger Spray"],"picked":"Blade Dance","floor":18},{"not_picked":["Prepared","Bane","Underhanded Strike"],"picked":"SKIP","floor":22},{"not_picked":["Setup","Bouncing Flask","Tactician"],"picked":"SKIP","floor":24},{"not_picked":["Cloak And Dagger","Poisoned Stab"],"picked":"Deflect+1","floor":25},{"not_picked":["Noxious Fumes+1","Sucker Punch"],"picked":"Backflip","floor":29},{"not_picked":["Cloak And Dagger","Poisoned Stab"],"picked":"Accuracy","floor":30},{"not_picked":["Doppelganger","Malaise"],"picked":"Wraith Form v2","floor":33},{"not_picked":["Riddle With Holes","All Out Attack","Acrobatics"],"picked":"SKIP","floor":35},{"not_picked":["Acrobatics","Endless Agony"],"picked":"Backflip","floor":36},{"not_picked":["Cloak And Dagger","Doppelganger"],"picked":"Blur","floor":37},{"not_picked":["Sucker Punch","Cloak And Dagger"],"picked":"Escape Plan","floor":39},{"not_picked":["PiercingWail","Caltrops+1","Leg Sweep"],"picked":"SKIP","floor":41},{"not_picked":["Caltrops","Riddle With Holes"],"picked":"Cloak And Dagger+1","floor":42},{"not_picked":["Sucker Punch+1","Prepared","Setup"],"picked":"SKIP","floor":44}],"player_experience":531757,"relics_obtained":[{"floor":7,"key":"Anchor"},{"floor":9,"key":"Bag of Preparation"},{"floor":12,"key":"Ice Cream"},{"floor":20,"key":"Red Mask"},{"floor":24,"key":"Bronze Scales"},{"floor":26,"key":"Paper Crane"},{"floor":31,"key":"Tiny Chest"},{"floor":42,"key":"Omamori"},{"floor":43,"key":"Centennial Puzzle"}],"event_choices":[{"damage_healed":0,"gold_gain":0,"player_choice":"Upgraded","damage_taken":0,"max_hp_gain":0,"max_hp_loss":0,"event_name":"Upgrade Shrine","floor":2,"gold_loss":0,"cards_upgraded":["Footwork"]},{"damage_healed":0,"gold_gain":0,"player_choice":"Got Potions","damage_taken":0,"max_hp_gain":0,"max_hp_loss":0,"event_name":"Lab","floor":14,"gold_loss":0},{"cards_removed":["Strike_G"],"damage_healed":0,"gold_gain":0,"player_choice":"Gave Gold","damage_taken":0,"max_hp_gain":0,"max_hp_loss":0,"event_name":"Beggar","floor":19,"gold_loss":75},{"damage_healed":0,"gold_gain":0,"player_choice":"Fought Bandits","damage_taken":0,"max_hp_gain":0,"max_hp_loss":0,"event_name":"Masked Bandits","floor":20,"gold_loss":0},{"damage_healed":0,"gold_gain":0,"player_choice":"Ignored","damage_taken":0,"max_hp_gain":0,"max_hp_loss":0,"event_name":"The Mausoleum","floor":27,"gold_loss":0},{"damage_healed":0,"gold_gain":222,"player_choice":"Wore Mask","damage_taken":0,"max_hp_gain":0,"max_hp_loss":0,"event_name":"Tomb of Lord Red Mask","floor":38,"gold_loss":0}],"is_beta":false,"boss_relics":[{"not_picked":["Tiny House","Velvet Choker"],"picked":"WristBlade"},{"not_picked":["Black Star","Cursed Key"],"picked":"Philosopher\u0027s Stone"}],"items_purged_floors":[21,28,45,47],"is_endless":false,"potions_floor_spawned":[1,7,8,20,24,29,33,35,39,44],"ascension_level":20}}