{"host":"gxmig9bwvxt5mpcx","time":1608338211,"event":{"mods":["AchievementEnabler","Bard","BaseMod","Beaked The Cultist","Better Match","Better Note","Better Sensory Stone","Better Skull","Block Reminder","CatGirl Mod","Colored Powertips","Conspire","Downfall","Energized Spire","Friendly Minions","Hermit","Highlight Path","Hubris","Minty Spire (QoL Compilation)","Permanent Neow","Replay The Spire","StSLib","The Cursed","The Judge","The Jungle","The Mystic","The Poker Player","The Runesmith","The Servant 0.9.4","The Spell Scribe","TheArtist","TheBandit","TheVacant","Uncapped","vexMod"],"gold_per_floor":[118,18,40,40,40,40,74,119,119,119,119,8,8,26,26,143,143,163,163,163,163],"floor_reached":20,"playtime":1099,"items_purged":[],"score":162,"play_id":"6601df94-3e9a-4d96-8ca0-9992760944e7","local_time":"20201218193651","is_ascension_mode":false,"campfire_choices":[{"data":"expansioncontent:Chronoboost","floor":6,"key":"SMITH"},{"data":"KillingDoll","floor":11,"key":"SMITH"},{"data":"ShatteredReality","floor":15,"key":"SMITH"}],"circlet_count":0,"master_deck":["Strike_S","Strike_S","Strike_S","Defend_S","Defend_S","Defend_S","Defend_S","KidneyShot","Exchange","expansioncontent:Chronoboost+1","Ricochet","conspire:SpireCoStock","conspire:SpireCoStock","ShatteredReality+1","Advance","KillingDoll+1","Moonlight+1","Rearm","Barrier+1","Initiator","GearUp"],"relics":["Uniform","Gambling Chip","hubris:FunFungus","Replay:Ringing Soul","SacredBark"],"acts_visited":["Exordium","TheCity"],"potions_floor_usage":[20],"damage_taken":[{"damage":5,"enemies":"Small Slimes","floor":1,"turns":5},{"damage":0,"enemies":"2 Louse","floor":3,"turns":2},{"damage":0,"enemies":"Jaw Worm","floor":7,"turns":3},{"damage":5,"enemies":"Looter","floor":8,"turns":4},{"damage":0,"enemies":"Lots of Slimes","floor":14,"turns":2},{"damage":51,"enemies":"Hexaghost","floor":16,"turns":15},{"damage":22,"enemies":"Shell Parasite","floor":18,"turns":4},{"damage":31,"enemies":"hubris:Merchant","floor":20,"turns":4}],"seed_played":"-9178184205039736936","potions_obtained":[{"floor":3,"key":"Elixir"},{"floor":18,"key":"Death Potion"}],"is_trial":false,"path_per_floor":["M","?","M","?","?","R","M","M","T","?","R","$","T","M","R","B",null,"M","?","$"],"character_chosen":"THE_SERVANT","items_purchased":["Rearm","Barrier+1"],"campfire_rested":0,"item_purchase_floors":[12,12],"current_hp_per_floor":[60,60,60,53,53,53,53,48,48,48,48,48,48,48,48,8,68,49,49,19,19],"gold":163,"neow_bonus":"RANDOM_COLORLESS","is_daily":false,"chose_seed":false,"campfire_upgraded":3,"win_rate":0.0,"timestamp":1608338211,"path_taken":["M","?","M","?","?","R","M","M","T","?","R","?","?","?","R","BOSS","M","?","$"],"items_purchased_type":["Card","Card"],"build_version":"2020-12-13","purchased_purges":0,"victory":false,"max_hp_per_floor":[65,65,65,65,65,65,65,65,65,65,65,65,65,65,65,68,68,71,71,71,71],"card_choices":[{"not_picked":["expansioncontent:Sear","expansioncontent:Collect"],"picked":"expansioncontent:Chronoboost","floor":0},{"not_picked":["Spin","TimeWarp"],"picked":"Ricochet","floor":1},{"not_picked":["BottledTime","StarChef"],"picked":"ShatteredReality","floor":3},{"not_picked":["Revamp","Ricochet"],"picked":"Advance","floor":7},{"not_picked":["BottledTime","DoubleEdge"],"picked":"KillingDoll","floor":8},{"not_picked":["Defy","RealityMarble","Snipe"],"picked":"SKIP","floor":14},{"not_picked":["KillingDoll","Deny"],"picked":"Initiator","floor":16},{"not_picked":["Potential+1","Starlight"],"picked":"GearUp","floor":18}],"player_experience":21460,"relics_obtained":[{"floor":9,"key":"hubris:FunFungus"},{"floor":13,"key":"Replay:Ringing Soul"}],"event_choices":[{"damage_healed":0,"gold_gain":0,"player_choice":"Invest 2","damage_taken":0,"max_hp_gain":0,"max_hp_loss":0,"event_name":"conspire:Investor","floor":2,"gold_loss":0},{"damage_healed":0,"gold_gain":0,"player_choice":"Success","damage_taken":7,"relics_obtained":["Gambling Chip"],"max_hp_gain":0,"max_hp_loss":0,"event_name":"Scrap Ooze","floor":4,"gold_loss":0},{"damage_healed":0,"gold_gain":0,"player_choice":"Ignored","damage_taken":0,"max_hp_gain":0,"max_hp_loss":0,"event_name":"Golden Idol","floor":5,"gold_loss":0},{"damage_healed":0,"gold_gain":0,"player_choice":"Ignored","damage_taken":0,"max_hp_gain":0,"max_hp_loss":0,"event_name":"betterNote:BetterNote","floor":19,"gold_loss":0,"cards_obtained":["hermit:Maintenance"]}],"is_beta":false,"boss_relics":[{"not_picked":["beaked:MawFillet","Philosopher\u0027s Stone"],"picked":"SacredBark"}],"items_purged_floors":[],"is_endless":false,"potions_floor_spawned":[3,18],"killed_by":"hubris:Merchant","ascension_level":0}}