{"host":"h3lcturju8jctp44","time":1608338994,"event":{"mods":["BaseMod","Bestiary","Better Third Choice","Downfall","Highlight Path","Minty Spire (QoL Compilation)","Replay The Spire","StSLib"],"gold_per_floor":[99,118,134,584,684,709,709,744,768,808,834,354,375,272,292,403,403,328,362,362,394,442,367,393,421,471,396,617,650,650,669,694,805,805,805,851,438,276,327,327,378,409,453,507,533,573,652,125,157,165,165,213,60,60,70],"floor_reached":56,"playtime":6544,"items_purged":["champ:Strike","Slimebound:Icky","Slimebound:Icky","champ:Strike","champ:Strike","Slimebound:Icky","champ:Defend"],"score":1866,"play_id":"78979846-7fb7-4275-85f8-ad519dcbbf3e","local_time":"20201219014954","is_ascension_mode":true,"campfire_choices":[{"data":"champ:Execute","floor":1,"key":"SMITH"},{"floor":18,"key":"RECALL"},{"data":"champ:ViciousMockery","floor":23,"key":"SMITH"},{"data":"champ:HoldFirm","floor":27,"key":"SMITH"},{"data":"champ:SteelEdge","floor":35,"key":"SMITH"},{"data":"Replay:SS_hec_2","floor":54,"key":"SMITH"}],"circlet_count":0,"master_deck":["champ:Strike+1","champ:Defend","champ:Defend","champ:Defend","champ:Execute+1","champ:Taunt","champ:Haymaker","champ:FaceSlap+1","champ:CrownThrow","champ:GladiatorStyle","champ:GladiatorStyle","champ:BladeFlurry","champ:HoldFirm+1","champ:ViciousMockery+1","champ:BringItOn","champ:SteelEdge","champ:TornadoPunch+1","champ:RisingSlash+1","champ:HoldFirm+1","champ:GladiatorsShout+1","champ:SteelEdge+1","champ:HoldFirm","champ:RisingSlash+1","Replay:SS_hec_2+1","Replay:SS_forest_5","champ:Devastate","ReplayUltimateDefense","champ:FocusedBerserking+1","champ:StanceDance+1"],"relics":["champ:ChampionCrownUpgraded","Replay:Rubber Ducky","Pantograph","Replay:Bandana","PreservedInsect","InkBottle","Sozu","downfall:HeartBlessingGreen","ReplayTheSpireMod:Shallot","Bag of Marbles","downfall:HeartBlessingRed","Pet Ghost","downfall:HeartBlessingBlue","Philosopher\u0027s Stone","Replay:Baseball","Membership Card","Pear","Frozen Eye","Anchor","Juzu Bracelet","Nunchaku","Whetstone","Turnip","Divine Protection","Replay:Towering Pillar of Hats","ReplayTheSpireMod:ShopPack","Gremlin Food","Replay:Wax Seal"],"acts_visited":["Exordium","TheCity","TheBeyond","TheEnding"],"potions_floor_usage":[12,55],"damage_taken":[{"damage":5,"enemies":"Jaw Worm","floor":2,"turns":3},{"damage":0,"enemies":"2 Louse","floor":3,"turns":4},{"damage":37,"enemies":"Lagavulin","floor":6,"turns":8},{"damage":10,"enemies":"Gremlin Nob","floor":8,"turns":3},{"damage":0,"enemies":"Small Slimes","floor":9,"turns":2},{"damage":17,"enemies":"Lagavulin","floor":10,"turns":4},{"damage":12,"enemies":"Gremlin Gang","floor":11,"turns":7},{"damage":3,"enemies":"downfall:FleeingMerchant","floor":12,"turns":4},{"damage":3,"enemies":"Exordium Wildlife","floor":13,"turns":4},{"damage":6,"enemies":"downfall:FleeingMerchant","floor":14,"turns":4},{"damage":5,"enemies":"Red Slaver","floor":15,"turns":4},{"damage":40,"enemies":"downfall:Silent","floor":16,"turns":8},{"damage":9,"enemies":"Replay:Snechameleon","floor":19,"turns":4},{"damage":6,"enemies":"Spheric Guardian","floor":21,"turns":1},{"damage":23,"enemies":"Slavers","floor":22,"turns":3},{"damage":21,"enemies":"3 Byrds","floor":25,"turns":2},{"damage":18,"enemies":"Replay:Snechameleon","floor":26,"turns":2},{"damage":11,"enemies":"downfall:FleeingMerchant","floor":28,"turns":4},{"damage":12,"enemies":"Centurion and Healer","floor":29,"turns":2},{"damage":15,"enemies":"Sentry and Sphere","floor":31,"turns":7},{"damage":18,"enemies":"Snake Plant","floor":32,"turns":2},{"damage":12,"enemies":"downfall:Defect","floor":33,"turns":7},{"damage":9,"enemies":"Nemesis","floor":36,"turns":1},{"damage":3,"enemies":"Reptomancer","floor":39,"turns":1},{"damage":22,"enemies":"R_Hoarder","floor":42,"turns":8},{"damage":14,"enemies":"3 Shapes","floor":43,"turns":3},{"damage":6,"enemies":"Reptomancer","floor":44,"turns":1},{"damage":11,"enemies":"Orb Walker","floor":45,"turns":2},{"damage":12,"enemies":"Transient","floor":46,"turns":5},{"damage":18,"enemies":"2 Orb Walkers","floor":47,"turns":2},{"damage":1,"enemies":"3 Darklings","floor":49,"turns":5},{"damage":16,"enemies":"downfall:Ironclad","floor":50,"turns":9},{"damage":6,"enemies":"downfall:CharBossMerchant","floor":52,"turns":9},{"damage":119,"enemies":"downfall:NeowBoss","floor":55,"turns":29}],"seed_played":"-1386421663003281768","potions_obtained":[{"floor":6,"key":"Regen Potion"},{"floor":8,"key":"ColorlessPotion"},{"floor":10,"key":"champ:OpenerPotion"},{"floor":11,"key":"Block Potion"}],"is_trial":false,"path_per_floor":["R","M","M","?","?","E","T","E","M","E","M","$","M","$","M","B",null,"R","E","?","M","E","R","T","M","E","R","$","M","?","M","M","B",null,"R","E","$","$","E","?","T","E","M","E","M","M","?","?","M","B",null,"E","$","R","B",null],"character_chosen":"THE_CHAMP","items_purchased":["InkBottle","champ:HoldFirm","Membership Card","Pear","champ:HoldFirm","Frozen Eye","Divine Protection","Replay:Towering Pillar of Hats","ReplayTheSpireMod:ShopPack","ReplayUltimateDefense","Replay:Wax Seal"],"campfire_rested":0,"item_purchase_floors":[12,12,37,37,37,38,48,48,48,48,53],"current_hp_per_floor":[90,90,90,90,90,61,61,59,59,47,43,43,43,43,41,35,90,90,90,55,55,55,55,55,55,55,65,65,65,65,65,65,90,100,100,100,110,110,107,97,97,97,97,97,97,97,97,97,105,110,110,110,110,110,110],"gold":70,"neow_bonus":"BOSS_RELIC","is_daily":false,"chose_seed":false,"campfire_upgraded":5,"win_rate":0.0,"timestamp":1608338994,"path_taken":["R","M","M","?","?","E","T","E","M","E","M","$","M","$","M","BOSS","R","E","?","M","E","R","T","M","E","R","$","?","?","?","M","BOSS","R","E","$","$","E","?","T","E","M","E","M","M","?","?","M","BOSS","E","$","R","BOSS"],"items_purchased_type":["Relic","Card","Relic","Relic","Card","Relic","Relic","Relic","Relic","Card","Relic"],"build_version":"2020-12-13","purchased_purges":7,"victory":true,"max_hp_per_floor":[90,90,90,90,90,90,90,90,90,90,90,90,90,90,90,90,90,90,90,90,90,90,90,90,90,90,100,100,100,100,100,100,100,100,100,100,110,110,110,110,110,110,110,110,110,110,110,110,110,110,110,110,110,110,110],"card_choices":[{"not_picked":["champ:FocusedDefense","champ:Backstep"],"picked":"champ:Haymaker","floor":2},{"not_picked":["champ:AdrenalArmor","champ:Balance"],"picked":"champ:FaceSlap","floor":3},{"not_picked":["champ:Encircle","champ:Lariat"],"picked":"champ:CrownThrow","floor":6},{"not_picked":["champ:TornadoPunch","champ:StanceDance"],"picked":"champ:GladiatorStyle","floor":8},{"not_picked":["champ:ArenaPreparation","champ:FanOfKnives"],"picked":"champ:GladiatorStyle","floor":9},{"not_picked":["champ:CrookedStrike","champ:DefensiveShout"],"picked":"champ:BladeFlurry","floor":10},{"not_picked":["champ:ArenaPreparation","champ:Encircle","champ:Riposte"],"picked":"SKIP","floor":11},{"not_picked":["champ:DefensiveShout","champ:SkillfulDodge","champ:CrookedStrike"],"picked":"SKIP","floor":12},{"not_picked":["champ:TornadoPunch","champ:Backstep","champ:Circumvent"],"picked":"SKIP","floor":13},{"not_picked":["champ:GladiatorsShout","champ:BerserkerStyle"],"picked":"champ:ViciousMockery","floor":14},{"not_picked":["champ:ArenaPreparation","champ:BladeFlurry"],"picked":"champ:BringItOn","floor":15},{"not_picked":["champ:CrownThrow","champ:Improvising"],"picked":"champ:SteelEdge","floor":16},{"not_picked":["champ:Circumvent","champ:BerserkersShout","champ:GladiatorsShout"],"picked":"SKIP","floor":19},{"not_picked":["champ:TornadoPunch","champ:BerserkersShout+1","champ:PreciseThrust"],"picked":"SKIP","floor":21},{"not_picked":["champ:BerserkerStyle","champ:BerserkersShout"],"picked":"champ:TornadoPunch+1","floor":22},{"not_picked":["champ:ShieldWall","champ:FightOn","champ:TornadoPunch"],"picked":"SKIP","floor":25},{"not_picked":["champ:TornadoPunch","champ:Balance","champ:EnragedBash+1"],"picked":"SKIP","floor":26},{"not_picked":["champ:BerserkersShout","champ:StanceDance","champ:Circumvent+1"],"picked":"SKIP","floor":28},{"not_picked":["champ:Balance","champ:DancingMaster"],"picked":"champ:RisingSlash+1","floor":29},{"not_picked":["champ:FanOfKnives","champ:Haymaker"],"picked":"champ:GladiatorsShout+1","floor":31},{"not_picked":["champ:BerserkersShout+1","champ:EnGarde","champ:FlashCut"],"picked":"SKIP","floor":32},{"not_picked":["champ:Improvising","champ:HeavySlash"],"picked":"champ:SteelEdge","floor":33},{"not_picked":["champ:GladiatorStyle","champ:FlashCut","champ:PreciseThrust+1"],"picked":"SKIP","floor":36},{"not_picked":["champ:BerserkerStyle+1","champ:Encircle"],"picked":"champ:RisingSlash+1","floor":39},{"not_picked":["Replay:SS_fish_2","expansioncontent:ManipulateTime"],"picked":"Replay:SS_hec_2","floor":40},{"not_picked":["Replay:SS_hec_4","expansioncontent:GuardianWhirl"],"picked":"Replay:SS_forest_5","floor":40},{"not_picked":["champ:Circumvent","champ:Aggression","champ:CrookedStrike"],"picked":"SKIP","floor":42},{"not_picked":["champ:BladeFlurry","champ:PerfectedStrike","champ:FalseCounter"],"picked":"SKIP","floor":43},{"not_picked":["champ:EnragedBash+1","champ:IronFortress","champ:FightOn"],"picked":"SKIP","floor":44},{"not_picked":["champ:Circumvent","champ:GladiatorsShout","champ:TornadoPunch"],"picked":"SKIP","floor":45},{"not_picked":["champ:BringItOn","champ:FanOfKnives+1"],"picked":"champ:Devastate","floor":46},{"not_picked":["champ:AdrenalArmor","champ:StanceDance"],"picked":"champ:FocusedBerserking+1","floor":49},{"not_picked":["champ:Duel","champ:FlashCut"],"picked":"champ:StanceDance+1","floor":52}],"player_experience":667268,"relics_obtained":[{"floor":6,"key":"Replay:Rubber Ducky"},{"floor":7,"key":"Pantograph"},{"floor":8,"key":"Replay:Bandana"},{"floor":10,"key":"PreservedInsect"},{"floor":19,"key":"ReplayTheSpireMod:Shallot"},{"floor":22,"key":"Bag of Marbles"},{"floor":26,"key":"Pet Ghost"},{"floor":36,"key":"Replay:Baseball"},{"floor":39,"key":"Anchor"},{"floor":41,"key":"Juzu Bracelet"},{"floor":42,"key":"Nunchaku"},{"floor":44,"key":"Whetstone"},{"floor":47,"key":"Turnip"},{"floor":52,"key":"Gremlin Food"}],"event_choices":[{"damage_healed":0,"gold_gain":0,"player_choice":"Copied","damage_taken":0,"max_hp_gain":0,"max_hp_loss":0,"event_name":"Duplicator","floor":30,"gold_loss":0,"cards_obtained":["champ:HoldFirm"]},{"damage_healed":0,"gold_gain":0,"player_choice":"Fight","damage_taken":0,"max_hp_gain":0,"max_hp_loss":0,"event_name":"Mysterious Sphere","floor":47,"gold_loss":0}],"is_beta":false,"boss_relics":[{"not_picked":["Runic Dome","Astrolabe"],"picked":"Sozu"},{"not_picked":["Runic Pyramid","ChewingGum"],"picked":"Philosopher\u0027s Stone"}],"items_purged_floors":[12,14,28,37,38,48,53],"is_endless":false,"potions_floor_spawned":[6,8,10,11,19,21,26,31,33,36,39,46,49],"ascension_level":1}}