{"host":"zr590xw2unlz0wv7","time":1608372316,"event":{"mods":["BaseMod","Minty Spire (QoL Compilation)","READ ME - Guardian Mod","StSLib"],"gold_per_floor":[119,69,69,86,105,105,136,136,136,152,168,168,181,201,201,296,296,309,309,323,323,323],"floor_reached":21,"playtime":603,"items_purged":[],"score":229,"play_id":"60b64a7c-0ec0-4be3-934f-17fcb91a81ce","local_time":"20201219180516","is_ascension_mode":true,"campfire_choices":[{"floor":6,"key":"RECALL"},{"data":"Doom and Gloom","floor":8,"key":"SMITH"},{"floor":15,"key":"REST"}],"circlet_count":0,"master_deck":["Strike_B","Strike_B","Strike_B","Strike_B","Defend_B","Defend_B","Zap","Dualcast","Double Energy","Gash","Doom and Gloom+1","Gash","Multi-Cast","Heatsinks","Multi-Cast","RitualDagger","FTL"],"relics":["Cracked Core","FossilizedHelix","Singing Bowl","Tiny Chest","Runic Pyramid"],"acts_visited":["Exordium","TheCity"],"potions_floor_usage":[16,16,16,21],"damage_taken":[{"damage":0,"enemies":"2 Louse","floor":1,"turns":2},{"damage":0,"enemies":"Small Slimes","floor":4,"turns":2},{"damage":0,"enemies":"Jaw Worm","floor":5,"turns":2},{"damage":10,"enemies":"Gremlin Nob","floor":7,"turns":4},{"damage":0,"enemies":"2 Fungi Beasts","floor":10,"turns":2},{"damage":0,"enemies":"Exordium Thugs","floor":11,"turns":4},{"damage":14,"enemies":"3 Louse","floor":13,"turns":3},{"damage":0,"enemies":"Blue Slaver","floor":14,"turns":2},{"damage":57,"enemies":"Hexaghost","floor":16,"turns":8},{"damage":18,"enemies":"Chosen","floor":18,"turns":4},{"damage":0,"enemies":"Spheric Guardian","floor":20,"turns":3},{"damage":36,"enemies":"Centurion and Healer","floor":21,"turns":5}],"seed_played":"9124387005175581919","potions_obtained":[{"floor":1,"key":"SpeedPotion"},{"floor":4,"key":"SpeedPotion"},{"floor":10,"key":"LiquidMemories"},{"floor":14,"key":"AttackPotion"},{"floor":20,"key":"SpeedPotion"}],"is_trial":false,"path_per_floor":["M","?","?","M","M","R","E","R","T","M","M","?","M","M","R","B",null,"M","?","M","M"],"character_chosen":"DEFECT","items_purchased":[],"campfire_rested":1,"item_purchase_floors":[],"current_hp_per_floor":[68,68,61,61,61,61,51,51,51,53,53,53,39,41,62,5,55,39,33,33,0,0],"gold":323,"neow_bonus":"ONE_RARE_RELIC","is_daily":false,"chose_seed":false,"campfire_upgraded":1,"win_rate":0.0,"timestamp":1608372316,"path_taken":["M","?","?","?","M","R","E","R","T","M","M","?","M","M","R","BOSS","M","?","M","M"],"items_purchased_type":[],"build_version":"2020-12-13","purchased_purges":0,"victory":false,"max_hp_per_floor":[68,68,68,68,68,68,68,68,68,70,70,70,70,72,72,72,72,74,74,74,74,74],"card_choices":[{"not_picked":["Scrape","Steam Power"],"picked":"Double Energy","floor":1},{"not_picked":["Redo","Conserve Battery"],"picked":"Gash","floor":4},{"not_picked":["Aggregate","Steam","Chill"],"picked":"SKIP","floor":5},{"not_picked":["Coolheaded","Stack"],"picked":"Doom and Gloom","floor":7},{"not_picked":["Rebound","Leap","Aggregate"],"picked":"Singing Bowl","floor":10},{"not_picked":["Glacier","Biased Cognition"],"picked":"Gash","floor":11},{"not_picked":["Compile Driver","Turbo"],"picked":"Heatsinks","floor":13},{"not_picked":["Storm","Heatsinks","Recycle"],"picked":"Singing Bowl","floor":14},{"not_picked":["Amplify","Fission"],"picked":"Multi-Cast","floor":16},{"not_picked":["Go for the Eyes","Steam","Leap"],"picked":"Singing Bowl","floor":18},{"not_picked":["Auto Shields","Steam Power+1"],"picked":"FTL","floor":20}],"player_experience":504498,"relics_obtained":[{"floor":7,"key":"Singing Bowl"},{"floor":9,"key":"Tiny Chest"}],"event_choices":[{"cards_removed":["Defend_B"],"damage_healed":0,"gold_gain":0,"player_choice":"Card Removal","damage_taken":0,"max_hp_gain":0,"max_hp_loss":0,"event_name":"The Cleric","floor":2,"gold_loss":50},{"cards_removed":["Defend_B"],"damage_healed":0,"gold_gain":0,"player_choice":"Card Removal","damage_taken":7,"max_hp_gain":0,"max_hp_loss":0,"event_name":"Golden Wing","floor":3,"gold_loss":0},{"damage_healed":0,"gold_gain":0,"player_choice":"1 cards matched","damage_taken":0,"max_hp_gain":0,"max_hp_loss":0,"event_name":"Match and Keep!","floor":12,"gold_loss":0,"cards_obtained":["Multi-Cast"]},{"damage_healed":0,"gold_gain":0,"player_choice":"Joined the Cult","damage_taken":6,"max_hp_gain":0,"max_hp_loss":0,"event_name":"Nest","floor":19,"gold_loss":0,"cards_obtained":["RitualDagger"]}],"is_beta":false,"boss_relics":[{"not_picked":["Black Star","Coffee Dripper"],"picked":"Runic Pyramid"}],"items_purged_floors":[],"is_endless":false,"potions_floor_spawned":[1,4,10,14,20],"killed_by":"Centurion and Healer","ascension_level":5}}