{"host":"12piqfhmdln9x2la","time":1608396642,"event":{"mods":["2.2 Compatiblity","AchievementEnabler","BaseMod","BetterRewards","Colored Powertips","Minty Spire (QoL Compilation)","Quick Restart","SuperFastMode"],"gold_per_floor":[112,112,127,127,18,51,51,64,64,82,107,107,382,399,399,399,399],"floor_reached":16,"playtime":201,"items_purged":["Strike_B"],"score":135,"play_id":"e21f2880-05ac-4662-a51e-e6370eae94b7","local_time":"20201220015042","is_ascension_mode":false,"campfire_choices":[{"data":"Machine Learning","floor":7,"key":"SMITH"},{"data":"Genetic Algorithm","floor":12,"key":"SMITH"},{"data":"Static Discharge","floor":15,"key":"SMITH"}],"circlet_count":0,"master_deck":["Strike_B","Strike_B","Strike_B+1","Defend_B","Defend_B","Defend_B","Defend_B+1","Zap","Dualcast","Storm","Hologram","Zap","Static Discharge","Machine Learning+1","Static Discharge+1","Coolheaded","Genetic Algorithm+1","Regret","Barrage"],"relics":["Cracked Core","NeowsBlessing","HornCleat","Ornamental Fan","InkBottle"],"acts_visited":["Exordium"],"potions_floor_usage":[10,11,11,14],"damage_taken":[{"damage":0,"enemies":"Cultist","floor":1,"turns":1},{"damage":0,"enemies":"Jaw Worm","floor":3,"turns":1},{"damage":0,"enemies":"3 Sentries","floor":6,"turns":2},{"damage":4,"enemies":"2 Louse","floor":8,"turns":2},{"damage":13,"enemies":"Red Slaver","floor":10,"turns":3},{"damage":12,"enemies":"Gremlin Nob","floor":11,"turns":3},{"damage":21,"enemies":"Lots of Slimes","floor":14,"turns":4},{"damage":21,"enemies":"The Guardian","floor":16,"turns":2}],"seed_played":"6850075206172588082","potions_obtained":[{"floor":3,"key":"PowerPotion"},{"floor":6,"key":"ColorlessPotion"},{"floor":10,"key":"Fruit Juice"},{"floor":11,"key":"DuplicationPotion"}],"is_trial":false,"path_per_floor":["M","?","M","?","$","E","R","M","T","M","E","R","?","M","R","B"],"character_chosen":"DEFECT","items_purchased":["Static Discharge"],"campfire_rested":0,"item_purchase_floors":[5],"current_hp_per_floor":[75,60,60,60,60,60,60,56,56,48,36,36,36,15,15,0,0],"gold":399,"neow_bonus":"THREE_ENEMY_KILL","is_daily":false,"chose_seed":false,"campfire_upgraded":3,"win_rate":0.0,"timestamp":1608396642,"path_taken":["M","?","M","?","$","E","R","M","T","?","E","R","?","M","R","BOSS"],"items_purchased_type":["Card"],"build_version":"2020-12-13","purchased_purges":1,"victory":false,"max_hp_per_floor":[75,75,75,75,75,75,75,75,75,80,80,80,80,80,80,80,80],"card_choices":[{"not_picked":["Sweeping Beam","Barrage"],"picked":"Storm","floor":1},{"not_picked":["Steam","Leap"],"picked":"Hologram","floor":3},{"not_picked":["Aggregate","Go for the Eyes"],"picked":"Machine Learning","floor":6},{"not_picked":["Cold Snap","Gash"],"picked":"Static Discharge","floor":8},{"not_picked":["Stack","Sweeping Beam"],"picked":"Coolheaded","floor":10},{"not_picked":["Turbo","Hologram"],"picked":"Genetic Algorithm","floor":11},{"not_picked":["Storm","Steam"],"picked":"Barrage","floor":14}],"player_experience":103854,"relics_obtained":[{"floor":6,"key":"HornCleat"},{"floor":9,"key":"Ornamental Fan"},{"floor":11,"key":"InkBottle"}],"event_choices":[{"damage_healed":0,"gold_gain":0,"player_choice":"Entered Light","damage_taken":15,"max_hp_gain":0,"max_hp_loss":0,"event_name":"Shining Light","floor":2,"gold_loss":0,"cards_upgraded":["Strike_B","Defend_B"]},{"damage_healed":0,"gold_gain":0,"player_choice":"1 cards matched","damage_taken":0,"max_hp_gain":0,"max_hp_loss":0,"event_name":"Match and Keep!","floor":4,"gold_loss":0,"cards_obtained":["Zap"]},{"damage_healed":0,"gold_gain":275,"player_choice":"Desecrate","damage_taken":0,"max_hp_gain":0,"max_hp_loss":0,"event_name":"Golden Shrine","floor":13,"gold_loss":0,"cards_obtained":["Regret"]}],"is_beta":false,"boss_relics":[],"items_purged_floors":[5],"is_endless":false,"potions_floor_spawned":[3,6,10,11],"killed_by":"The Guardian","ascension_level":0}}