{"host":"4amcrcg6ktw8dbzk","time":1608347675,"event":{"mods":["BaseMod","Dota2Spire","Minty Spire (QoL Compilation)","MostiFishMod","Spicy Shops","StSLib","Waifu the Spire"],"gold_per_floor":[111,129,79,79,95,128,128,159,238,238,163,173,186,217,217,294,294,305,317,317,38,52,52,83,94,94,19,50,50,50,62,62,139,139,150,164,64,89,101,134,146,189,227,269,281,293,23,58,58,58,58,58,58,85,85],"floor_reached":56,"playtime":2872,"items_purged":["Defend_G","Strike_G","Strike_G","Strike_G"],"score":2758,"play_id":"d7af8130-c15d-45ae-a4e6-bd211ba19bd8","local_time":"20201219111435","is_ascension_mode":true,"campfire_choices":[{"data":"Poisoned Stab","floor":7.0,"key":"SMITH"},{"data":"Neutralize","floor":10.0,"key":"SMITH"},{"data":"Footwork","floor":15.0,"key":"SMITH"},{"data":"Reflex","floor":23.0,"key":"SMITH"},{"data":"Tactician","floor":29,"key":"SMITH"},{"data":"Bouncing Flask","floor":32,"key":"SMITH"},{"data":"After Image","floor":41,"key":"SMITH"},{"floor":49,"key":"RECALL"},{"data":"Madness","floor":52,"key":"SMITH"}],"circlet_count":0,"master_deck":["AscendersBane","Defend_G","Defend_G","Defend_G","Defend_G","Survivor","Neutralize+1","MostiFishMod:InvigoratingSolution","Poisoned Stab+1","Footwork+1","Backflip","Reflex+1","Prepared+1","MostiFishMod:Neurotoxin+1","Tactician+1","Deadly Poison+1","Bouncing Flask+1","Prepared","Prepared","After Image+1","Backflip","Madness","Madness+1","Acrobatics","After Image+1"],"relics":["DaveBox","ChiXiaoBlade","TimeKeys","Question Card","Pocketwatch","SynthV:C4","Paper Crane","Dota2Spire:ArcaneBoots","ImportantClient","MetatronsCube","BionicSphere","Technique","Singing Bowl","Dota2Spire:CrimsonGuard","Dota2Spire:DrumOfEndurance","PatriotShield","TungstenRod","MawBank","Dota2Spire:OctarineCore","Bag of Marbles","Tingsha","DollysMirror","Dota2Spire:EyeOfSkadi","Tough Bandages"],"acts_visited":["Exordium","TheCity","TheBeyond","TheEnding"],"potions_floor_usage":[],"damage_taken":[{"damage":0.0,"enemies":"2 Louse","floor":1.0,"turns":3.0},{"damage":5.0,"enemies":"Small Slimes","floor":2.0,"turns":6.0},{"damage":0.0,"enemies":"Jaw Worm","floor":5.0,"turns":3.0},{"damage":9.0,"enemies":"Lagavulin","floor":6.0,"turns":5.0},{"damage":0.0,"enemies":"Gremlin Nob","floor":8.0,"turns":2.0},{"damage":3.0,"enemies":"Blue Slaver","floor":12.0,"turns":2.0},{"damage":11.0,"enemies":"Lots of Slimes","floor":13.0,"turns":2.0},{"damage":0.0,"enemies":"Lagavulin","floor":14.0,"turns":4.0},{"damage":0.0,"enemies":"Slime Boss","floor":16.0,"turns":5.0},{"damage":7.0,"enemies":"2 Thieves","floor":18.0,"turns":3.0},{"damage":0.0,"enemies":"Shell Parasite","floor":19.0,"turns":3.0},{"damage":0.0,"enemies":"3 Cultists","floor":22.0,"turns":3.0},{"damage":0.0,"enemies":"Gremlin Leader","floor":24.0,"turns":4.0},{"damage":0.0,"enemies":"Snake Plant","floor":25.0,"turns":3.0},{"damage":0.0,"enemies":"Book of Stabbing","floor":28.0,"turns":3.0},{"damage":0,"enemies":"Shelled Parasite and Fungi","floor":31,"turns":2},{"damage":0,"enemies":"Automaton","floor":33,"turns":6},{"damage":0,"enemies":"3 Shapes","floor":35,"turns":2},{"damage":0,"enemies":"3 Darklings","floor":36,"turns":3},{"damage":0,"enemies":"Mind Bloom Boss Battle","floor":38,"turns":3},{"damage":0,"enemies":"Transient","floor":39,"turns":5},{"damage":0,"enemies":"Giant Head","floor":40,"turns":6},{"damage":0,"enemies":"Reptomancer","floor":42,"turns":3},{"damage":0,"enemies":"Giant Head","floor":44,"turns":4},{"damage":0,"enemies":"Reptomancer","floor":48,"turns":2},{"damage":0,"enemies":"Donu and Deca","floor":50,"turns":4},{"damage":0,"enemies":"Shield and Spear","floor":54,"turns":4},{"damage":0,"enemies":"The Heart","floor":55,"turns":5}],"seed_played":"-1635388237162522556","potions_obtained":[{"floor":1.0,"key":"Fire Potion"},{"floor":6.0,"key":"BlessingOfTheForge"},{"floor":24.0,"key":"DuplicationPotion"}],"is_trial":false,"path_per_floor":["M","M","?","?","M","E","R","E","T","R","$","M","M","E","R","B",null,"M","M","?","$","M","R","E","M","T","?","E","R","?","M","R","B",null,"M","M","$","?","M","E","R","E","T","E","?","?","$","E","R","B",null,"R","$","E","B",null],"character_chosen":"THE_SILENT","items_purchased":["BionicSphere","Deadly Poison","Technique","Acrobatics","DollysMirror"],"campfire_rested":0,"item_purchase_floors":[21,21,21,47,47],"current_hp_per_floor":[59,54,54,54,54,45,45,45,45,45,45,42,31,31,31,31,57,50,50,50,50,50,50,50,50,50,50,50,50,50,50,50,50,62,62,64,64,66,68,70,70,72,72,74,65,65,65,72,72,72,82,82,82,84,84],"gold":85,"neow_bonus":"BOSS_RELIC","is_daily":false,"chose_seed":false,"campfire_upgraded":8,"win_rate":0.0,"timestamp":1608347675,"path_taken":["M","M","?","?","?","E","R","E","T","R","$","M","M","E","R","BOSS","M","M","?","$","?","R","E","M","T","?","E","R","?","M","R","BOSS","M","M","$","?","M","E","R","E","T","E","?","?","?","E","R","BOSS","R","$","E","BOSS"],"items_purchased_type":["Relic","Card","Relic","Card","Relic"],"build_version":"2020-12-13","purchased_purges":4,"victory":true,"max_hp_per_floor":[66,66,66,66,66,66,66,66,66,66,66,66,66,66,66,66,66,66,66,66,66,66,66,66,66,66,66,66,66,66,66,66,66,66,66,68,68,70,72,74,74,76,76,78,78,78,78,85,85,85,85,85,85,87,87],"card_choices":[{"not_picked":["Bane","Quick Slash"],"picked":"MostiFishMod:InvigoratingSolution","floor":1.0},{"not_picked":["Dodge and Roll","MostiFishMod:InvigoratingSolution","Prepared"],"picked":"Poisoned Stab","floor":2.0},{"not_picked":["Escape Plan","Infinite Blades","Heel Hook"],"picked":"Footwork","floor":5.0},{"not_picked":["Quick Slash","Dagger Throw","Flying Knee","MostiFishMod:UniGreen"],"picked":"SKIP","floor":6.0},{"not_picked":["Escape Plan","Infinite Blades","Underhanded Strike"],"picked":"Backflip","floor":8.0},{"not_picked":["PiercingWail","Underhanded Strike","Dodge and Roll"],"picked":"Caltrops","floor":12.0},{"not_picked":["PiercingWail","Dagger Throw","Dash"],"picked":"Reflex","floor":13.0},{"not_picked":["Escape Plan","Dodge and Roll","Blade Dance"],"picked":"Prepared","floor":14.0},{"not_picked":["MostiFishMod:AdrenalineArouse","Doppelganger","After Image"],"picked":"MostiFishMod:Neurotoxin","floor":16.0},{"not_picked":["Acrobatics","Dagger Spray+1","Deflect"],"picked":"Tactician","floor":18.0},{"not_picked":["Quick Slash","Blade Dance","Accuracy","Outmaneuver"],"picked":"SKIP","floor":19.0},{"not_picked":["Predator","Flying Knee+1","MostiFishMod:InvigoratingSolution","Blur"],"picked":"SKIP","floor":22.0},{"not_picked":["MostiFishMod:Listen","Cloak And Dagger","Riddle With Holes"],"picked":"Bouncing Flask","floor":24.0},{"not_picked":["Blur","Accuracy","Expertise"],"picked":"Prepared","floor":25.0},{"not_picked":["Bane","Deadly Poison","Leg Sweep","Choke"],"picked":"SKIP","floor":28},{"not_picked":["Quick Slash","Backstab","Deadly Poison"],"picked":"Prepared","floor":31},{"not_picked":["Unload","Glass Knife","MostiFishMod:GrandStart"],"picked":"After Image","floor":33},{"not_picked":["Bane","Underhanded Strike","All Out Attack"],"picked":"Backflip","floor":35},{"not_picked":["Underhanded Strike","Infinite Blades","Storm of Steel","Eviscerate"],"picked":"Singing Bowl","floor":36},{"not_picked":["Skewer","MostiFishMod:PreservedThorns","Underhanded Strike","Dodge and Roll"],"picked":"Singing Bowl","floor":38},{"not_picked":["PiercingWail","Skewer+1","All Out Attack","Slice"],"picked":"Singing Bowl","floor":39},{"not_picked":["Night Terror","Dodge and Roll","Underhanded Strike","A Thousand Cuts"],"picked":"Singing Bowl","floor":40},{"not_picked":["Bouncing Flask+1","Underhanded Strike+1","Deflect+1","Flechettes+1"],"picked":"Singing Bowl","floor":42},{"not_picked":["Deadly Poison","Quick Slash","Outmaneuver","Dodge and Roll+1"],"picked":"Singing Bowl","floor":44},{"not_picked":["Outmaneuver","Distraction","Finisher","MostiFishMod:PoisonShield"],"picked":"Singing Bowl","floor":48},{"not_picked":["Finisher","A Thousand Cuts","MostiFishMod:SpreadingSpore","Sucker Punch"],"picked":"Singing Bowl","floor":54}],"player_experience":269341,"relics_obtained":[{"floor":1.0,"key":"Question Card"},{"floor":6.0,"key":"Pocketwatch"},{"floor":8.0,"key":"SynthV:C4"},{"floor":9.0,"key":"Paper Crane"},{"floor":14.0,"key":"Dota2Spire:ArcaneBoots"},{"floor":16.0,"key":"ImportantClient"},{"floor":24.0,"key":"Singing Bowl"},{"floor":28,"key":"Dota2Spire:CrimsonGuard"},{"floor":38,"key":"TungstenRod"},{"floor":40,"key":"MawBank"},{"floor":42,"key":"Dota2Spire:OctarineCore"},{"floor":43,"key":"Bag of Marbles"},{"floor":44,"key":"Tingsha"},{"floor":48,"key":"Dota2Spire:EyeOfSkadi"},{"floor":54,"key":"Tough Bandages"}],"event_choices":[{"cards_removed":["Strike_G"],"damage_healed":0.0,"max_hp_gain":0.0,"max_hp_loss":0.0,"gold_gain":0.0,"event_name":"The Cleric","player_choice":"Card Removal","floor":3.0,"gold_loss":50.0,"damage_taken":0.0},{"damage_healed":0.0,"max_hp_gain":0.0,"max_hp_loss":0.0,"gold_gain":0.0,"event_name":"Liars Game","player_choice":"Ignored","floor":4.0,"gold_loss":0.0,"damage_taken":0.0},{"damage_healed":0.0,"max_hp_gain":0.0,"max_hp_loss":0.0,"gold_gain":0.0,"event_name":"Accursed Blacksmith","player_choice":"Forge","floor":20.0,"gold_loss":0.0,"damage_taken":0.0,"cards_upgraded":["MostiFishMod:Neurotoxin"]},{"cards_removed":["Strike_G"],"damage_healed":0.0,"max_hp_gain":0.0,"max_hp_loss":0.0,"gold_gain":0.0,"event_name":"Beggar","player_choice":"Gave Gold","floor":27.0,"gold_loss":75.0,"damage_taken":0.0},{"damage_healed":0,"gold_gain":0,"player_choice":"Opened","damage_taken":0,"relics_obtained":["Dota2Spire:DrumOfEndurance"],"max_hp_gain":0,"max_hp_loss":0,"event_name":"The Mausoleum","floor":30,"gold_loss":0},{"damage_healed":0,"gold_gain":0,"player_choice":"Fight","damage_taken":0,"max_hp_gain":0,"max_hp_loss":0,"event_name":"MindBloom","floor":38,"gold_loss":0},{"damage_healed":0,"gold_gain":0,"player_choice":"Embrace Madness","damage_taken":10,"max_hp_gain":0,"max_hp_loss":0,"event_name":"Winding Halls","floor":45,"gold_loss":0,"cards_obtained":["Madness","Madness"]},{"cards_removed":["Caltrops"],"damage_healed":0,"gold_gain":0,"player_choice":"Removed Power","damage_taken":0,"max_hp_gain":0,"max_hp_loss":0,"event_name":"Falling","floor":46,"gold_loss":0}],"is_beta":false,"boss_relics":[{"not_picked":["TakeMeEscape","Velvet Choker"],"picked":"MetatronsCube"},{"not_picked":["ShadowXiaoBlade","Cursed Key"],"picked":"PatriotShield"}],"items_purged_floors":[11,21,37,47],"is_endless":false,"potions_floor_spawned":[1,6,12,13,16,24,31,33,36,38,44,48],"ascension_level":14}}