{"host":"d0verjtbj2sjunpo","time":1608339251,"event":{"mods":["AchievementEnabler","Aspiration","BaseMod","Better Altar","Better Third Choice","BetterRewards","Downfall","Marisa????????","Minty Spire (QoL Compilation)","Replay The Spire","StSLib","The Cursed","The Servant 0.9.4"],"gold_per_floor":[364,26,26,26,26,61,73,73,96,96,116,116,143,143,143,243,243,257,267,283,307,325,325,336,336,415,415,262,262,105,137,137,236,236,253,96,96,96,106,140,140,140,140],"floor_reached":42,"playtime":2686,"items_purged":[],"score":632,"play_id":"e418f57c-8c09-4961-bc74-64c5f7126fd9","local_time":"20201218185411","is_ascension_mode":true,"campfire_choices":[{"floor":8,"key":"REST"},{"floor":10,"key":"REST"},{"floor":15,"key":"REST"},{"floor":23,"key":"REST"},{"floor":25,"key":"REST"},{"floor":32,"key":"REST"},{"floor":41,"key":"REST"}],"circlet_count":0,"master_deck":["Strike_G","Strike_G","Strike_G","Strike_G","Defend_G","Defend_G","Defend_G","Defend_G","Defend_G","Survivor","Neutralize","Bane","Draining Mist","The Bomb+1","ReplayTheSpireMod:Brewmster","Crow Ritual","expansioncontent:DecasProtection","Endless Agony","Skewer","Noxious Fumes","Dagger Throw","Deadly Poison","Venomology","IllusionStar+1","NonDirectionalLaser","aspiration:Lunge","MagicChant","StarBarrage","Flying Knee+1","Bullet Time","CurseOfTheBell","Deadly Poison","Leg Sweep","ManaRampage"],"relics":["Ring of the Snake","ReplayTheSpireMod:ShopPack","Mercury Hourglass","MealTicket","Replay:Wax Seal","aspiration:MarisaSkillbook","Bag of Preparation","Ornamental Fan","Sling","Nunchaku","Lee\u0027s Waffle","Snake Skull","Calling Bell","Gremlin Food","ReplayTheSpireMod:Shallot","aspiration:AnachronicSnailShell","Strange Spoon","Replay:Rubber Ducky"],"acts_visited":["Exordium","TheCity","TheBeyond"],"potions_floor_usage":[13,16,16,16,16,16,16,16,16,16,19,19,19,19,19,20,22,22,24,24,24,27,27,31,33,33,33,33,35,40,40,42,42,42,42],"damage_taken":[{"damage":0,"enemies":"2 Louse","floor":1,"turns":4},{"damage":12,"enemies":"3 Sentries","floor":6,"turns":3},{"damage":6,"enemies":"Cultist","floor":7,"turns":3},{"damage":5,"enemies":"Small Slimes","floor":11,"turns":2},{"damage":27,"enemies":"Gremlin Nob","floor":13,"turns":5},{"damage":6,"enemies":"The Guardian","floor":16,"turns":9},{"damage":5,"enemies":"Shell Parasite","floor":18,"turns":3},{"damage":5,"enemies":"Chosen","floor":19,"turns":5},{"damage":11,"enemies":"Centurion and Healer","floor":20,"turns":4},{"damage":52,"enemies":"Shelled Parasite and Fungi","floor":22,"turns":5},{"damage":32,"enemies":"Sentry and Sphere","floor":24,"turns":4},{"damage":24,"enemies":"Centurion and Healer","floor":27,"turns":4},{"damage":16,"enemies":"Replay:Snechameleon","floor":31,"turns":5},{"damage":56,"enemies":"Pondfish","floor":33,"turns":9},{"damage":12,"enemies":"Orb Walker","floor":35,"turns":3},{"damage":14,"enemies":"3 Shapes","floor":39,"turns":3},{"damage":28,"enemies":"R_Hoarder","floor":40,"turns":7},{"damage":58,"enemies":"Nemesis","floor":42,"turns":5}],"seed_played":"-8625241720089314906","potions_obtained":[{"floor":11,"key":"Explosive Potion"},{"floor":24,"key":"SkillPotion"},{"floor":35,"key":"GamblersBrew"}],"is_trial":false,"path_per_floor":["M","$","?","$","?","E","M","R","T","R","M","$","E","?","R","B",null,"M","M","M","T","M","R","M","R","T","M","$","?","$","E","R","B",null,"M","$","?","$","M","E","R","E"],"character_chosen":"THE_SILENT","items_purchased":["ReplayTheSpireMod:ShopPack","Draining Mist","The Bomb","Sling","Lee\u0027s Waffle","Strange Spoon"],"campfire_rested":7,"item_purchase_floors":[2,2,2,28,30,36],"current_hp_per_floor":[49,49,49,49,49,37,31,52,52,70,65,70,43,43,64,58,70,65,60,61,61,18,39,16,37,37,13,28,28,77,61,77,21,77,65,77,77,77,63,35,58,0,0],"gold":140,"neow_bonus":"TWO_FIFTY_GOLD","is_daily":false,"chose_seed":false,"campfire_upgraded":0,"win_rate":0.0,"timestamp":1608339251,"path_taken":["M","$","?","?","?","E","M","R","T","R","M","$","E","?","R","BOSS","M","M","?","?","M","R","M","R","T","M","$","?","?","E","R","BOSS","M","$","?","$","M","E","R","E"],"items_purchased_type":["Relic","Card","Card","Relic","Relic","Relic"],"build_version":"2020-12-13","purchased_purges":0,"victory":false,"max_hp_per_floor":[70,70,70,70,70,70,70,70,70,70,70,70,70,70,70,70,70,70,70,70,70,70,70,70,70,70,70,70,70,77,77,77,77,77,77,77,77,77,77,77,77,77,77],"card_choices":[{"not_picked":["Blade Dance","Prepared"],"picked":"Bane","floor":1},{"not_picked":["Chrysalis","expansioncontent:QuickStudy"],"picked":"ReplayTheSpireMod:Brewmster","floor":2},{"not_picked":["expansioncontent:PrepareCrush","Replay:SS_forest_5"],"picked":"Crow Ritual","floor":2},{"not_picked":["expansioncontent:Sear","expansioncontent:PrepareCrush"],"picked":"expansioncontent:DecasProtection","floor":2},{"not_picked":["Expertise","Riddle With Holes"],"picked":"Skewer","floor":6},{"not_picked":["Adrenaline","Poisoned Stab"],"picked":"Noxious Fumes","floor":7},{"not_picked":["Acrobatics","Slice"],"picked":"Dagger Throw","floor":11},{"not_picked":["Backflip","Heel Hook"],"picked":"Deadly Poison","floor":13},{"not_picked":["aspiration:Lunge","Wraith Form v2"],"picked":"Venomology","floor":16},{"not_picked":["Calculated Gamble","Quick Slash+1","ShootingEcho"],"picked":"IllusionStar+1","floor":18},{"not_picked":["DC+1","ShootTheMoon","Cloak And Dagger"],"picked":"NonDirectionalLaser","floor":19},{"not_picked":["GravityBeat+1","MagicAbsorber","Hidden Blade"],"picked":"aspiration:Lunge","floor":20},{"not_picked":["Poisoned Stab","ReplayTheSpireMod:Shiv Toss","IllusionStar+1"],"picked":"MagicChant","floor":22},{"not_picked":["Infinite Blades","Tactician","ReplayTheSpireMod:Scrap Shanks"],"picked":"StarBarrage","floor":24},{"not_picked":["LuminesStrike","Prepared","GrandCross+1"],"picked":"Flying Knee+1","floor":31},{"not_picked":["Atom Bomb","Glass Knife","MillisecondPulsars"],"picked":"Bullet Time","floor":33},{"not_picked":["Backflip","Orbital","All Out Attack"],"picked":"Deadly Poison","floor":35},{"not_picked":["Escape Plan","Hidden Blade+1","StarBarrage+1"],"picked":"Leg Sweep","floor":39},{"not_picked":["SprinkleStarSeal","Riddle With Holes+1","OrrerysSun+1"],"picked":"ManaRampage","floor":40}],"player_experience":173595,"relics_obtained":[{"floor":6,"key":"Mercury Hourglass"},{"floor":9,"key":"MealTicket"},{"floor":13,"key":"Replay:Wax Seal"},{"floor":21,"key":"Bag of Preparation"},{"floor":26,"key":"Ornamental Fan"},{"floor":31,"key":"Snake Skull"},{"floor":34,"key":"Gremlin Food"},{"floor":34,"key":"ReplayTheSpireMod:Shallot"},{"floor":34,"key":"aspiration:AnachronicSnailShell"},{"floor":40,"key":"Replay:Rubber Ducky"}],"event_choices":[{"damage_healed":0,"gold_gain":0,"cards_transformed":["Strike_G"],"player_choice":"Transformed","damage_taken":0,"max_hp_gain":0,"max_hp_loss":0,"event_name":"Transmorgrifier","floor":3,"gold_loss":0,"cards_obtained":["Endless Agony"]},{"damage_healed":0,"gold_gain":0,"player_choice":"Ignored","damage_taken":0,"max_hp_gain":0,"max_hp_loss":0,"event_name":"Golden Wing","floor":5,"gold_loss":0},{"damage_healed":0,"gold_gain":0,"player_choice":"Bought 0 Potions","damage_taken":0,"max_hp_gain":0,"max_hp_loss":0,"event_name":"The Woman in Blue","floor":14,"gold_loss":0},{"damage_healed":0,"gold_gain":0,"player_choice":"Opened","damage_taken":0,"relics_obtained":["Nunchaku"],"max_hp_gain":0,"max_hp_loss":0,"event_name":"The Mausoleum","floor":29,"gold_loss":0},{"damage_healed":0,"gold_gain":0,"player_choice":"Ignored","damage_taken":0,"max_hp_gain":0,"max_hp_loss":0,"event_name":"Purifier","floor":37,"gold_loss":0}],"is_beta":false,"boss_relics":[{"not_picked":["Snecko Eye","ChewingGum"],"picked":"aspiration:MarisaSkillbook"},{"not_picked":["Tiny House","aspiration:RitualDagger"],"picked":"Calling Bell"}],"items_purged_floors":[],"is_endless":false,"potions_floor_spawned":[11,13,24,27,35],"killed_by":"Nemesis","ascension_level":1}}