{"host":"9tzam4717zt8ei1o","time":1608351911,"event":{"mods":["BaseMod","Colored Map","Keyboard Shortcuts","Minty Spire (QoL Compilation)","Quick Restart","StSLib","SuperFastMode"],"gold_per_floor":[364,374,35,46,65,65,65,93,116,116,116],"floor_reached":10,"playtime":167,"items_purged":["Doubt"],"score":136,"play_id":"d516ba35-b6e1-4623-a0c1-2077e9710292","local_time":"20201219132511","is_ascension_mode":true,"campfire_choices":[{"data":"Cloak And Dagger","floor":6,"key":"SMITH"}],"circlet_count":0,"master_deck":["AscendersBane","Strike_G","Strike_G","Strike_G","Strike_G","Strike_G","Defend_G","Defend_G","Defend_G","Defend_G","Defend_G","Survivor","Neutralize","Flying Knee","Deadly Poison","Flash of Steel","Cloak And Dagger+1"],"relics":["Ring of the Snake","Membership Card","Vajra","Tiny Chest","Strawberry"],"acts_visited":["Exordium"],"potions_floor_usage":[],"damage_taken":[{"damage":14,"enemies":"Cultist","floor":1,"turns":6},{"damage":3,"enemies":"Small Slimes","floor":2,"turns":4},{"damage":11,"enemies":"Jaw Worm","floor":4,"turns":4},{"damage":0,"enemies":"2 Fungi Beasts","floor":5,"turns":4},{"damage":29,"enemies":"Gremlin Nob","floor":8,"turns":4},{"damage":16,"enemies":"3 Sentries","floor":10,"turns":4}],"seed_played":"-1244160364036317087","potions_obtained":[],"is_trial":false,"path_per_floor":["M","M","$","M","M","R","?","E","T","E"],"character_chosen":"THE_SILENT","items_purchased":["Membership Card","Flash of Steel","Vajra"],"campfire_rested":0,"item_purchase_floors":[3,3,3],"current_hp_per_floor":[45,42,42,31,31,31,31,2,9,0,0],"gold":116,"neow_bonus":"TWO_FIFTY_GOLD","is_daily":false,"chose_seed":false,"campfire_upgraded":1,"win_rate":0.0,"timestamp":1608351911,"path_taken":["M","M","$","M","M","R","?","E","T","E"],"items_purchased_type":["Relic","Card","Relic"],"build_version":"2020-12-13","purchased_purges":1,"victory":false,"max_hp_per_floor":[66,66,66,66,66,66,66,66,73,73,73],"card_choices":[{"not_picked":["Slice","Well Laid Plans"],"picked":"Flying Knee","floor":1},{"not_picked":["Leg Sweep","Dodge and Roll"],"picked":"Deadly Poison","floor":2},{"not_picked":["Flechettes","Underhanded Strike"],"picked":"Cloak And Dagger","floor":4},{"not_picked":["Quick Slash","Distraction","Dash"],"picked":"SKIP","floor":5},{"not_picked":["Outmaneuver","Acrobatics","Deadly Poison"],"picked":"SKIP","floor":8}],"player_experience":90542,"relics_obtained":[{"floor":8,"key":"Tiny Chest"},{"floor":9,"key":"Strawberry"}],"event_choices":[{"damage_healed":0,"gold_gain":0,"player_choice":"Leave","damage_taken":0,"max_hp_gain":0,"max_hp_loss":0,"event_name":"The Cleric","floor":7,"gold_loss":0}],"is_beta":false,"boss_relics":[],"items_purged_floors":[3],"is_endless":false,"potions_floor_spawned":[],"killed_by":"3 Sentries","ascension_level":20}}