{"host":"0azimyi6n3ugndj4","time":1608406058,"event":{"mods":["BaseMod","Bestiary","Conspire","Curses Come First","Defuse TimeMaze Blight","Hyrulean Relics","Infinite Spire","Minty Spire (QoL Compilation)","Relic Sorter","Relic Stats","Replay The Spire","StSLib","SuperFastMode","Uncapped","¡¼?Úª?ø«¡½REMEMod"],"gold_per_floor":[99,24,24,78,123,123,73,73,73,172,172,247,283,376,376,605,605,635,635,635,550,374,374,649,688,737,842,884,884,935,935,935,1175,1175,1235,1195,1249,1249,1367,1448,1448,1448],"floor_reached":41,"playtime":794,"items_purged":["ReplayTheSpireMod:Restless Dread"],"score":1411,"play_id":"7982aa90-890c-4df5-b336-51281ade6083","local_time":"20201220042738","daily_mods":["Draft","Hoarder","Chimera","Shiny","Specialized","Vintage","ControlledChaos","Allstar","Diverse","Colorless Cards","Heirloom","Time Dilation","Flight","Binary","Elite Swarm","Lethality","Midas","Binary"],"is_ascension_mode":true,"campfire_choices":[{"floor":6.0,"key":"REST"},{"floor":8.0,"key":"REST"},{"floor":15.0,"key":"REST"},{"floor":23.0,"key":"REST"},{"floor":32.0,"key":"REST"}],"circlet_count":0,"master_deck":["Wraith Form v2","Echo Form","DevaForm","AscendersBane","Survivor","Zap","Strike_R","Strike_G","Strike_B","Defend_R","Defend_G","Defend_P","Devotion","LessonLearned","Vault","Alpha","Establishment","REME_WorshipGod","Replay:LoomingThreat","DeusExMachina","Judgement","ConjureBlade","REME_EmptyShield","MasterReality","Ragnarok","REME_CRH","Scrawl","Wish","Omniscience","SpiritShield","DevaForm","Hyperbeam","REME_ForAll","Machine Learning","Buffer","Mirror Shield","Seek","Echo Form","All For One","Reboot","Fission","Core Surge","Multi-Cast","Thunder Strike","Biased Cognition","REME_Shoggoth","Electrodynamics","ReplayRNGCard","ReplayTheSpireMod:Omega Cannon","Rainbow","Meteor Strike","ReplayTheSpireMod:Fabricate Wheel","Amplify","Creative AI","REME_ShadowForm","ReplayTheSpireMod:Necrosis","Corpse Explosion","Die Die Die","Atom Bomb","ReplayTheSpireMod:From All Sides","Adrenaline","Envenom","Doppelganger","Burst","Wraith Form v2","REME_SpectralBlade","Tools of the Trade","REME_CopyPotion","After Image","Poison Darts","A Thousand Cuts","Venomology","Replay:Bag of Tricks","Malaise","Phantasmal Killer","Night Terror","infinitespire:Neurotoxin","Unload","REME_GrazeFinale","Bullet Time","Storm of Steel","Glass Knife","Grand Finale","Double Tap","Demon Form","REME_ACTH","Fiend Fire","Eclipse","conspire:Purge","Berserk","Impervious","Juggernaut","Brutality","Demonic Infusion","conspire:HitWhereItHurts","Exhume","Offering","REME_Fury","Bludgeon","Feed","Replay:Many Hands","Limit Break","Corruption","Barricade","Hemogenesis","REME_TheLastStrike","Reaper","Immolate","Thinking Ahead","Metamorphosis","Master of Strategy","Magnetism","Chrysalis","Mayhem","REME_PuzzleBox","Secret Weapon","Midas Touch","ReplayTheSpireMod:Brewmster","REME_AllRoundStrike","Poisoned Strike","Sadistic Nature","Replay:Dark Deal","REME_Flogging","ReplayUltimateDefense","Transmutation","REME_BattleFury","HandOfGreed","ReplayTheSpireMod:Necrogeddon","Apotheosis","Panache","Violence","Secret Technique","The Bomb","Crow Ritual","REME_BuildACard","REME_ProfessionalPlagiarism","ReplayTheSpireMod:Brewmster","ReplayTheSpireMod:Brewmster","ReplayTheSpireMod:Brewmster+1","ReplayTheSpireMod:Brewmster","ReplayTheSpireMod:Brewmster","ReplayTheSpireMod:Brewmster","ReplayTheSpireMod:Brewmster","ReplayTheSpireMod:Brewmster","ReplayTheSpireMod:Brewmster","ReplayTheSpireMod:Brewmster","ReplayTheSpireMod:Brewmster","ReplayTheSpireMod:Brewmster","ReplayTheSpireMod:Brewmster","ReplayTheSpireMod:Brewmster","ReplayTheSpireMod:Brewmster","Coolheaded","Coolheaded","Coolheaded","FIFO Queue","FIFO Queue","FIFO Queue","Turbo","Turbo+1","Turbo","Stack","Stack","Stack","Disarm","Disarm","Disarm","Abandon","Abandon","Abandon","Pommel Strike","Pommel Strike","Pommel Strike","FlyingSleeves","FlyingSleeves","FlyingSleeves","Perfected Strike","Perfected Strike","Perfected Strike","Armaments","Armaments","Armaments","Beam Cell","Beam Cell","Beam Cell","Genetic Algorithm","Genetic Algorithm","Genetic Algorithm","FollowUp","FollowUp","FollowUp","Armaments","Armaments","Armaments","Rebound","Rebound","Rebound","REME_ShadowForm","REME_ShadowForm","REME_ShadowForm","Eruption","Eruption","Eruption","conspire:SpireCoStock","conspire:SpireCoStock","conspire:SpireCoStock","ReplayTheSpireMod:Restless Dread","ReplayTheSpireMod:Restless Dread","Regret","Regret","Regret","ReplayTheSpireMod:Reroute Power","ReplayTheSpireMod:Reroute Power","ReplayTheSpireMod:Reroute Power"],"relics":["Frozen Eye","CultistMask","Busted Crown","REME_ComplimentaryCards","Replay:Arrowhead","Replay:M_SmolderingBlood","REME_HourglassOfDeath","Lantern","zeldaRelics:CourageTriforce","Odd Mushroom","The Courier","ChewingGum","Orichalcum","StoneCalendar","ReplayTheSpireMod:CursedCoin","ReplayTheSpireMod:TigerMarble","Replay:WaspNest","Replay:Rubber Ducky","zeldaRelics:WisdomTriforce","ReplayTheSpireMod:Lightbulb","Garlic","Black Star","Dream Catcher","conspire:SpecialSausage","REME_LimitBreaker","Pantograph","Calipers","zeldaRelics:PowerPiece"],"acts_visited":["Exordium","TheCity","TheBeyond"],"potions_floor_usage":[40,40,41,41],"damage_taken":[{"damage":16.0,"enemies":"2 Louse","floor":4.0,"turns":2.0},{"damage":3.0,"enemies":"conspire:RoseBush","floor":5.0,"turns":2.0},{"damage":0.0,"enemies":"3 Sentries","floor":10.0,"turns":1.0},{"damage":0.0,"enemies":"The Mushroom Lair","floor":12.0,"turns":1.0},{"damage":0.0,"enemies":"infinitespire:Voidling","floor":13.0,"turns":1.0},{"damage":0.0,"enemies":"Lagavulin","floor":14.0,"turns":2.0},{"damage":74.0,"enemies":"Hexaghost","floor":16.0,"turns":5.0},{"damage":0.0,"enemies":"Chosen","floor":18.0,"turns":3.0},{"damage":0.0,"enemies":"conspire:FuzzyDice","floor":25.0,"turns":2.0},{"damage":0.0,"enemies":"conspire:Head Lice","floor":27.0,"turns":4.0},{"damage":0.0,"enemies":"3 Cultists","floor":28.0,"turns":2.0},{"damage":8.0,"enemies":"Centurion and Healer","floor":30.0,"turns":2.0},{"damage":21.0,"enemies":"Champ","floor":33.0,"turns":4.0},{"damage":0,"enemies":"3 Darklings","floor":35,"turns":2},{"damage":0,"enemies":"3 Shapes","floor":37,"turns":1},{"damage":5,"enemies":"Mind Bloom Boss Battle","floor":39,"turns":6},{"damage":17,"enemies":"Nemesis","floor":40,"turns":5},{"damage":23,"enemies":"infinitespire:Three Voidlings","floor":41,"turns":2},{"damage":42,"enemies":"Nightmare_Alpha","floor":41,"turns":2}],"seed_played":"6725413209358335506","potions_obtained":[{"floor":5.0,"key":"PowerPotion"},{"floor":12.0,"key":"Explosive Potion"},{"floor":14.0,"key":"EssenceOfSteel"},{"floor":18.0,"key":"Explosive Potion"},{"floor":28.0,"key":"Death Potion"},{"floor":40,"key":"FearPotion"}],"is_trial":true,"path_per_floor":["?","?","?","M","M","R","?","R","T","E","?","?","M","E","R","B",null,"M","?","?","?","$","R","?","M","T","E","M","?","M","AVR","R","B",null,"M","?","M","?","?","E","?"],"character_chosen":"IRONCLAD","items_purchased":["ReplayTheSpireMod:CursedCoin","ReplayTheSpireMod:TigerMarble","Replay:WaspNest"],"campfire_rested":5,"item_purchase_floors":[22,22,22],"current_hp_per_floor":[68,68,68,52,49,71,71,75,75,75,52,52,52,52,74,1,57,57,36,36,36,36,60,60,60,60,80,80,80,72,72,80,59,75,75,75,75,75,80,63,0,0],"gold":1448,"neow_bonus":"","is_daily":false,"chose_seed":false,"campfire_upgraded":0,"win_rate":0.0,"timestamp":1608406058,"path_taken":["?","?","?","?","?","R","?","R","T","E","?","?","M","E","R","BOSS","M","?","?","?","?","R","?","M","T","E","?","?","?","AVR","R","BOSS","M","?","?","?","?","E","?"],"items_purchased_type":["Relic","Relic","Relic"],"build_version":"2020-12-13","purchased_purges":1,"victory":false,"max_hp_per_floor":[75,75,75,75,75,75,75,75,75,75,75,75,75,75,75,75,75,75,80,80,80,80,80,80,80,80,80,80,80,80,80,80,80,80,80,80,80,80,80,80,80,80],"relic_stats":{"Dream Catcher":1,"Busted Crown":30,"counters":[19,45],"Pantograph":5,"StoneCalendar":[0],"Black Star":1,"Orichalcum":[78],"obtain_stats":[{"Lantern":5,"Calipers":39,"StoneCalendar":21,"conspire:SpecialSausage":34,"Burning Blood":0,"zeldaRelics:WisdomTriforce":40,"Replay:Rubber Ducky":25,"Frozen Eye":0,"Dream Catcher":31,"Replay:M_SmolderingBlood":1,"Pantograph":37,"zeldaRelics:CouragePiece":9,"zeldaRelics:PowerPiece":40,"zeldaRelics:WisdomPiece":26,"ReplayTheSpireMod:CursedCoin":22,"The Courier":13,"Replay:WaspNest":22,"Odd Mushroom":12,"Orichalcum":18,"REME_LimitBreaker":35,"Replay:Arrowhead":0,"zeldaRelics:CourageTriforce":14,"Busted Crown":0,"REME_HourglassOfDeath":4,"ChewingGum":17,"CultistMask":3,"ReplayTheSpireMod:TigerMarble":22,"Garlic":30,"Black Star":31,"ReplayTheSpireMod:Lightbulb":28,"REME_ComplimentaryCards":0},{"Lantern":2,"Calipers":16,"StoneCalendar":8,"conspire:SpecialSausage":13,"Burning Blood":0,"zeldaRelics:WisdomTriforce":17,"Replay:Rubber Ducky":9,"Frozen Eye":0,"Dream Catcher":12,"Replay:M_SmolderingBlood":0,"Pantograph":15,"zeldaRelics:CouragePiece":2,"zeldaRelics:PowerPiece":17,"zeldaRelics:WisdomPiece":9,"ReplayTheSpireMod:CursedCoin":8,"The Courier":5,"Replay:WaspNest":8,"Odd Mushroom":4,"Orichalcum":8,"REME_LimitBreaker":14,"Replay:Arrowhead":0,"zeldaRelics:CourageTriforce":6,"Busted Crown":0,"REME_HourglassOfDeath":1,"ChewingGum":7,"CultistMask":0,"ReplayTheSpireMod:TigerMarble":8,"Garlic":12,"Black Star":12,"ReplayTheSpireMod:Lightbulb":11,"REME_ComplimentaryCards":0},{"Lantern":3,"Calipers":37,"StoneCalendar":16,"conspire:SpecialSausage":29,"Burning Blood":0,"zeldaRelics:WisdomTriforce":41,"Replay:Rubber Ducky":17,"Frozen Eye":0,"Dream Catcher":25,"Replay:M_SmolderingBlood":0,"Pantograph":31,"zeldaRelics:CouragePiece":3,"zeldaRelics:PowerPiece":41,"zeldaRelics:WisdomPiece":17,"ReplayTheSpireMod:CursedCoin":16,"The Courier":6,"Replay:WaspNest":16,"Odd Mushroom":5,"Orichalcum":16,"REME_LimitBreaker":30,"Replay:Arrowhead":0,"zeldaRelics:CourageTriforce":8,"Busted Crown":0,"REME_HourglassOfDeath":2,"ChewingGum":13,"CultistMask":0,"ReplayTheSpireMod:TigerMarble":16,"Garlic":25,"Black Star":25,"ReplayTheSpireMod:Lightbulb":23,"REME_ComplimentaryCards":0}]},"card_choices":[{"not_picked":["Masterful Stab","Bane"],"picked":"Coolheaded","floor":0.0},{"not_picked":["EmptyBody","CutThroughFate"],"picked":"FIFO Queue","floor":0.0},{"not_picked":["CrushJoints","Steam"],"picked":"Turbo","floor":0.0},{"not_picked":["Backflip","Dodge and Roll"],"picked":"Stack","floor":0.0},{"not_picked":["Riddle With Holes","Body Slam"],"picked":"Disarm","floor":0.0},{"not_picked":["Consecrate","Rebound"],"picked":"Abandon","floor":0.0},{"not_picked":["ReplayTheSpireMod:Dual Polarity","Prostrate"],"picked":"Pommel Strike","floor":0.0},{"not_picked":["Gash","Replay:AtTheReady"],"picked":"FlyingSleeves","floor":0.0},{"not_picked":["Flame Barrier","Dagger Spray"],"picked":"Perfected Strike","floor":0.0},{"not_picked":["Blade Dance","Riddle With Holes"],"picked":"Armaments","floor":0.0},{"not_picked":["ReplayTheSpireMod:Dual Polarity","Pommel Strike"],"picked":"Beam Cell","floor":0.0},{"not_picked":["DeceiveReality","Reckless Charge"],"picked":"Genetic Algorithm","floor":0.0},{"not_picked":["Dagger Spray","Prostrate"],"picked":"FollowUp","floor":0.0},{"not_picked":["Shrug It Off","Replay:Undeath\u0027s Touch"],"picked":"Armaments","floor":0.0},{"not_picked":["Dagger Spray","Defy Death"],"picked":"Rebound","floor":0.0}],"player_experience":1464807,"relics_obtained":[{"floor":4.0,"key":"REME_HourglassOfDeath"},{"floor":5.0,"key":"Lantern"},{"floor":9.0,"key":"zeldaRelics:CouragePiece"},{"floor":10.0,"key":"zeldaRelics:CouragePiece"},{"floor":12.0,"key":"Odd Mushroom"},{"floor":13.0,"key":"The Courier"},{"floor":14.0,"key":"zeldaRelics:CouragePiece"},{"floor":18.0,"key":"Orichalcum"},{"floor":25.0,"key":"Replay:Rubber Ducky"},{"floor":26.0,"key":"zeldaRelics:WisdomPiece"},{"floor":27.0,"key":"zeldaRelics:WisdomPiece"},{"floor":28.0,"key":"ReplayTheSpireMod:Lightbulb"},{"floor":30.0,"key":"Garlic"},{"floor":35,"key":"REME_LimitBreaker"},{"floor":37,"key":"Pantograph"},{"floor":39,"key":"Calipers"},{"floor":40,"key":"zeldaRelics:WisdomPiece"},{"floor":40,"key":"zeldaRelics:WisdomPiece"}],"event_choices":[{"cards_removed":["Eruption"],"damage_healed":0.0,"max_hp_gain":0.0,"max_hp_loss":0.0,"gold_gain":0.0,"event_name":"The Cleric","player_choice":"Card Removal","floor":2.0,"gold_loss":75.0,"damage_taken":0.0},{"damage_healed":0.0,"max_hp_gain":0.0,"max_hp_loss":0.0,"gold_gain":0.0,"event_name":"FaceTrader","player_choice":"Trade","floor":3.0,"gold_loss":0.0,"damage_taken":0.0,"relics_obtained":["CultistMask"]},{"damage_healed":0.0,"max_hp_gain":0.0,"max_hp_loss":0.0,"gold_gain":0.0,"event_name":"conspire:Investor","player_choice":"Invest 1","floor":7.0,"gold_loss":0.0,"damage_taken":0.0},{"damage_healed":0.0,"max_hp_gain":0.0,"max_hp_loss":0.0,"gold_gain":0.0,"event_name":"Shining Light","player_choice":"Entered Light","floor":11.0,"gold_loss":0.0,"damage_taken":23.0,"cards_upgraded":["Turbo","ReplayTheSpireMod:Brewmster"]},{"damage_healed":0.0,"max_hp_gain":0.0,"max_hp_loss":0.0,"gold_gain":0.0,"event_name":"Mushrooms","player_choice":"Fought Mushrooms","floor":12.0,"gold_loss":0.0,"damage_taken":0.0},{"damage_healed":0.0,"max_hp_gain":5.0,"max_hp_loss":0.0,"gold_gain":0.0,"event_name":"Forgotten Altar","player_choice":"Shed Blood","floor":19.0,"gold_loss":0.0,"damage_taken":26.0},{"cards_removed":["Replay:AllIn"],"damage_healed":0.0,"max_hp_gain":0.0,"max_hp_loss":0.0,"gold_gain":0.0,"event_name":"Back to Basics","player_choice":"Elegance","floor":20.0,"gold_loss":0.0,"damage_taken":0.0},{"damage_healed":0.0,"max_hp_gain":0.0,"max_hp_loss":0.0,"gold_gain":0.0,"event_name":"Addict","player_choice":"Obtained Relic","floor":21.0,"gold_loss":85.0,"damage_taken":0.0,"relics_obtained":["StoneCalendar"]},{"damage_healed":0.0,"max_hp_gain":0.0,"max_hp_loss":0.0,"gold_gain":275.0,"event_name":"Golden Shrine","player_choice":"Desecrate","floor":24.0,"gold_loss":0.0,"damage_taken":0.0,"cards_obtained":["Regret"]},{"damage_healed":0.0,"max_hp_gain":0.0,"max_hp_loss":0.0,"gold_gain":0.0,"cards_transformed":["Blasphemy"],"event_name":"Transmorgrifier","player_choice":"Transformed","floor":29.0,"gold_loss":0.0,"damage_taken":0.0,"cards_obtained":["ReplayTheSpireMod:Reroute Power"]},{"damage_healed":0,"gold_gain":0,"player_choice":"Bought 3 Potions","damage_taken":0,"max_hp_gain":0,"max_hp_loss":0,"event_name":"The Woman in Blue","floor":36,"gold_loss":0},{"damage_healed":0,"gold_gain":0,"player_choice":"Ignored","damage_taken":0,"max_hp_gain":0,"max_hp_loss":0,"event_name":"Tomb of Lord Red Mask","floor":38,"gold_loss":0},{"damage_healed":0,"gold_gain":0,"player_choice":"Fight","damage_taken":0,"max_hp_gain":0,"max_hp_loss":0,"event_name":"MindBloom","floor":39,"gold_loss":0}],"is_beta":false,"boss_relics":[{"not_picked":["conspire:SlowCooker","REME_LowDesire"],"picked":"ChewingGum"},{"not_picked":["ReplayTheSpireMod:SealedPack","Tiny House"],"picked":"conspire:SpecialSausage"}],"items_purged_floors":[31],"is_endless":false,"potions_floor_spawned":[5,12,14,18,25,28,35,37,40],"killed_by":"Nightmare_Alpha","ascension_level":20}}