{"host":"12piqfhmdln9x2la","time":1608395420,"event":{"mods":["2.2 Compatiblity","AchievementEnabler","BaseMod","BetterRewards","Colored Powertips","Minty Spire (QoL Compilation)","Quick Restart","SuperFastMode"],"gold_per_floor":[115,115,115,115,140,174,193,236,287,287,287,302,2,18,18,141,141,165,180,41,41,62,101,191,212,238,238,257,257,291,95,95,95,95],"floor_reached":33,"playtime":742,"items_purged":["Strike_B","Strike_B"],"score":320,"play_id":"74912816-6899-41ed-ba60-fe66d14bb035","local_time":"20201220013020","is_ascension_mode":false,"campfire_choices":[{"data":"Defragment","floor":11,"key":"SMITH"},{"data":"Redo","floor":15,"key":"SMITH"},{"data":"Echo Form","floor":27,"key":"SMITH"},{"data":"Self Repair","floor":32,"key":"SMITH"}],"circlet_count":0,"master_deck":["Strike_B","Strike_B","Defend_B+1","Defend_B","Zap","Dualcast+1","Double Energy","Redo+1","Amplify","Ball Lightning","Defragment+1","Melter","Storm","Rebound","Echo Form+1","Defragment+1","Force Field","Sunder","Defragment","Redo","Impatience","Hologram+1","Self Repair+1"],"relics":["Cracked Core","NeowsBlessing","Golden Idol","Meat on the Bone","Anchor","Bag of Marbles","Gremlin Horn","Lee\u0027s Waffle","Coffee Dripper","Bottled Tornado","Bronze Scales","Gambling Chip","Boot"],"acts_visited":["Exordium","TheCity"],"potions_floor_usage":[8,16,18,23,25,33],"damage_taken":[{"damage":0,"enemies":"Small Slimes","floor":1,"turns":1},{"damage":0,"enemies":"2 Louse","floor":5,"turns":1},{"damage":0,"enemies":"Lagavulin","floor":6,"turns":1},{"damage":9,"enemies":"Cultist","floor":7,"turns":4},{"damage":32,"enemies":"Gremlin Nob","floor":8,"turns":4},{"damage":0,"enemies":"Looter","floor":12,"turns":2},{"damage":18,"enemies":"Exordium Thugs","floor":14,"turns":3},{"damage":47,"enemies":"Hexaghost","floor":16,"turns":7},{"damage":0,"enemies":"3 Byrds","floor":18,"turns":3},{"damage":0,"enemies":"Chosen","floor":19,"turns":4},{"damage":19,"enemies":"Snake Plant","floor":22,"turns":4},{"damage":22,"enemies":"Gremlin Leader","floor":23,"turns":4},{"damage":21,"enemies":"Centurion and Healer","floor":25,"turns":5},{"damage":5,"enemies":"Chosen and Byrds","floor":28,"turns":4},{"damage":23,"enemies":"Book of Stabbing","floor":30,"turns":5},{"damage":27,"enemies":"Collector","floor":33,"turns":2}],"seed_played":"-7388256152018125401","potions_obtained":[{"floor":1,"key":"Swift Potion"},{"floor":6,"key":"SkillPotion"},{"floor":14,"key":"FearPotion"},{"floor":16,"key":"Fire Potion"},{"floor":22,"key":"EssenceOfDarkness"},{"floor":23,"key":"AttackPotion"},{"floor":25,"key":"FocusPotion"}],"is_trial":false,"path_per_floor":["M","?","?","?","M","E","M","E","T","T","R","M","$","M","R","B",null,"M","M","$","?","M","E","?","M","T","R","M","?","E","$","R","B"],"character_chosen":"DEFECT","items_purchased":["Storm","Lee\u0027s Waffle","Sunder","Self Repair","Boot"],"campfire_rested":0,"item_purchase_floors":[13,13,20,31,31],"current_hp_per_floor":[75,60,42,35,35,35,38,18,18,18,18,30,82,64,64,29,82,82,82,82,82,63,53,35,26,26,26,33,33,22,22,22,0,0],"gold":95,"neow_bonus":"THREE_ENEMY_KILL","is_daily":false,"chose_seed":false,"campfire_upgraded":4,"win_rate":0.0,"timestamp":1608395420,"path_taken":["M","?","?","?","M","E","M","E","T","?","R","M","$","M","R","BOSS","M","M","$","?","M","E","?","M","T","R","?","?","E","$","R","BOSS"],"items_purchased_type":["Card","Relic","Card","Card","Relic"],"build_version":"2020-12-13","purchased_purges":2,"victory":false,"max_hp_per_floor":[75,75,75,75,75,75,75,75,75,75,75,75,82,82,82,82,82,82,82,82,82,82,82,82,82,82,82,82,82,82,82,82,82,82],"card_choices":[{"not_picked":["Recycle","Darkness"],"picked":"Double Energy","floor":1},{"not_picked":["Coolheaded","Barrage"],"picked":"Redo","floor":5},{"not_picked":["Rebound","Reinforced Body"],"picked":"Amplify","floor":6},{"not_picked":["Conserve Battery","Stack"],"picked":"Ball Lightning","floor":7},{"not_picked":["Consume","Darkness"],"picked":"Defragment","floor":8},{"not_picked":["Turbo","Gash"],"picked":"Melter","floor":12},{"not_picked":["Coolheaded","Steam Power"],"picked":"Rebound","floor":14},{"not_picked":["All For One","Seek"],"picked":"Echo Form","floor":16},{"not_picked":["Force Field","Coolheaded"],"picked":"Defragment+1","floor":18},{"not_picked":["Chill+1","Auto Shields"],"picked":"Force Field","floor":19},{"not_picked":["Cold Snap","Beam Cell+1"],"picked":"Defragment","floor":22},{"not_picked":["Rebound","Go for the Eyes+1"],"picked":"Redo","floor":23},{"not_picked":["Heatsinks","Steam+1"],"picked":"Hologram+1","floor":25},{"not_picked":["Auto Shields+1","Turbo","Undo+1"],"picked":"SKIP","floor":28},{"not_picked":["Rip and Tear","Turbo","Steam Power"],"picked":"SKIP","floor":30}],"player_experience":102089,"relics_obtained":[{"floor":6,"key":"Meat on the Bone"},{"floor":8,"key":"Anchor"},{"floor":9,"key":"Bag of Marbles"},{"floor":10,"key":"Gremlin Horn"},{"floor":23,"key":"Bottled Tornado"},{"floor":26,"key":"Bronze Scales"},{"floor":30,"key":"Gambling Chip"}],"event_choices":[{"damage_healed":0,"gold_gain":0,"player_choice":"Entered Light","damage_taken":15,"max_hp_gain":0,"max_hp_loss":0,"event_name":"Shining Light","floor":2,"gold_loss":0,"cards_upgraded":["Defend_B","Dualcast"]},{"damage_healed":0,"gold_gain":0,"player_choice":"Take Damage","damage_taken":18,"relics_obtained":["Golden Idol"],"max_hp_gain":0,"max_hp_loss":0,"event_name":"Golden Idol","floor":3,"gold_loss":0},{"cards_removed":["Defend_B"],"damage_healed":0,"gold_gain":0,"player_choice":"Card Removal","damage_taken":7,"max_hp_gain":0,"max_hp_loss":0,"event_name":"Golden Wing","floor":4,"gold_loss":0},{"damage_healed":0,"gold_gain":0,"player_choice":"Ignored","damage_taken":0,"max_hp_gain":0,"max_hp_loss":0,"event_name":"Vampires","floor":21,"gold_loss":0},{"damage_healed":0,"gold_gain":90,"player_choice":"CARD GOLD ","damage_taken":18,"max_hp_gain":0,"max_hp_loss":0,"event_name":"Knowing Skull","floor":24,"potions_obtained":[],"gold_loss":0,"cards_obtained":["Impatience"]},{"cards_removed":["Defend_B"],"damage_healed":0,"gold_gain":0,"player_choice":"Elegance","damage_taken":0,"max_hp_gain":0,"max_hp_loss":0,"event_name":"Back to Basics","floor":29,"gold_loss":0}],"is_beta":false,"boss_relics":[{"not_picked":["Cursed Key","SacredBark"],"picked":"Coffee Dripper"}],"items_purged_floors":[13,20],"is_endless":false,"potions_floor_spawned":[1,6,14,16,22,23,25],"killed_by":"Collector","ascension_level":0}}