{"host":"tpad8qsc9e0g0pa5","time":1608381721,"event":{"mods":["BaseMod","Minty Spire (QoL Compilation)","Quick Restart","StSLib","The Bug Knight","The Servant 0.9.4"],"gold_per_floor":[219,239,239,239,258,286,300,63,63,63,75,94,110,122,122,225,225,239,11,11,29,45,45,71,71,71],"floor_reached":25,"playtime":3374,"items_purged":[],"score":227,"play_id":"431af977-4a22-44be-b758-2a8e661afa38","local_time":"20201219204201","is_ascension_mode":false,"campfire_choices":[{"floor":10.0,"key":"REST"},{"data":"HollowMod:SoulMaster","floor":15.0,"key":"SMITH"},{"data":"HollowMod:QuickDashStart","floor":23,"key":"PURGE"}],"circlet_count":0,"master_deck":["HollowMod:NailStrikeStart","HollowMod:NailStrikeStart","HollowMod:NailStrikeStart","HollowMod:NailStrikeStart","HollowMod:QuickDashStart","HollowMod:QuickDashStart","HollowMod:FocusHealStart","HollowMod:PogoStrike","HollowMod:DesolateDive","HollowMod:ChannelNail","HollowMod:DoubleDash","HollowMod:HowlingWraiths","HollowMod:SoulMaster+1","HollowMod:CloakDash","HollowMod:PureNailStrike","HollowMod:CycloneSlash","HollowMod:HornetsHelp","HollowMod:SoulSplash","HollowMod:VengefulSpirit","HollowMod:HuntersJournal+1","HollowMod:SoulSplash+1"],"relics":["HollowMod:VesselMask","Peace Pipe","Kunai","Sozu","Ancient Tea Set","Nilry\u0027s Codex","Frozen Egg 2"],"acts_visited":["Exordium","TheCity"],"potions_floor_usage":[],"damage_taken":[{"damage":0.0,"enemies":"Small Slimes","floor":1.0,"turns":3.0},{"damage":3.0,"enemies":"Jaw Worm","floor":2.0,"turns":3.0},{"damage":0.0,"enemies":"2 Louse","floor":5.0,"turns":2.0},{"damage":35.0,"enemies":"Lagavulin","floor":6.0,"turns":8.0},{"damage":2.0,"enemies":"Large Slime","floor":7.0,"turns":5.0},{"damage":8.0,"enemies":"Red Slaver","floor":11.0,"turns":7.0},{"damage":0.0,"enemies":"Looter","floor":12.0,"turns":4.0},{"damage":0.0,"enemies":"Exordium Wildlife","floor":13.0,"turns":3.0},{"damage":7.0,"enemies":"Exordium Thugs","floor":14.0,"turns":4.0},{"damage":39.0,"enemies":"HollowMod:FalseKnight","floor":16.0,"turns":10.0},{"damage":8.0,"enemies":"Spheric Guardian","floor":18.0,"turns":4.0},{"damage":10.0,"enemies":"Chosen","floor":21.0,"turns":6.0},{"damage":21,"enemies":"Centurion and Healer","floor":22,"turns":4},{"damage":42,"enemies":"Gremlin Leader","floor":24,"turns":7},{"damage":0,"enemies":"Shelled Parasite and Fungi","floor":25,"turns":1}],"seed_played":"1071017905634180648","potions_obtained":[{"floor":2.0,"key":"Block Potion"},{"floor":7.0,"key":"Block Potion"},{"floor":11.0,"key":"Fire Potion"},{"floor":16.0,"key":"Fire Potion"}],"is_trial":false,"path_per_floor":["M","M","?","?","M","E","M","$","T","R","M","M","M","M","R","B",null,"M","$","?","M","M","R","E","M"],"character_chosen":"THE_BUGKNIGHT","items_purchased":["HollowMod:SoulMaster","HollowMod:CloakDash","HollowMod:PureNailStrike","HollowMod:VengefulSpirit","Ancient Tea Set"],"campfire_rested":1,"item_purchase_floors":[8,8,8,19,19],"current_hp_per_floor":[75,72,72,77,77,48,46,46,46,70,72,78,80,73,73,34,80,78,78,62,58,37,37,5,5,5],"gold":71,"neow_bonus":"HUNDRED_GOLD","is_daily":false,"chose_seed":false,"campfire_upgraded":1,"win_rate":0.0,"timestamp":1608381721,"path_taken":["M","M","?","?","M","E","M","$","T","R","M","M","M","M","R","BOSS","M","$","?","M","M","R","E","M"],"items_purchased_type":["Card","Card","Card","Card","Relic"],"build_version":"2020-12-13","purchased_purges":0,"victory":false,"max_hp_per_floor":[75,75,75,80,80,80,80,80,80,80,80,80,80,80,80,80,80,80,80,80,80,80,80,80,80,80],"card_choices":[{"not_picked":["HollowMod:DescendingDark","HollowMod:VengefulVoid","HollowMod:SiblingsSouls"],"picked":"SKIP","floor":1.0},{"not_picked":["HollowMod:TaintedHusks","HollowMod:HowlingWraiths"],"picked":"HollowMod:DesolateDive","floor":2.0},{"not_picked":["HollowMod:HuntersJournal","HollowMod:HeavyBlow"],"picked":"HollowMod:ChannelNail","floor":5.0},{"not_picked":["HollowMod:GoodIntentions","HollowMod:BlackTendrils"],"picked":"HollowMod:DoubleDash","floor":6.0},{"not_picked":["HollowMod:HuntersJournal","HollowMod:DungDefenderAura"],"picked":"HollowMod:HowlingWraiths","floor":7.0},{"not_picked":["HollowMod:BrokenVessel","HollowMod:Weaversong"],"picked":"HollowMod:CycloneSlash","floor":11.0},{"not_picked":["HollowMod:NewJinnsSoul","HollowMod:AbyssShriek","HollowMod:ChannelNail"],"picked":"SKIP","floor":12.0},{"not_picked":["HollowMod:SiblingsSouls","HollowMod:GreatSlash","HollowMod:NewGlowingWomb"],"picked":"SKIP","floor":13.0},{"not_picked":["HollowMod:PureNailStrike","HollowMod:InfectedCysts","HollowMod:DashSlash"],"picked":"SKIP","floor":14.0},{"not_picked":["HollowMod:Hiveblood","HollowMod:ZotesMagnificence"],"picked":"HollowMod:HornetsHelp","floor":16.0},{"not_picked":["HollowMod:InfectedCysts","HollowMod:LifebloodCocoon"],"picked":"HollowMod:SoulSplash","floor":18.0},{"not_picked":["HollowMod:SoulSplash","HollowMod:Weaversong"],"picked":"HollowMod:HuntersJournal+1","floor":21.0},{"not_picked":["HollowMod:DoubleDash+1","HollowMod:MawleksShell"],"picked":"HollowMod:SoulSplash+1","floor":22},{"not_picked":["HollowMod:DashSlash","HollowMod:WraithStrike+1","HollowMod:TaintedHusks+1"],"picked":"SKIP","floor":24}],"player_experience":240403,"relics_obtained":[{"floor":6.0,"key":"Peace Pipe"},{"floor":9.0,"key":"Kunai"},{"floor":20.0,"key":"Nilry\u0027s Codex"},{"floor":24,"key":"Frozen Egg 2"}],"event_choices":[{"damage_healed":0.0,"max_hp_gain":5.0,"max_hp_loss":0.0,"gold_gain":0.0,"event_name":"Big Fish","player_choice":"Donut","floor":4.0,"gold_loss":0.0,"damage_taken":0.0},{"damage_healed":0.0,"max_hp_gain":0.0,"max_hp_loss":0.0,"gold_gain":0.0,"event_name":"Cursed Tome","player_choice":"Obtained Book","floor":20.0,"gold_loss":0.0,"damage_taken":16.0}],"is_beta":false,"boss_relics":[{"not_picked":["Runic Pyramid","Black Star"],"picked":"Sozu"}],"items_purged_floors":[],"is_endless":false,"potions_floor_spawned":[2,7,11,16,21,24],"killed_by":"Shelled Parasite and Fungi","ascension_level":0}}