{"host":"u2grshebrc5rdzdn","time":1608391815,"event":{"mods":["AchievementEnabler","BaseMod","Minty Spire (QoL Compilation)","StSLib"],"gold_per_floor":[119,132,307,257,257,283,283,314,337,337,337,187,10,54,54,179,179,194,210,34,54,54,54],"floor_reached":22,"playtime":1034,"items_purged":["Strike_P","Strike_P","Strike_P"],"score":259,"play_id":"253b3396-b65b-49a2-9909-135aa7f14634","local_time":"20201219163015","is_ascension_mode":true,"campfire_choices":[{"data":"MasterReality","floor":7,"key":"SMITH"},{"floor":11,"key":"REST"},{"floor":15,"key":"REST"}],"circlet_count":0,"master_deck":["Defend_P+1","Defend_P","Eruption","Vigilance+1","InnerPeace","FlurryOfBlows","MasterReality+1","Prostrate","Study","BattleHymn","Consecrate","Alpha","ThirdEye"],"relics":["PureWater","NeowsBlessing","Potion Belt","InkBottle","Ancient Tea Set","Golden Idol","War Paint","Empty Cage"],"acts_visited":["Exordium","TheCity"],"potions_floor_usage":[22],"damage_taken":[{"damage":0,"enemies":"Small Slimes","floor":1,"turns":1},{"damage":0,"enemies":"2 Louse","floor":2,"turns":1},{"damage":0,"enemies":"Lagavulin","floor":6,"turns":1},{"damage":45,"enemies":"Gremlin Nob","floor":8,"turns":6},{"damage":13,"enemies":"Lagavulin","floor":14,"turns":6},{"damage":31,"enemies":"Hexaghost","floor":16,"turns":8},{"damage":16,"enemies":"Shell Parasite","floor":18,"turns":6},{"damage":10,"enemies":"3 Byrds","floor":19,"turns":3},{"damage":30,"enemies":"Sentry and Sphere","floor":21,"turns":4},{"damage":21,"enemies":"Centurion and Healer","floor":22,"turns":5}],"seed_played":"167179576127001865","potions_obtained":[{"floor":2,"key":"SpeedPotion"},{"floor":6,"key":"SpeedPotion"},{"floor":14,"key":"CultistPotion"}],"is_trial":false,"path_per_floor":["M","M","?","?","?","E","R","E","T","?","R","$","$","E","R","B",null,"M","M","$","M","M"],"character_chosen":"WATCHER","items_purchased":["Study","BattleHymn","ThirdEye"],"campfire_rested":2,"item_purchase_floors":[12,13,20],"current_hp_per_floor":[72,72,72,72,65,65,65,20,20,20,40,40,40,27,47,16,67,51,41,41,11,0,0],"gold":54,"neow_bonus":"THREE_ENEMY_KILL","is_daily":false,"chose_seed":false,"campfire_upgraded":1,"win_rate":0.0,"timestamp":1608391815,"path_taken":["M","M","?","?","?","E","R","E","T","?","R","?","$","E","R","BOSS","M","M","$","M","M"],"items_purchased_type":["Card","Card","Card"],"build_version":"2020-12-13","purchased_purges":3,"victory":false,"max_hp_per_floor":[72,72,72,72,72,72,72,72,72,67,67,67,67,67,67,67,67,67,67,67,67,67,67],"card_choices":[{"not_picked":["ClearTheMind","Worship"],"picked":"InnerPeace","floor":1},{"not_picked":["Indignation","JustLucky"],"picked":"FlurryOfBlows","floor":2},{"not_picked":["Meditate","SashWhip"],"picked":"MasterReality","floor":6},{"not_picked":["Halt","Fasting2"],"picked":"Prostrate","floor":8},{"not_picked":["Halt","ForeignInfluence"],"picked":"Consecrate","floor":14},{"not_picked":["Blasphemy","MasterReality"],"picked":"Alpha","floor":16},{"not_picked":["WheelKick","EmptyFist+1","Evaluate"],"picked":"SKIP","floor":18},{"not_picked":["EmptyBody","WaveOfTheHand","DeceiveReality+1"],"picked":"SKIP","floor":19},{"not_picked":["LikeWater+1","Tantrum","FlyingSleeves"],"picked":"SKIP","floor":21}],"player_experience":292480,"relics_obtained":[{"floor":6,"key":"Potion Belt"},{"floor":8,"key":"InkBottle"},{"floor":9,"key":"Ancient Tea Set"},{"floor":14,"key":"War Paint"}],"event_choices":[{"damage_healed":0,"gold_gain":175,"player_choice":"AGREE","damage_taken":0,"max_hp_gain":0,"max_hp_loss":0,"event_name":"Liars Game","floor":3,"gold_loss":0,"cards_obtained":["Doubt"]},{"cards_removed":["Doubt"],"damage_healed":0,"gold_gain":0,"player_choice":"Card Removal","damage_taken":0,"max_hp_gain":0,"max_hp_loss":0,"event_name":"The Cleric","floor":4,"gold_loss":50},{"cards_removed":["Defend_P"],"damage_healed":0,"gold_gain":0,"player_choice":"Card Removal","damage_taken":7,"max_hp_gain":0,"max_hp_loss":0,"event_name":"Golden Wing","floor":5,"gold_loss":0},{"damage_healed":0,"gold_gain":0,"player_choice":"Lose Max HP","damage_taken":0,"relics_obtained":["Golden Idol"],"max_hp_gain":0,"max_hp_loss":5,"event_name":"Golden Idol","floor":10,"gold_loss":0}],"is_beta":false,"boss_relics":[{"not_picked":["Black Star","SacredBark"],"picked":"Empty Cage"}],"items_purged_floors":[12,13,20],"is_endless":false,"potions_floor_spawned":[2,6,14],"killed_by":"Centurion and Healer","ascension_level":3}}