{"host":"m1ntkrf87179kmo6","time":1608401265,"event":{"mods":["BaseMod","Better Third Choice","Minty Spire (QoL Compilation)","Shade Mod","StSLib"],"gold_per_floor":[117,117,129,180,200,219,219,219,219,232,232,407,420,459,459,459,459],"floor_reached":16,"playtime":955,"items_purged":[],"score":102,"play_id":"a7d6001b-075c-487d-b043-9401471445ef","local_time":"20201219130745","is_ascension_mode":false,"campfire_choices":[{"floor":7,"key":"RECALL"},{"data":"Shade:AncientSpear","floor":11,"key":"SMITH"},{"floor":15,"key":"REST"}],"circlet_count":0,"master_deck":["Shade:Strike_Shade","Shade:Strike_Shade","Shade:Strike_Shade","Shade:Strike_Shade","Shade:Defend_Shade","Shade:Defend_Shade","Shade:Defend_Shade","Shade:Defend_Shade","Shade:AnimateDead","Shade:CarefulCut","Shade:AncientSpear+1","Shade:FuneraryArmor","Shade:Brains","Injury","Shade:RitualOffering","Doubt"],"relics":["Shade:YorickSkull","Ancient Tea Set","Golden Idol","Bronze Scales","Darkstone Periapt"],"acts_visited":["Exordium"],"potions_floor_usage":[10,14,16],"damage_taken":[{"damage":0,"enemies":"Jaw Worm","floor":1,"turns":4},{"damage":0,"enemies":"2 Louse","floor":3,"turns":2},{"damage":0,"enemies":"Small Slimes","floor":5,"turns":2},{"damage":0,"enemies":"Blue Slaver","floor":6,"turns":3},{"damage":3,"enemies":"Large Slime","floor":10,"turns":5},{"damage":0,"enemies":"3 Louse","floor":13,"turns":3},{"damage":11,"enemies":"3 Sentries","floor":14,"turns":6},{"damage":69,"enemies":"Slime Boss","floor":16,"turns":10}],"seed_played":"-492754850546838820","potions_obtained":[{"floor":3,"key":"AttackPotion"},{"floor":5,"key":"Energy Potion"},{"floor":13,"key":"Fire Potion"}],"is_trial":false,"path_per_floor":["M","$","M","?","M","M","R","?","T","M","R","?","M","E","R","B"],"character_chosen":"SHADE","items_purchased":[],"campfire_rested":1,"item_purchase_floors":[],"current_hp_per_floor":[65,65,65,65,65,65,65,65,65,62,62,62,62,51,65,0,0],"gold":459,"neow_bonus":"RANDOM_COMMON_RELIC","is_daily":false,"chose_seed":false,"campfire_upgraded":1,"win_rate":0.0,"timestamp":1608401265,"path_taken":["M","$","M","?","M","M","R","?","T","M","R","?","M","E","R","BOSS"],"items_purchased_type":[],"build_version":"2020-12-13","purchased_purges":0,"victory":false,"max_hp_per_floor":[65,65,65,65,65,65,65,65,65,65,65,65,65,65,65,65,65],"card_choices":[{"not_picked":["Shade:SanguineRitual","Shade:ScuttlingHand"],"picked":"Shade:AncientSpear","floor":1},{"not_picked":["Shade:SkeletonHug","Shade:Awaken"],"picked":"Shade:FuneraryArmor","floor":3},{"not_picked":["Shade:FingerOfDeath","Shade:SkeletonArmy","Shade:CommandSoldier"],"picked":"SKIP","floor":5},{"not_picked":["Shade:Trample","Shade:RavenousHorde"],"picked":"Shade:Brains","floor":6},{"not_picked":["Shade:Haruspicy","Shade:Frenzy"],"picked":"Shade:RitualOffering","floor":10},{"not_picked":["Shade:AuraOfUnlife","Shade:CoffinDance","Shade:SkeletonHug"],"picked":"SKIP","floor":13},{"not_picked":["Shade:Consume","Shade:CallWraith","Shade:Bonestorm"],"picked":"SKIP","floor":14}],"player_experience":1064103,"relics_obtained":[{"floor":9,"key":"Bronze Scales"},{"floor":14,"key":"Darkstone Periapt"}],"event_choices":[{"damage_healed":0,"gold_gain":51,"player_choice":"Gained Gold","damage_taken":0,"max_hp_gain":0,"max_hp_loss":0,"event_name":"Golden Wing","floor":4,"gold_loss":0},{"damage_healed":0,"gold_gain":0,"player_choice":"Take Wound","damage_taken":0,"relics_obtained":["Golden Idol"],"max_hp_gain":0,"max_hp_loss":0,"event_name":"Golden Idol","floor":8,"gold_loss":0,"cards_obtained":["Injury"]},{"damage_healed":0,"gold_gain":175,"player_choice":"AGREE","damage_taken":232,"max_hp_gain":0,"max_hp_loss":0,"event_name":"betterThird:BetterSerpent","floor":12,"gold_loss":0}],"is_beta":false,"boss_relics":[],"items_purged_floors":[],"is_endless":false,"potions_floor_spawned":[3,5,13],"killed_by":"Slime Boss","ascension_level":0}}