{"host":"5dk97cf2ubw2v967","time":1608397319,"event":{"mods":["AlwaysNeverKeys","BaseMod","Better Altar","Better Vampires","Block Reminder","Colored Powertips","Downfall","Googly Eyes","Highlight Path","Minty Spire (QoL Compilation)","Permanent Neow","Potion Indicator Mod","Quick Restart","Relic Filter","Relic Stats","Say the Spire","Spicy Shops","StSLib","Waifu the Spire","everything is the same but u backflip on backflip"],"gold_per_floor":[14,14,14,33,33,73,73,103,127,141,176,10,46,64,64,64,64],"floor_reached":16,"playtime":694,"items_purged":[],"score":236,"play_id":"2482b028-e5a4-4861-9ab4-c9d1f69f71cb","local_time":"20201219170159","is_ascension_mode":true,"campfire_choices":[{"floor":7,"key":"REST"},{"floor":15,"key":"REST"}],"circlet_count":0,"master_deck":["AscendersBane","Strike_R","Strike_R","Strike_R","Strike_R","Defend_R","Defend_R","Defend_R","Bash","Dropkick","Regret","Inflame","Ghostly Armor","Bloodletting","Reckless Charge","Shockwave","Dropkick","Carnage"],"relics":["Burning Blood","Golden Idol","Dream Catcher","White Beast Statue","Odd Mushroom","Oddly Smooth Stone","Omamori","Membership Card","Strawberry"],"acts_visited":["Exordium"],"potions_floor_usage":[8,11,11,11,13,13,14,16],"damage_taken":[{"damage":2,"enemies":"2 Louse","floor":1,"turns":4},{"damage":16,"enemies":"Jaw Worm","floor":4,"turns":5},{"damage":37,"enemies":"Lagavulin","floor":6,"turns":7},{"damage":18,"enemies":"The Mushroom Lair","floor":8,"turns":4},{"damage":3,"enemies":"Cultist","floor":10,"turns":2},{"damage":21,"enemies":"3 Sentries","floor":11,"turns":7},{"damage":12,"enemies":"Gremlin Nob","floor":13,"turns":3},{"damage":12,"enemies":"Blue Slaver","floor":14,"turns":4},{"damage":37,"enemies":"Slime Boss","floor":16,"turns":8}],"seed_played":"2109451378156961530","potions_obtained":[{"floor":6,"key":"ColorlessPotion"},{"floor":8,"key":"EntropicBrew"},{"floor":10,"key":"BlessingOfTheForge"},{"floor":11,"key":"FearPotion"},{"floor":13,"key":"GamblersBrew"},{"floor":14,"key":"HeartOfIron"}],"is_trial":false,"path_per_floor":["M","?","?","M","$","E","R","?","T","M","E","$","E","M","R","B"],"character_chosen":"IRONCLAD","items_purchased":["Membership Card"],"campfire_rested":2,"item_purchase_floors":[12],"current_hp_per_floor":[72,68,68,58,58,27,47,35,35,38,23,23,24,18,40,3,3],"gold":64,"neow_bonus":"REMOVE_TWO","is_daily":false,"chose_seed":false,"campfire_upgraded":0,"win_rate":0.0,"timestamp":1608397319,"path_taken":["M","?","?","M","?","E","R","?","T","M","E","$","E","M","R","BOSS"],"items_purchased_type":["Relic"],"build_version":"2020-12-13","purchased_purges":0,"victory":false,"max_hp_per_floor":[75,68,68,68,68,68,68,68,68,68,68,68,75,75,75,75,75],"relic_stats":{"Dream Catcher":2,"counters":[9,44],"Golden Idol":39,"obtain_stats":[{"Dream Catcher":3,"Golden Idol":2,"Strawberry":13,"Oddly Smooth Stone":9,"Omamori":11,"Membership Card":12,"Odd Mushroom":8,"Burning Blood":0,"White Beast Statue":6},{"Dream Catcher":1,"Golden Idol":1,"Strawberry":7,"Oddly Smooth Stone":4,"Omamori":6,"Membership Card":6,"Odd Mushroom":4,"Burning Blood":0,"White Beast Statue":3},{"Dream Catcher":4,"Golden Idol":4,"Strawberry":32,"Oddly Smooth Stone":20,"Omamori":29,"Membership Card":29,"Odd Mushroom":20,"Burning Blood":0,"White Beast Statue":16}],"Burning Blood":48},"card_choices":[{"not_picked":["Armaments","Entrench"],"picked":"Dropkick","floor":1},{"not_picked":["Second Wind","Warcry"],"picked":"Inflame","floor":4},{"not_picked":["Disarm","Searing Blow"],"picked":"Ghostly Armor","floor":6},{"not_picked":["Seeing Red","True Grit"],"picked":"Bloodletting","floor":7},{"not_picked":["Pommel Strike","Body Slam"],"picked":"Reckless Charge","floor":8},{"not_picked":["Shrug It Off","Pommel Strike"],"picked":"Shockwave","floor":10},{"not_picked":["Entrench","Corruption","Clothesline"],"picked":"SKIP","floor":11},{"not_picked":["Body Slam","Blood for Blood","Spot Weakness"],"picked":"SKIP","floor":13},{"not_picked":["Clothesline","Flex"],"picked":"Dropkick","floor":14},{"not_picked":["Burning Pact","Headbutt"],"picked":"Carnage","floor":15}],"player_experience":1243753,"relics_obtained":[{"floor":6,"key":"White Beast Statue"},{"floor":8,"key":"Odd Mushroom"},{"floor":9,"key":"Oddly Smooth Stone"},{"floor":11,"key":"Omamori"},{"floor":13,"key":"Strawberry"}],"event_choices":[{"damage_healed":0,"gold_gain":0,"player_choice":"Lose Max HP","damage_taken":0,"relics_obtained":["Golden Idol"],"max_hp_gain":0,"max_hp_loss":7,"event_name":"Golden Idol","floor":2,"gold_loss":0},{"damage_healed":0,"gold_gain":0,"player_choice":"Box","damage_taken":0,"relics_obtained":["Dream Catcher"],"max_hp_gain":0,"max_hp_loss":0,"event_name":"Big Fish","floor":3,"gold_loss":0,"cards_obtained":["Regret"]},{"damage_healed":0,"gold_gain":0,"player_choice":"Fought Mushrooms","damage_taken":0,"max_hp_gain":0,"max_hp_loss":0,"event_name":"Mushrooms","floor":8,"gold_loss":0}],"is_beta":false,"boss_relics":[],"items_purged_floors":[],"is_endless":false,"potions_floor_spawned":[6,8,10,11,13,14],"killed_by":"Slime Boss","ascension_level":20}}