{"host":"08t08ld674si40tv","time":1608352105,"event":{"mods":["AchievementEnabler","BaseMod","Colored Map","Minty Spire (QoL Compilation)","StSLib","SuperFastMode"],"gold_per_floor":[115,125,125,143,155,155,155,155,178,192,117,117,143,154,154,228,228,239,154,54,54,0,0,0],"floor_reached":23,"playtime":558,"items_purged":["Pain","Strike_G"],"score":359,"play_id":"c52f38fa-5457-43e0-9b50-2483bd3b79ea","local_time":"20201219132825","is_ascension_mode":true,"campfire_choices":[{"data":"Bouncing Flask","floor":6,"key":"SMITH"},{"data":"Catalyst","floor":8,"key":"SMITH"},{"floor":12,"key":"REST"},{"data":"Malaise","floor":15,"key":"SMITH"}],"circlet_count":0,"master_deck":["AscendersBane","Strike_G+1","Strike_G+1","Strike_G","Strike_G+1","Defend_G","Defend_G","Defend_G","Defend_G","Defend_G","Survivor","Neutralize+1","Bouncing Flask+1","Leg Sweep","Catalyst+1","PiercingWail","Acrobatics","Dodge and Roll","Malaise+1","Doppelganger"],"relics":["Ring of the Snake","NeowsBlessing","WarpedTongs","Bag of Marbles","Whetstone","SlaversCollar","TungstenRod"],"acts_visited":["Exordium","TheCity"],"potions_floor_usage":[13,18,23],"damage_taken":[{"damage":0,"enemies":"2 Louse","floor":1,"turns":1},{"damage":0,"enemies":"Small Slimes","floor":2,"turns":1},{"damage":0,"enemies":"Cultist","floor":4,"turns":1},{"damage":3,"enemies":"Red Slaver","floor":5,"turns":3},{"damage":10,"enemies":"Exordium Thugs","floor":10,"turns":7},{"damage":8,"enemies":"Lagavulin","floor":13,"turns":6},{"damage":18,"enemies":"Lots of Slimes","floor":14,"turns":5},{"damage":6,"enemies":"The Guardian","floor":16,"turns":10},{"damage":13,"enemies":"3 Byrds","floor":18,"turns":7},{"damage":8,"enemies":"2 Thieves","floor":22,"turns":5},{"damage":38,"enemies":"Gremlin Leader","floor":23,"turns":4}],"seed_played":"8350860482507179724","potions_obtained":[{"floor":5,"key":"Block Potion"},{"floor":13,"key":"BlessingOfTheForge"},{"floor":16,"key":"PowerPotion"}],"is_trial":false,"path_per_floor":["M","M","?","M","M","R","?","R","T","M","$","R","E","M","R","B",null,"M","?","$","$","M","E"],"character_chosen":"THE_SILENT","items_purchased":[],"campfire_rested":1,"item_purchase_floors":[],"current_hp_per_floor":[59,59,39,39,36,36,36,36,36,26,26,45,37,19,19,13,53,40,40,40,40,32,0,0],"gold":0,"neow_bonus":"THREE_ENEMY_KILL","is_daily":false,"chose_seed":false,"campfire_upgraded":3,"win_rate":0.0,"timestamp":1608352105,"path_taken":["M","M","?","M","M","R","?","R","T","?","$","R","E","M","R","BOSS","M","?","?","$","M","E"],"items_purchased_type":[],"build_version":"2020-12-13","purchased_purges":2,"victory":false,"max_hp_per_floor":[66,66,66,66,66,66,66,66,66,66,66,66,66,66,66,66,66,66,66,66,66,66,66,66],"card_choices":[{"not_picked":["Deflect","Dodge and Roll"],"picked":"Bouncing Flask","floor":1},{"not_picked":["Outmaneuver","Predator"],"picked":"Leg Sweep","floor":2},{"not_picked":["All Out Attack","Tactician"],"picked":"Catalyst","floor":4},{"not_picked":["Quick Slash","Cloak And Dagger"],"picked":"PiercingWail","floor":5},{"not_picked":["Underhanded Strike","Deflect"],"picked":"Acrobatics","floor":10},{"not_picked":["Finisher","PiercingWail"],"picked":"Dodge and Roll","floor":13},{"not_picked":["Slice","Underhanded Strike"],"picked":"Malaise","floor":14},{"not_picked":["A Thousand Cuts","Grand Finale"],"picked":"Doppelganger","floor":16},{"not_picked":["Cloak And Dagger","Flechettes","Flying Knee"],"picked":"SKIP","floor":18},{"not_picked":["Quick Slash+1","Flying Knee","Phantasmal Killer"],"picked":"SKIP","floor":22}],"player_experience":181673,"relics_obtained":[{"floor":9,"key":"Bag of Marbles"},{"floor":13,"key":"Whetstone"}],"event_choices":[{"damage_healed":0,"gold_gain":0,"player_choice":"Entered Light","damage_taken":20,"max_hp_gain":0,"max_hp_loss":0,"event_name":"Shining Light","floor":3,"gold_loss":0,"cards_upgraded":["Neutralize","Strike_G"]},{"damage_healed":0,"gold_gain":0,"player_choice":"Rummage","damage_taken":0,"relics_obtained":["WarpedTongs"],"max_hp_gain":0,"max_hp_loss":0,"event_name":"Accursed Blacksmith","floor":7,"gold_loss":0,"cards_obtained":["Pain"]},{"damage_healed":0,"gold_gain":0,"player_choice":"Obtained Relic","damage_taken":0,"relics_obtained":["TungstenRod"],"max_hp_gain":0,"max_hp_loss":0,"event_name":"Addict","floor":19,"gold_loss":85}],"is_beta":false,"boss_relics":[{"not_picked":["Ring of the Serpent","Cursed Key"],"picked":"SlaversCollar"}],"items_purged_floors":[11,20],"is_endless":false,"potions_floor_spawned":[5,13,16],"killed_by":"Gremlin Leader","ascension_level":18}}