{"host":"5bdt6s51dmpd4l3v","time":1608355044,"event":{"mods":["AchievementEnabler","BaseMod","Colored Map","Colored Powertips","Highlight Path","Minty Spire (QoL Compilation)","Rare Cards Sparkle","StSLib"],"gold_per_floor":[114,289,64,79,94,94,137,137,137,152,182,145,145,160,160,260,260,275,75,60,75,90,90,120,219,219,249,264,264,294,309,309,409,409,424,439,439,439,454,454,484,499,499,529,556,3,33,48,48,48],"floor_reached":51,"playtime":2481,"items_purged":["Doubt"],"score":1057,"play_id":"1ebefaaf-6f18-4973-afe6-72727002ccc6","local_time":"20201219131724","daily_mods":["Draft","Uncertain Future","Elite Swarm"],"is_ascension_mode":false,"campfire_choices":[{"data":"Body Slam","floor":6,"key":"SMITH"},{"data":"Armaments","floor":8,"key":"SMITH"},{"data":"Barricade","floor":15,"key":"SMITH"},{"data":"Entrench","floor":23,"key":"SMITH"},{"floor":29,"key":"REST"},{"data":"Metallicize","floor":32,"key":"SMITH"},{"data":"Offering","floor":40,"key":"SMITH"},{"data":"Body Slam","floor":49,"key":"SMITH"}],"circlet_count":0,"master_deck":["Body Slam+1","Shrug It Off","Combust","Flex","Iron Wave","Power Through+1","Pommel Strike","Headbutt","Headbutt","Shockwave","Blood for Blood","Battle Trance","Armaments+1","Warcry","Shrug It Off+1","Barricade+1","Entrench+1","Iron Wave+1","Rupture","Seeing Red","Shrug It Off+1","Impervious","Headbutt+1","Metallicize+1","Offering+1","Armaments+1","Battle Trance+1","Barricade+1","Body Slam+1","Juggernaut+1"],"relics":["Burning Blood","Omamori","Calipers","Incense Burner","Vajra","SlaversCollar","Happy Flower","Potion Belt","Shuriken","War Paint","Oddly Smooth Stone","Black Star","White Beast Statue","InkBottle","Frozen Egg 2","Turnip","Bird Faced Urn","StoneCalendar","Lizard Tail","Blood Vial","The Courier","Du-Vu Doll"],"acts_visited":["Exordium","TheCity","TheBeyond"],"potions_floor_usage":[10,13,20,21,22,31,45,45,47,48,48,50,50],"damage_taken":[{"damage":0,"enemies":"Small Slimes","floor":1,"turns":4},{"damage":0,"enemies":"2 Louse","floor":4,"turns":2},{"damage":0,"enemies":"Jaw Worm","floor":5,"turns":2},{"damage":11,"enemies":"Lagavulin Event","floor":7,"turns":4},{"damage":0,"enemies":"Gremlin Gang","floor":10,"turns":2},{"damage":2,"enemies":"Gremlin Nob","floor":11,"turns":3},{"damage":0,"enemies":"3 Sentries","floor":13,"turns":1},{"damage":10,"enemies":"Blue Slaver","floor":14,"turns":2},{"damage":4,"enemies":"Slime Boss","floor":16,"turns":7},{"damage":0,"enemies":"Spheric Guardian","floor":18,"turns":5},{"damage":5,"enemies":"2 Thieves","floor":20,"turns":4},{"damage":3,"enemies":"Snake Plant","floor":21,"turns":5},{"damage":13,"enemies":"Centurion and Healer","floor":22,"turns":7},{"damage":35,"enemies":"Slavers","floor":24,"turns":6},{"damage":5,"enemies":"Gremlin Leader","floor":27,"turns":5},{"damage":18,"enemies":"3 Cultists","floor":28,"turns":6},{"damage":7,"enemies":"Slavers","floor":30,"turns":5},{"damage":4,"enemies":"Sentry and Sphere","floor":31,"turns":5},{"damage":0,"enemies":"Champ","floor":33,"turns":9},{"damage":6,"enemies":"3 Shapes","floor":35,"turns":5},{"damage":1,"enemies":"Orb Walker","floor":36,"turns":4},{"damage":5,"enemies":"4 Shapes","floor":39,"turns":5},{"damage":13,"enemies":"Giant Head","floor":41,"turns":8},{"damage":9,"enemies":"Maw","floor":42,"turns":5},{"damage":6,"enemies":"Reptomancer","floor":44,"turns":4},{"damage":31,"enemies":"2 Orb Walkers","floor":45,"turns":7},{"damage":9,"enemies":"Giant Head","floor":47,"turns":6},{"damage":28,"enemies":"Spire Growth","floor":48,"turns":6},{"damage":19,"enemies":"Awakened One","floor":50,"turns":7}],"seed_played":"-2908382401684788831","potions_obtained":[{"floor":4,"key":"Explosive Potion"},{"floor":10,"key":"SmokeBomb"},{"floor":14,"key":"Explosive Potion"},{"floor":20,"key":"ElixirPotion"},{"floor":21,"key":"FairyPotion"},{"floor":30,"key":"BloodPotion"},{"floor":33,"key":"EssenceOfSteel"},{"floor":41,"key":"ElixirPotion"},{"floor":42,"key":"Weak Potion"},{"floor":44,"key":"BlessingOfTheForge"},{"floor":45,"key":"ColorlessPotion"},{"floor":47,"key":"SteroidPotion"},{"floor":48,"key":"BloodPotion"}],"is_trial":false,"path_per_floor":["M","?","$","M","M","R","?","R","T","M","E","$","E","M","R","B",null,"M","$","M","M","M","R","E","?","T","E","M","R","E","M","R","B",null,"M","M","?","?","M","R","E","M","T","E","?","$","E","M","R","B",null],"character_chosen":"IRONCLAD","items_purchased":["Omamori","Entrench","Happy Flower","Block Potion","Body Slam","Lizard Tail","Blood Vial","BlessingOfTheForge"],"campfire_rested":1,"item_purchase_floors":[3,12,19,19,46,46,46,46],"current_hp_per_floor":[80,80,80,80,80,80,75,75,75,80,80,80,80,76,76,78,80,80,80,80,80,73,73,44,44,44,45,33,57,56,74,74,80,80,80,80,80,80,80,80,73,70,70,70,51,51,56,46,46,61],"gold":48,"neow_bonus":"","is_daily":true,"chose_seed":false,"campfire_upgraded":7,"win_rate":0.0,"timestamp":1608355044,"path_taken":["M","?","$","M","M","R","?","R","T","M","E","?","E","M","R","BOSS","M","$","?","?","M","R","E","?","T","E","M","R","E","M","R","BOSS","M","M","?","?","M","R","E","M","T","E","?","$","E","M","R","BOSS"],"items_purchased_type":["Relic","Card","Relic","Potion","Card","Relic","Relic","Potion"],"build_version":"2020-12-13","purchased_purges":1,"victory":true,"max_hp_per_floor":[80,80,80,80,80,80,80,80,80,80,80,80,80,80,80,80,80,80,80,80,80,80,80,80,80,80,80,80,80,80,80,80,80,80,80,80,80,80,80,80,80,80,80,80,80,80,80,80,80,80],"card_choices":[{"not_picked":["Havoc","Sword Boomerang"],"picked":"Body Slam","floor":0},{"not_picked":["Sword Boomerang","Havoc"],"picked":"Shrug It Off","floor":0},{"not_picked":["Rampage","Flex"],"picked":"Combust","floor":0},{"not_picked":["Cleave","Sword Boomerang"],"picked":"Power Through","floor":0},{"not_picked":["Wild Strike","Thunderclap"],"picked":"Flex","floor":0},{"not_picked":["Clash","Cleave"],"picked":"Iron Wave","floor":0},{"not_picked":["Clothesline","Thunderclap"],"picked":"Power Through","floor":0},{"not_picked":["Cleave","Evolve"],"picked":"Pommel Strike","floor":0},{"not_picked":["Clash","Twin Strike"],"picked":"Headbutt","floor":0},{"not_picked":["Pommel Strike","Pummel"],"picked":"Headbutt","floor":0},{"not_picked":["Sword Boomerang","Warcry"],"picked":"Shockwave","floor":0},{"not_picked":["Whirlwind","Clash"],"picked":"Blood for Blood","floor":0},{"not_picked":["Power Through","Clothesline"],"picked":"Battle Trance","floor":0},{"not_picked":["Shrug It Off","Ghostly Armor"],"picked":"Armaments","floor":0},{"not_picked":["Armaments","Pommel Strike"],"picked":"Warcry","floor":0},{"not_picked":["Iron Wave","Blood for Blood","Anger"],"picked":"SKIP","floor":1},{"not_picked":["Blood for Blood","Sword Boomerang","Cleave"],"picked":"SKIP","floor":4},{"not_picked":["Sentinel","Clothesline"],"picked":"Shrug It Off","floor":5},{"not_picked":["Sentinel","Perfected Strike","Armaments"],"picked":"SKIP","floor":10},{"not_picked":["Double Tap","Berserk"],"picked":"Barricade","floor":11},{"not_picked":["Twin Strike","Clothesline","Spot Weakness"],"picked":"SKIP","floor":14},{"not_picked":["Perfected Strike+1","Sever Soul+1"],"picked":"Iron Wave+1","floor":18},{"not_picked":["Clothesline","Hemokinesis"],"picked":"Rupture","floor":20},{"not_picked":["Wild Strike","Pommel Strike"],"picked":"Seeing Red","floor":21},{"not_picked":["Flex","Evolve"],"picked":"Shrug It Off+1","floor":22},{"not_picked":["Reaper","Demon Form","Double Tap"],"picked":"SKIP","floor":24},{"not_picked":["Limit Break","Berserk"],"picked":"Impervious","floor":27},{"not_picked":["Rupture","Wild Strike"],"picked":"Headbutt+1","floor":28},{"not_picked":["Double Tap","Berserk","Corruption"],"picked":"SKIP","floor":30},{"not_picked":["Iron Wave","Pommel Strike"],"picked":"Metallicize","floor":31},{"not_picked":["Demon Form","Corruption"],"picked":"Offering","floor":33},{"not_picked":["Disarm+1","Cleave+1"],"picked":"Armaments+1","floor":35},{"not_picked":["Clothesline+1","Evolve+1","Sever Soul+1"],"picked":"SKIP","floor":36},{"not_picked":["Rupture","Clothesline","Blood for Blood"],"picked":"SKIP","floor":39},{"not_picked":["Brutality","Fiend Fire","Bludgeon"],"picked":"SKIP","floor":41},{"not_picked":["Perfected Strike","Cleave"],"picked":"Battle Trance+1","floor":42},{"not_picked":["Brutality+1","Limit Break"],"picked":"Barricade+1","floor":44},{"not_picked":["Fiend Fire","Barricade+1"],"picked":"Juggernaut+1","floor":47},{"not_picked":["Perfected Strike+1","Heavy Blade+1","Headbutt"],"picked":"SKIP","floor":48}],"player_experience":141085,"relics_obtained":[{"floor":7,"key":"Calipers"},{"floor":9,"key":"Incense Burner"},{"floor":11,"key":"Vajra"},{"floor":24,"key":"Potion Belt"},{"floor":26,"key":"Shuriken"},{"floor":27,"key":"War Paint"},{"floor":30,"key":"Oddly Smooth Stone"},{"floor":41,"key":"White Beast Statue"},{"floor":41,"key":"InkBottle"},{"floor":43,"key":"Frozen Egg 2"},{"floor":44,"key":"Turnip"},{"floor":44,"key":"Bird Faced Urn"},{"floor":45,"key":"StoneCalendar"},{"floor":47,"key":"The Courier"},{"floor":47,"key":"Du-Vu Doll"}],"event_choices":[{"damage_healed":0,"gold_gain":175,"player_choice":"AGREE","damage_taken":0,"max_hp_gain":0,"max_hp_loss":0,"event_name":"Liars Game","floor":2,"gold_loss":0,"cards_obtained":["Doubt"]},{"damage_healed":0,"gold_gain":0,"player_choice":"Searched \u00272\u0027 times","damage_taken":0,"max_hp_gain":0,"max_hp_loss":0,"event_name":"Dead Adventurer","floor":7,"gold_loss":0},{"damage_healed":0,"gold_gain":99,"player_choice":"Stole From Cult","damage_taken":0,"max_hp_gain":0,"max_hp_loss":0,"event_name":"Nest","floor":25,"gold_loss":0},{"cards_removed":["Power Through"],"damage_healed":0,"gold_gain":0,"player_choice":"Removed Skill","damage_taken":0,"max_hp_gain":0,"max_hp_loss":0,"event_name":"Falling","floor":37,"gold_loss":0},{"damage_healed":0,"gold_gain":0,"player_choice":"Ignored","damage_taken":0,"max_hp_gain":0,"max_hp_loss":0,"event_name":"Tomb of Lord Red Mask","floor":38,"gold_loss":0},{"damage_healed":0,"gold_gain":0,"player_choice":"Fight","damage_taken":0,"max_hp_gain":0,"max_hp_loss":0,"event_name":"Mysterious Sphere","floor":45,"gold_loss":0}],"is_beta":false,"boss_relics":[{"not_picked":["Snecko Eye","Velvet Choker"],"picked":"SlaversCollar"},{"not_picked":["Black Blood","Calling Bell"],"picked":"Black Star"}],"items_purged_floors":[3],"is_endless":false,"potions_floor_spawned":[4,10,13,14,20,21,30,33,41,42,44,45,47,48],"ascension_level":0}}