{"host":"xi8yg1ddhptuxb9d","time":1608395193,"event":{"mods":["AchievementEnabler","AlwaysNeverKeys","BaseMod","Block Reminder","Minty Spire (QoL Compilation)","Relic Sorter","StSLib"],"gold_per_floor":[117,117,117,136,150,150,176,176,203,233,251,251,265,294,294,366,366,377,292,304,304],"floor_reached":20,"playtime":1433,"items_purged":[],"score":346,"play_id":"a8ad0c74-aefa-45e3-b89a-bc2ecd5e2561","local_time":"20201219112633","is_ascension_mode":true,"campfire_choices":[{"data":"Neutralize","floor":6.0,"key":"SMITH"},{"floor":8,"key":"REST"},{"floor":12,"key":"REST"},{"data":"Well Laid Plans","floor":15,"key":"SMITH"}],"circlet_count":0,"master_deck":["AscendersBane","Strike_G","Strike_G","Strike_G","Strike_G","Defend_G","Defend_G","Defend_G","Defend_G","Defend_G","Survivor","Neutralize+1","Crippling Poison","Well Laid Plans+1","Backflip","PiercingWail","Dodge and Roll","Dodge and Roll","Tools of the Trade","Quick Slash+1"],"relics":["Ring of the Snake","Oddly Smooth Stone","Pantograph","Blood Vial","StoneCalendar","MealTicket","Snecko Eye","MawBank"],"acts_visited":["Exordium","TheCity"],"potions_floor_usage":[7,10,16,18],"damage_taken":[{"damage":1.0,"enemies":"2 Louse","floor":1.0,"turns":3.0},{"damage":4.0,"enemies":"Small Slimes","floor":4.0,"turns":5.0},{"damage":5.0,"enemies":"Cultist","floor":5.0,"turns":5.0},{"damage":9,"enemies":"Lagavulin","floor":7,"turns":7},{"damage":37,"enemies":"Gremlin Nob","floor":10,"turns":6},{"damage":0,"enemies":"2 Fungi Beasts","floor":11,"turns":5},{"damage":0,"enemies":"3 Louse","floor":13,"turns":4},{"damage":7,"enemies":"3 Sentries","floor":14,"turns":7},{"damage":29,"enemies":"The Guardian","floor":16,"turns":22},{"damage":29,"enemies":"Spheric Guardian","floor":18,"turns":16},{"damage":12,"enemies":"Chosen","floor":20,"turns":6}],"seed_played":"-3422196851043029039","potions_obtained":[{"floor":1.0,"key":"CultistPotion"},{"floor":7,"key":"Swift Potion"},{"floor":11,"key":"FearPotion"},{"floor":16,"key":"DuplicationPotion"},{"floor":18,"key":"Regen Potion"}],"is_trial":false,"path_per_floor":["M","?","?","M","M","R","E","R","T","E","M","R","M","E","R","B",null,"M","?","M"],"character_chosen":"THE_SILENT","items_purchased":[],"campfire_rested":2,"item_purchase_floors":[],"current_hp_per_floor":[64,53,46,42,37,37,28,49,49,14,16,37,39,34,34,32,62,35,35,25,25],"gold":304,"neow_bonus":"TEN_PERCENT_HP_BONUS","is_daily":false,"chose_seed":false,"campfire_upgraded":2,"win_rate":0.0,"timestamp":1608395193,"path_taken":["M","?","?","M","M","R","E","R","T","E","M","R","M","E","R","BOSS","M","?","M"],"items_purchased_type":[],"build_version":"2020-12-13","purchased_purges":0,"victory":false,"max_hp_per_floor":[72,72,72,72,72,72,72,72,72,72,72,72,72,72,72,72,72,72,72,72,72],"card_choices":[{"not_picked":["Endless Agony","Bane"],"picked":"Crippling Poison","floor":1.0},{"not_picked":["Cloak And Dagger","Backflip"],"picked":"Well Laid Plans","floor":4.0},{"not_picked":["Underhanded Strike","Tactician"],"picked":"Backflip","floor":5.0},{"not_picked":["Expertise","Predator"],"picked":"PiercingWail","floor":7},{"not_picked":["Glass Knife","All Out Attack","Deflect"],"picked":"SKIP","floor":10},{"not_picked":["Predator","Poisoned Stab"],"picked":"Dodge and Roll","floor":11},{"not_picked":["Reflex","Backflip","Concentrate"],"picked":"SKIP","floor":13},{"not_picked":["Dagger Throw","Deadly Poison"],"picked":"Dodge and Roll","floor":14},{"not_picked":["Storm of Steel","Grand Finale"],"picked":"Tools of the Trade","floor":16},{"not_picked":["Slice","Deflect"],"picked":"Quick Slash+1","floor":18}],"player_experience":633063,"relics_obtained":[{"floor":7,"key":"Pantograph"},{"floor":9,"key":"Blood Vial"},{"floor":10,"key":"StoneCalendar"},{"floor":14,"key":"MealTicket"}],"event_choices":[{"damage_healed":0.0,"max_hp_gain":0.0,"max_hp_loss":0.0,"gold_gain":0.0,"event_name":"Scrap Ooze","player_choice":"Success","floor":2.0,"gold_loss":0.0,"damage_taken":11.0,"relics_obtained":["Oddly Smooth Stone"]},{"cards_removed":["Strike_G"],"damage_healed":0.0,"max_hp_gain":0.0,"max_hp_loss":0.0,"gold_gain":0.0,"event_name":"Golden Wing","player_choice":"Card Removal","floor":3.0,"gold_loss":0.0,"damage_taken":7.0},{"damage_healed":0,"gold_gain":0,"player_choice":"Obtained Relic","damage_taken":0,"relics_obtained":["MawBank"],"max_hp_gain":0,"max_hp_loss":0,"event_name":"Addict","floor":19,"gold_loss":85}],"is_beta":false,"boss_relics":[{"not_picked":["SlaversCollar","Ring of the Serpent"],"picked":"Snecko Eye"}],"items_purged_floors":[],"is_endless":false,"potions_floor_spawned":[1,7,11,16,18],"killed_by":"Chosen","ascension_level":16}}