{"host":"v4s5k3c6jywmeofl","time":1608416575,"event":{"mods":["Act Like it!","BaseMod","Colored Map","Downfall","Gensokyo","Hallownest","Hermit","Marisa????????","Minty Spire (QoL Compilation)","Quick Restart","Random Character Button","Rare Cards Sparkle","Replay The Spire","StSLib","The Animator","The Bug Knight","The Cursed","The Hierophant","The Servant 0.9.4"],"gold_per_floor":[363,458,477,145,145,145,145],"floor_reached":6,"playtime":277,"items_purged":[],"score":34,"play_id":"dd02ade9-1c74-49ac-a198-415e931d7839","local_time":"20201219172255","is_ascension_mode":false,"campfire_choices":[],"circlet_count":0,"master_deck":["Strike_G","Strike_G","Strike_G","Strike_G","Strike_G","Defend_G","Defend_G","Defend_G","Defend_G","Defend_G","Survivor","Neutralize","PiercingWail","Bane","Flying Knee","Deadly Poison","Footwork","Bane+1","Doubt"],"relics":["Ring of the Snake","TwistedFunnel","ReplayTheSpireMod:TigerMarble","Ring of Fangs","Ring of Fury"],"acts_visited":["Gensokyo:Gensokyo"],"potions_floor_usage":[],"damage_taken":[{"damage":0,"enemies":"Gensokyo:Gryphon","floor":1,"turns":3},{"damage":4,"enemies":"Gensokyo:Python","floor":3,"turns":3},{"damage":21,"enemies":"Gensokyo:Cirno","floor":6,"turns":6}],"seed_played":"-965935309093555233","potions_obtained":[],"is_trial":false,"path_per_floor":["M","?","M","$","?","E"],"character_chosen":"THE_SILENT","items_purchased":["Bane+1","TwistedFunnel","ReplayTheSpireMod:TigerMarble"],"campfire_rested":0,"item_purchase_floors":[4,4,4],"current_hp_per_floor":[49,21,17,17,17,0,0],"gold":145,"neow_bonus":"TWO_FIFTY_GOLD","is_daily":false,"chose_seed":false,"campfire_upgraded":0,"win_rate":0.0,"timestamp":1608416575,"path_taken":["M","?","M","$","?","E"],"items_purchased_type":["Card","Relic","Relic"],"build_version":"2020-12-13","purchased_purges":0,"victory":false,"max_hp_per_floor":[70,70,70,70,70,70,70],"card_choices":[{"not_picked":["Deflect","Prepared"],"picked":"PiercingWail","floor":1},{"not_picked":["PiercingWail","Blur"],"picked":"Bane","floor":2},{"not_picked":["Quick Slash","Dagger Spray"],"picked":"Flying Knee","floor":2},{"not_picked":["Bane","Expertise"],"picked":"Deadly Poison","floor":2},{"not_picked":["Skewer","Underhanded Strike"],"picked":"Footwork","floor":3}],"player_experience":92295,"relics_obtained":[{"floor":5,"key":"Ring of Fangs"},{"floor":5,"key":"Ring of Fury"}],"event_choices":[],"is_beta":false,"boss_relics":[],"items_purged_floors":[],"is_endless":false,"potions_floor_spawned":[],"killed_by":"Gensokyo:Cirno","ascension_level":0}}