{"host":"4oozkyb2rmpv0j2l","time":1608389801,"event":{"mods":["Act Like it!","Aspiration","BaseMod","Colored Map","Conspire","FutureSeer","Gensokyo","Hallownest","Hubris","KinomotoSakuraMod(木之本樱)","Koishi","KomeijiMod","Lobotomy","LobotomyExtend","Marisa（F雨　魔理沙）","Minty Spire (QoL Compilation)","Prisma Mod","Quick Restart","Rare Cards Sparkle","Reimu（博丽灵梦）","Remilia（蕾米莉亚）","Replay The Spire","Robot Space Explorer","Shop Mod","Spicy Shops","StSLib","TestMod","The Animator","The Bladedancer","The Bug Knight","The Cursed","The Disciple","The Hierophant","The Mystic","The Necromancer","The Runesmith","The Senshi","The Servant 0.9.4","WarShipGirlsR/战舰少女R mod","Youmu（魂魄妖梦）","Yuri Mod","Yuyuko","vexMod","yUi","【东方二次创作】八云紫mod","【遗物卡牌】REMEMod"],"gold_per_floor":[113,113,131,131,131,162,176,166,166],"floor_reached":8,"playtime":432,"items_purged":[],"score":63,"play_id":"0fcb0136-ce55-4fc1-a921-a2fb33ebf1e9","local_time":"20201219225641","is_ascension_mode":true,"campfire_choices":[],"circlet_count":0,"master_deck":["Koishi:BasicStrike","Koishi:BasicStrike","Koishi:BasicStrike","Koishi:BasicStrike","Koishi:BasicDefend","Koishi:BasicDefend","Koishi:BasicDefend","Koishi:BasicDefend","Koishi:Provoke","Koishi:HauntingSlash","Pain","Koishi:SubconsciousSweep","Koishi:RollingInRichesHeart"],"relics":["Koishi:ImaginaryFriend","testmod-TestBox","REME_ComplimentaryCards","testmod-BalancedPeriapt","Vampire_Amulet","LetterFromLob","aspiration:Nostalgia","Ring of the Snake","Gensokyo:OccultBall","Gensokyo:LunaticRedEyes","testmod-CyclicPeriapt"],"acts_visited":["Gensokyo:Gensokyo"],"potions_floor_usage":[6],"damage_taken":[{"damage":17.0,"enemies":"Gensokyo:3_Fairies","floor":1.0,"turns":6.0},{"damage":5.0,"enemies":"Gensokyo:2_Kodama","floor":3.0,"turns":5.0},{"damage":32,"enemies":"Gensokyo:Aya","floor":6,"turns":4},{"damage":4,"enemies":"Gensokyo:Python","floor":7,"turns":3},{"damage":11,"enemies":"Gensokyo:Cirno","floor":8,"turns":4}],"seed_played":"7646303747522058487","potions_obtained":[{"floor":1.0,"key":"BlessingOfTheForge"}],"is_trial":false,"path_per_floor":["M","?","M","?","?","E","M","E"],"character_chosen":"KOISHI","items_purchased":[],"campfire_rested":0,"item_purchase_floors":[],"current_hp_per_floor":[43,43,44,44,44,18,17,6,6],"gold":166,"neow_bonus":"NOSTALGIA","is_daily":false,"chose_seed":false,"campfire_upgraded":0,"win_rate":0.0,"timestamp":1608389801,"path_taken":["M","?","M","?","?","E","?","E"],"items_purchased_type":[],"build_version":"2020-12-13","purchased_purges":0,"victory":false,"max_hp_per_floor":[60,60,60,60,60,60,60,60,60],"card_choices":[{"not_picked":["Koishi:RacingHeart","Koishi:PhilosophyOfTheDespised","Koishi:UnseenTerror"],"picked":"SKIP","floor":1.0},{"not_picked":["Koishi:UnansweredLove","Koishi:EmbryosDream","Koishi:FleetingPhantom"],"picked":"SKIP","floor":3.0},{"not_picked":["Koishi:UnseenTerror","Koishi:SubterraneanRose"],"picked":"Koishi:SubconsciousSweep","floor":6},{"not_picked":["Koishi:PhantomBarrier","Koishi:UnansweredLove"],"picked":"Koishi:RollingInRichesHeart","floor":7}],"player_experience":551513,"relics_obtained":[{"floor":1.0,"key":"LetterFromLob"},{"floor":6,"key":"testmod-CyclicPeriapt"}],"event_choices":[{"damage_healed":0.0,"max_hp_gain":0.0,"max_hp_loss":0.0,"gold_gain":0.0,"event_name":"给自己的盒子","player_choice":"Swap Relic","floor":2.0,"relics_lost":["aspiration:Nostalgia"],"gold_loss":0.0,"damage_taken":0.0,"relics_obtained":["aspiration:Nostalgia"]}],"is_beta":false,"boss_relics":[],"items_purged_floors":[],"is_endless":false,"potions_floor_spawned":[1],"killed_by":"Gensokyo:Cirno","ascension_level":3}}