{"host":"z60ck2mpr6goyib8","time":1608396627,"event":{"mods":["BaseMod","Best Route Mod","Bestiary","Better Third Choice","Block Reminder","Colored Map","Colored Powertips","Googly Eyes","Minty Spire (QoL Compilation)","Quick Restart","Relic Stats","Slay-I","StSLib","everything is the same but u backflip on backflip"],"gold_per_floor":[112,112,187,187,187,226,244,317,368,7,7,30,30,63,63,193,193,209,209,222,246,266,301,301,216,263,299,299,317,317,333,333,333,333],"floor_reached":33,"playtime":1024,"items_purged":["Strike_R"],"score":540,"play_id":"61de3b0a-2749-4152-80e0-a6ac6645d3fb","local_time":"20201219165027","is_ascension_mode":true,"campfire_choices":[{"data":"Spot Weakness","floor":11,"key":"SMITH"},{"floor":13,"key":"REST"},{"data":"Flex","floor":15,"key":"SMITH"},{"data":"Metallicize","floor":24,"key":"SMITH"},{"data":"Armaments","floor":32,"key":"SMITH"}],"circlet_count":0,"master_deck":["AscendersBane","Strike_R+1","Strike_R+1","Strike_R","Defend_R+1","Defend_R+1","Defend_R","Defend_R","Bash","Rampage","Shrug It Off","Thunderclap","Warcry","Spot Weakness+1","Flex+1","Feed","Immolate","Infernal Blade","Metallicize+1","Armaments","Armaments+1","Offering","Ghostly Armor","Rage","Flame Barrier"],"relics":["Burning Blood","NeowsBlessing","Bloody Idol","Whetstone","Gambling Chip","MawBank","Omamori","Strange Spoon","Du-Vu Doll","Cursed Key","Nunchaku","Mango","Vajra","Akabeko","Pen Nib"],"acts_visited":["Exordium","TheCity"],"potions_floor_usage":[8,16,16,18,21,31,31,33],"damage_taken":[{"damage":0.0,"enemies":"2 Louse","floor":1.0,"turns":1.0},{"damage":0.0,"enemies":"Gremlin Nob","floor":6.0,"turns":1.0},{"damage":0.0,"enemies":"Small Slimes","floor":7.0,"turns":1.0},{"damage":31,"enemies":"3 Sentries","floor":8,"turns":8},{"damage":4,"enemies":"Jaw Worm","floor":12,"turns":3},{"damage":23,"enemies":"3 Sentries","floor":14,"turns":7},{"damage":25,"enemies":"Hexaghost","floor":16,"turns":9},{"damage":11,"enemies":"2 Thieves","floor":18,"turns":3},{"damage":14,"enemies":"Shell Parasite","floor":20,"turns":4},{"damage":1,"enemies":"Centurion and Healer","floor":21,"turns":5},{"damage":24,"enemies":"Snake Plant","floor":22,"turns":5},{"damage":26,"enemies":"Slavers","floor":23,"turns":2},{"damage":6,"enemies":"Gremlin Leader","floor":27,"turns":3},{"damage":11,"enemies":"Shelled Parasite and Fungi","floor":29,"turns":4},{"damage":6,"enemies":"3 Cultists","floor":31,"turns":3},{"damage":62,"enemies":"Collector","floor":33,"turns":5}],"seed_played":"-3254683874978537831","potions_obtained":[{"floor":7.0,"key":"Strength Potion"},{"floor":8,"key":"SmokeBomb"},{"floor":12,"key":"Explosive Potion"},{"floor":14,"key":"Weak Potion"},{"floor":16,"key":"HeartOfIron"},{"floor":18,"key":"LiquidMemories"},{"floor":27,"key":"Fire Potion"},{"floor":29,"key":"EntropicBrew"}],"is_trial":false,"path_per_floor":["M","?","?","?","?","E","M","?","T","$","R","M","R","E","R","B",null,"M","?","M","M","M","E","R","?","T","E","?","M","?","M","R","B"],"character_chosen":"IRONCLAD","items_purchased":["Omamori","Strange Spoon"],"campfire_rested":1,"item_purchase_floors":[10,10],"current_hp_per_floor":[78,62,51,51,31,37,43,18,18,18,18,20,44,27,27,8,62,57,57,49,57,42,22,22,36,36,39,39,37,37,45,45,0,0],"gold":333,"neow_bonus":"THREE_ENEMY_KILL","is_daily":false,"chose_seed":false,"campfire_upgraded":4,"win_rate":0.0,"timestamp":1608396627,"path_taken":["M","?","?","?","?","E","?","?","T","$","R","M","R","E","R","BOSS","M","?","M","M","M","E","R","?","T","E","?","M","?","M","R","BOSS"],"items_purchased_type":["Relic","Relic"],"build_version":"2020-12-13","purchased_purges":1,"victory":false,"max_hp_per_floor":[80,80,80,80,80,80,80,80,80,80,80,80,80,80,80,80,80,80,80,80,83,86,86,86,100,100,103,103,106,106,109,109,109,109],"relic_stats":{"Strange Spoon":[14],"Nunchaku":[3],"counters":[16,64],"Bloody Idol":5,"Gambling Chip":[23],"Pen Nib":[2],"Whetstone":["Strike_R","Strike_R"],"MawBank":12,"Cursed Key":1,"obtain_stats":[{"NeowsBlessing":0,"Golden Idol":5,"Vajra":26,"Mango":25,"Pen Nib":28,"Omamori":10,"Whetstone":6,"MawBank":9,"Cursed Key":17,"Burning Blood":0,"Akabeko":27,"Du-Vu Doll":14,"Strange Spoon":10,"Nunchaku":23,"Gambling Chip":8,"Bloody Idol":30},{"NeowsBlessing":0,"Golden Idol":1,"Vajra":12,"Mango":12,"Pen Nib":13,"Omamori":4,"Whetstone":2,"MawBank":4,"Cursed Key":7,"Burning Blood":0,"Akabeko":13,"Du-Vu Doll":6,"Strange Spoon":4,"Nunchaku":12,"Gambling Chip":4,"Bloody Idol":14},{"NeowsBlessing":0,"Golden Idol":1,"Vajra":49,"Mango":49,"Pen Nib":52,"Omamori":11,"Whetstone":2,"MawBank":11,"Cursed Key":30,"Burning Blood":0,"Akabeko":52,"Du-Vu Doll":21,"Strange Spoon":11,"Nunchaku":49,"Gambling Chip":11,"Bloody Idol":56}],"Burning Blood":90},"card_choices":[{"not_picked":["Pommel Strike","Anger"],"picked":"Rampage","floor":1.0},{"not_picked":["Clothesline","Rupture"],"picked":"Thunderclap","floor":6.0},{"not_picked":["Intimidate","Wild Strike"],"picked":"Warcry","floor":7.0},{"not_picked":["Sentinel","True Grit"],"picked":"Spot Weakness","floor":8},{"not_picked":["Evolve","Searing Blow"],"picked":"Flex","floor":12},{"not_picked":["Armaments","Anger"],"picked":"Feed","floor":14},{"not_picked":["Juggernaut","Fiend Fire"],"picked":"Immolate","floor":16},{"not_picked":["Anger","Heavy Blade"],"picked":"Infernal Blade","floor":18},{"not_picked":["Carnage","Clothesline"],"picked":"Armaments","floor":20},{"not_picked":["Shrug It Off","Warcry"],"picked":"Armaments","floor":21},{"not_picked":["Heavy Blade","Armaments"],"picked":"Offering","floor":22},{"not_picked":["Wild Strike","Perfected Strike"],"picked":"Ghostly Armor","floor":23},{"not_picked":["Warcry","Perfected Strike"],"picked":"Rage","floor":27},{"not_picked":["Havoc","Iron Wave"],"picked":"Flame Barrier","floor":29},{"not_picked":["Feel No Pain","Thunderclap","Headbutt+1"],"picked":"SKIP","floor":31}],"player_experience":506903,"relics_obtained":[{"floor":6.0,"key":"Whetstone"},{"floor":8,"key":"Gambling Chip"},{"floor":9,"key":"MawBank"},{"floor":14,"key":"Du-Vu Doll"},{"floor":23,"key":"Nunchaku"},{"floor":26,"key":"Vajra"},{"floor":27,"key":"Akabeko"}],"event_choices":[{"damage_healed":78.0,"max_hp_gain":0.0,"max_hp_loss":80.0,"gold_gain":0.0,"event_name":"betterThird:BetterShining","player_choice":"Upgrade","floor":2.0,"gold_loss":0.0,"damage_taken":16.0,"cards_upgraded":["Defend_R","Defend_R"]},{"damage_healed":0.0,"max_hp_gain":0.0,"max_hp_loss":0.0,"gold_gain":75.0,"event_name":"betterThird:BetterGoop","player_choice":"Gold","floor":3.0,"gold_loss":0.0,"damage_taken":11.0},{"damage_healed":0.0,"max_hp_gain":0.0,"max_hp_loss":0.0,"gold_gain":0.0,"cards_transformed":["Strike_R"],"event_name":"Living Wall","player_choice":"Change","floor":4.0,"gold_loss":0.0,"damage_taken":0.0,"cards_obtained":["Shrug It Off"]},{"damage_healed":0.0,"max_hp_gain":0.0,"max_hp_loss":0.0,"gold_gain":0.0,"event_name":"Golden Idol","player_choice":"Take Damage","floor":5.0,"gold_loss":0.0,"damage_taken":20.0,"relics_obtained":["Golden Idol"]},{"damage_healed":0,"gold_gain":0,"player_choice":"Searched \u00271\u0027 times","damage_taken":0,"max_hp_gain":0,"max_hp_loss":0,"event_name":"Dead Adventurer","floor":8,"gold_loss":0},{"damage_healed":0,"gold_gain":0,"player_choice":"Read","damage_taken":0,"max_hp_gain":0,"max_hp_loss":0,"event_name":"The Library","floor":19,"gold_loss":0,"cards_obtained":["Metallicize"]},{"damage_healed":0,"gold_gain":0,"player_choice":"Obtained Relic","damage_taken":0,"relics_obtained":["Mango"],"max_hp_gain":0,"max_hp_loss":0,"event_name":"Addict","floor":25,"gold_loss":85},{"damage_healed":0,"gold_gain":0,"player_choice":"Opened","damage_taken":0,"relics_obtained":["Pen Nib"],"max_hp_gain":0,"max_hp_loss":0,"event_name":"The Mausoleum","floor":28,"gold_loss":0,"cards_obtained":["Writhe"]},{"damage_healed":0,"gold_gain":0,"player_choice":"Gave Idol","damage_taken":0,"relics_obtained":["Bloody Idol"],"max_hp_gain":0,"max_hp_loss":0,"event_name":"Forgotten Altar","floor":30,"relics_lost":["Golden Idol"],"gold_loss":0}],"is_beta":false,"boss_relics":[{"not_picked":["Runic Pyramid","Sozu"],"picked":"Cursed Key"}],"items_purged_floors":[10],"is_endless":false,"potions_floor_spawned":[7,8,12,14,16,18,27,29],"killed_by":"Collector","ascension_level":10}}