{"host":"egyxg9lnjq7g2hmw","time":1608339604,"event":{"mods":["AchievementEnabler","BaseMod","Block Reminder","Colored Map","Colored Powertips","Highlight Path","Minty Spire (QoL Compilation)","Rare Cards Sparkle","StSLib"],"gold_per_floor":[112,123,22,42,42,42,7,7,307,323,323,351,351,351,351],"floor_reached":14,"playtime":496,"items_purged":["Strike_G"],"score":176,"play_id":"29814d80-7556-4998-906d-049b7881298f","local_time":"20201218170004","is_ascension_mode":true,"campfire_choices":[{"data":"Neutralize","floor":6.0,"key":"SMITH"},{"data":"Deadly Poison","floor":8.0,"key":"SMITH"},{"data":"Outmaneuver","floor":13,"key":"SMITH"}],"circlet_count":0,"master_deck":["AscendersBane","Strike_G","Strike_G","Strike_G","Strike_G","Defend_G","Defend_G","Defend_G","Defend_G","Defend_G","Survivor","Neutralize+1","Poisoned Stab","Deadly Poison+1","Poisoned Stab","Outmaneuver+1","Deflect","Pain","Dagger Throw"],"relics":["Ring of the Snake","Old Coin","WarpedTongs","Kunai"],"acts_visited":["Exordium"],"potions_floor_usage":[12,14],"damage_taken":[{"damage":5.0,"enemies":"Cultist","floor":1.0,"turns":5.0},{"damage":5.0,"enemies":"Jaw Worm","floor":2.0,"turns":4.0},{"damage":3.0,"enemies":"Small Slimes","floor":4.0,"turns":4.0},{"damage":13.0,"enemies":"3 Louse","floor":10.0,"turns":4.0},{"damage":26,"enemies":"3 Sentries","floor":12,"turns":12},{"damage":37,"enemies":"Gremlin Nob","floor":14,"turns":4}],"seed_played":"-2057614018658078993","potions_obtained":[{"floor":2.0,"key":"EssenceOfSteel"},{"floor":10.0,"key":"Weak Potion"}],"is_trial":false,"path_per_floor":["M","M","$","M","?","R","?","R","T","M","?","E","R","E"],"character_chosen":"THE_SILENT","items_purchased":["Poisoned Stab"],"campfire_rested":0,"item_purchase_floors":[3],"current_hp_per_floor":[60,55,55,52,57,57,76,76,76,63,63,37,37,0,0],"gold":351,"neow_bonus":"TEN_PERCENT_HP_BONUS","is_daily":false,"chose_seed":false,"campfire_upgraded":3,"win_rate":0.0,"timestamp":1608339604,"path_taken":["M","M","$","?","?","R","?","R","T","M","?","E","R","E"],"items_purchased_type":["Card"],"build_version":"2020-12-13","purchased_purges":1,"victory":false,"max_hp_per_floor":[72,72,72,72,77,77,77,77,77,77,77,77,77,77,77],"card_choices":[{"not_picked":["PiercingWail","Acrobatics"],"picked":"Poisoned Stab","floor":1.0},{"not_picked":["Caltrops","Blur"],"picked":"Deadly Poison","floor":2.0},{"not_picked":["Sucker Punch","Accuracy"],"picked":"Outmaneuver","floor":4.0},{"not_picked":["Dodge and Roll","Reflex","Deflect"],"picked":"SKIP","floor":10.0},{"not_picked":["Dodge and Roll","Reflex"],"picked":"Deflect","floor":10.0},{"not_picked":["Cloak And Dagger","Underhanded Strike"],"picked":"Dagger Throw","floor":12}],"player_experience":522400,"relics_obtained":[{"floor":9.0,"key":"Old Coin"},{"floor":12,"key":"Kunai"}],"event_choices":[{"damage_healed":0.0,"max_hp_gain":5.0,"max_hp_loss":0.0,"gold_gain":0.0,"event_name":"Big Fish","player_choice":"Donut","floor":5.0,"gold_loss":0.0,"damage_taken":0.0},{"damage_healed":19.0,"max_hp_gain":0.0,"max_hp_loss":0.0,"gold_gain":0.0,"event_name":"The Cleric","player_choice":"Healed","floor":7.0,"gold_loss":35.0,"damage_taken":0.0},{"damage_healed":0.0,"max_hp_gain":0.0,"max_hp_loss":0.0,"gold_gain":0.0,"event_name":"Accursed Blacksmith","player_choice":"Rummage","floor":11.0,"gold_loss":0.0,"damage_taken":0.0,"relics_obtained":["WarpedTongs"],"cards_obtained":["Pain"]}],"is_beta":false,"boss_relics":[],"items_purged_floors":[3],"is_endless":false,"potions_floor_spawned":[2,10],"killed_by":"Gremlin Nob","ascension_level":20}}