{"host":"b5mzvg96njlg7ry9","time":1608375933,"event":{"mods":["AlwaysNeverKeys","Aspiration","BaseMod","Better Note","Better Third Choice","BetterRewards","Colored Map","Colored Powertips","Downfall","Highlight Path","Hubris","Infinite Spire","Minty Spire (QoL Compilation)","Quick Restart","Relic Sorter","Replay The Spire","Shop Mod","StSLib","SuperFastMode"],"gold_per_floor":[1060,1074,1139,1139,648,648,648,675,695,723,723,723,743,757,241,251,267,363,363,363,363,390,390,390,424,424,449,440,469,485,485,485,485,496,596,596,596,608,634,634,654,192,240,274,274,305,317,317,467,483,496,496,496,530,527,527,527],"floor_reached":58,"playtime":2487,"items_purged":["Guardian:Defend_Guardian","Guardian:Strike_Guardian","Shame","Amnesia","Guardian:TemporalShield+1"],"score":2428,"play_id":"0241796b-3dec-46f0-9f52-72618c16e00f","local_time":"20201219120533","is_ascension_mode":true,"campfire_choices":[{"data":"Guardian:TwinSlam","floor":6.0,"key":"SMITH"},{"data":"Guardian:BaubleBeam","floor":20.0,"key":"SMITH"},{"data":"Guardian:MultiBeam","floor":37,"key":"SMITH"},{"data":"Guardian:BaubleBeam","floor":40,"key":"SMITH"},{"data":"Guardian:RefractedBeam","floor":45,"key":"SMITH"},{"data":"Guardian:RefractedBeam+1","floor":56,"key":"SMITH"}],"circlet_count":0,"master_deck":["Guardian:CurlUp","Guardian:TwinSlam+1","Guardian:BaubleBeam+1","Guardian:DecasProtection+1","Guardian:BronzeOrb","Guardian:BronzeArmor+1","Guardian:RefractedBeam+2","Guardian:ExploitGems+1","infinitespire:Collect+1","Guardian:MultiBeam+1","Guardian:BaubleBeam+1"],"relics":["Replay:Wanted Poster","downfall:HeartBlessingRed","downfall:HeartBlessingBlue","downfall:HeartBlessingGreen","Garlic","Toxic Egg 2","MerchantsRug","Quantum Egg","Replay:Bottled Flurry","hubris:CrystalStatue","Anchor","Guardian:StasisSlotReductionRelic","aspiration:RitualStick","aspiration:HatOfInfinitePower","hubris:Metronome","Snack Pack","infinitespire:Bottled Soul","infinitespire:FocusingShard","Incense Burner","Ring of Fury","BargainBundle","Coffee Dripper","Thread and Needle","Bag of Marbles","aspiration:HiddenCompartment","Centennial Puzzle"],"acts_visited":["Exordium","TheCity","TheBeyond","TheEnding"],"potions_floor_usage":[34],"damage_taken":[{"damage":2.0,"enemies":"Small Slimes","floor":2.0,"turns":3.0},{"damage":0.0,"enemies":"3 Sentries","floor":3.0,"turns":6.0},{"damage":0.0,"enemies":"downfall:FleeingMerchant","floor":5.0,"turns":4.0},{"damage":16.0,"enemies":"Gremlin Nob","floor":8.0,"turns":3.0},{"damage":0.0,"enemies":"infinitespire:Voidling","floor":9.0,"turns":2.0},{"damage":0.0,"enemies":"Replay:BlueRogue","floor":10.0,"turns":3.0},{"damage":0.0,"enemies":"Cultist","floor":13.0,"turns":2.0},{"damage":0.0,"enemies":"Large Slime","floor":14.0,"turns":3.0},{"damage":0.0,"enemies":"downfall:FleeingMerchant","floor":15.0,"turns":4.0},{"damage":0.0,"enemies":"Lots of Slimes","floor":16.0,"turns":3.0},{"damage":0.0,"enemies":"Exordium Thugs","floor":17.0,"turns":3.0},{"damage":0.0,"enemies":"downfall:Defect","floor":18.0,"turns":4.0},{"damage":0.0,"enemies":"Gremlin Leader","floor":22.0,"turns":5.0},{"damage":0.0,"enemies":"Replay:Snechameleon","floor":25.0,"turns":2.0},{"damage":0.0,"enemies":"Gremlin Leader","floor":27.0,"turns":1.0},{"damage":0.0,"enemies":"downfall:FleeingMerchant","floor":28.0,"turns":2.0},{"damage":0.0,"enemies":"Slavers","floor":29.0,"turns":1.0},{"damage":0.0,"enemies":"Chosen","floor":30.0,"turns":1.0},{"damage":0,"enemies":"Shell Parasite","floor":34,"turns":1},{"damage":0,"enemies":"downfall:Watcher","floor":35,"turns":2},{"damage":0,"enemies":"Orb Walker","floor":38,"turns":1},{"damage":0,"enemies":"Giant Head","floor":39,"turns":2},{"damage":0,"enemies":"3 Darklings","floor":41,"turns":1},{"damage":1,"enemies":"Reptomancer","floor":44,"turns":2},{"damage":0,"enemies":"Giant Head","floor":46,"turns":1},{"damage":0,"enemies":"Sphere and 2 Shapes","floor":47,"turns":1},{"damage":0,"enemies":"4 Shapes","floor":50,"turns":1},{"damage":0,"enemies":"Spire Growth","floor":51,"turns":2},{"damage":0,"enemies":"downfall:Ironclad","floor":52,"turns":4},{"damage":0,"enemies":"downfall:CharBossMerchant","floor":54,"turns":3},{"damage":0,"enemies":"downfall:NeowBoss","floor":57,"turns":7}],"seed_played":"8273018083230040319","potions_obtained":[{"floor":3.0,"key":"CultistPotion"},{"floor":4.0,"key":"BlessingOfTheForge"},{"floor":4.0,"key":"Regen Potion"},{"floor":10.0,"key":"sneckomod:MuddlingPotion"},{"floor":14.0,"key":"sneckomod:MuddlingPotion"},{"floor":16.0,"key":"Weak Potion"},{"floor":18.0,"key":"Elixir"},{"floor":22.0,"key":"Explosive Potion"},{"floor":34,"key":"Fruit Juice"},{"floor":39,"key":"Dexterity Potion"}],"is_trial":false,"path_per_floor":["R_BF","M","?","?","$","R","T","E","M","E","PTL","PTL","M","M","$","M","M","B",null,"R","?","E","AVR","?","E","T","E","$","E","M","?","?","$","M","B",null,"R","M","E","R","M","$","T","E","R","E","M","?","?","M","M","B",null,"E","$","R","B",null],"character_chosen":"GUARDIAN","items_purchased":["Toxic Egg 2","Guardian:DecasProtection+1","MerchantsRug","Fruit Juice","Guardian:Gem_Orange","Guardian:Gem_Cyan","Anchor","infinitespire:FocusingShard","BargainBundle","Thread and Needle","Guardian:Gem_Crimson"],"campfire_rested":0,"item_purchase_floors":[5,5,5,15,15,15,15,28,33,42,55],"current_hp_per_floor":[82,80,80,80,90,90,90,74,74,74,74,74,74,74,79,79,79,79,91,91,72,72,72,72,72,72,76,84,86,88,88,88,88,97,100,100,100,100,100,100,100,100,100,99,99,100,100,100,100,100,100,100,100,100,100,100,100],"gold":527,"neow_bonus":"BOSS_RELIC","is_daily":false,"chose_seed":false,"campfire_upgraded":6,"win_rate":0.0,"timestamp":1608375933,"path_taken":["R_BF","M","?","?","$","R","T","E","M","E","PTL","PTL","M","?","?","?","M","BOSS","R","?","E","AVR","?","E","T","E","$","E","?","?","?","$","M","BOSS","R","M","E","R","M","$","T","E","R","E","M","?","?","?","M","BOSS","E","$","R","BOSS"],"items_purchased_type":["Relic","Card","Relic","Potion","Card","Card","Relic","Relic","Relic","Relic","Card"],"build_version":"2020-12-13","purchased_purges":5,"victory":true,"max_hp_per_floor":[90,90,90,90,90,90,90,90,90,90,90,90,90,90,95,95,95,95,95,95,95,95,95,95,95,95,95,95,95,95,95,95,95,100,100,100,100,100,100,100,100,100,100,100,100,100,100,100,100,100,100,100,100,100,100,100,100],"card_choices":[{"not_picked":["Guardian:ChargeCore","Guardian:TemporalShield","Guardian:Gem_Red"],"picked":"SKIP","floor":2.0},{"not_picked":["Guardian:Planning","Guardian:Gem_Fragmented"],"picked":"Guardian:BaubleBeam","floor":5.0},{"not_picked":["Guardian:WalkerClaw","Guardian:FloatingOrbs"],"picked":"Guardian:Gem_Crimson","floor":8.0},{"not_picked":["Guardian:CrystalBeam","Guardian:PrimingBeam","Guardian:TemporalStrike"],"picked":"SKIP","floor":9.0},{"not_picked":["Guardian:TimeCapacitor","Guardian:Incinerate"],"picked":"Guardian:TemporalShield+1","floor":10.0},{"not_picked":["Guardian:TemporalStrike","Guardian:FloatingOrbs"],"picked":"Guardian:BronzeOrb","floor":13.0},{"not_picked":["Guardian:PrismaticBeam","Guardian:ChargeCore"],"picked":"Guardian:Gem_Cyan","floor":14.0},{"not_picked":["Guardian:SpikerProtocol","Guardian:Incinerate"],"picked":"Guardian:Gem_Fragmented","floor":15.0},{"not_picked":["Guardian:BaubleBeam","Guardian:TemporalStrike"],"picked":"Guardian:BronzeArmor+1","floor":16.0},{"not_picked":["Guardian:PiercingHide+1","Guardian:Reroute"],"picked":"Guardian:RefractedBeam","floor":17.0},{"not_picked":["Guardian:ConstructionForm","Guardian:HyperBeam_Guardian"],"picked":"Guardian:ExploitGems+1","floor":18.0},{"not_picked":["Guardian:Emergency+1","Guardian:ShieldCharger+1","Guardian:RollAttack"],"picked":"SKIP","floor":22.0},{"not_picked":["Guardian:Gem_Blue","Guardian:TimeCapacitor"],"picked":"Guardian:MultiBeam","floor":25.0},{"not_picked":["Guardian:CrystalBeam","Guardian:Suspension+1","Guardian:Gem_Red"],"picked":"SKIP","floor":27.0},{"not_picked":["Guardian:Gem_Cyan","Guardian:Gem_Green"],"picked":"Guardian:Gem_White","floor":28.0},{"not_picked":["Guardian:Preprogram+1","Guardian:TemporalShield+1","Guardian:DonusPower+1"],"picked":"SKIP","floor":29.0},{"not_picked":["Guardian:GemFire","Guardian:TimeCapacitor","Guardian:Gem_Cyan"],"picked":"SKIP","floor":30.0},{"not_picked":["Guardian:ChargeCore","Guardian:SpikerProtocol+1","Guardian:HyperBeam_Guardian"],"picked":"SKIP","floor":34},{"not_picked":["Guardian:HyperBeam_Guardian","Guardian:ExploitGems+1"],"picked":"Guardian:BaubleBeam","floor":35},{"not_picked":["Guardian:VentSteam+1","Guardian:Gem_Green","Guardian:Recover+1"],"picked":"SKIP","floor":38},{"not_picked":["Guardian:Reroute","Guardian:PrimingBeam+1"],"picked":"Guardian:Gem_Purple","floor":39},{"not_picked":["Guardian:PrimingBeam","Guardian:CrystalBeam","Guardian:Orbwalk+1"],"picked":"SKIP","floor":41},{"not_picked":["Guardian:Orbwalk+1","Guardian:Gem_Lightblue","Guardian:WalkerClaw"],"picked":"SKIP","floor":44},{"not_picked":["Guardian:Recover+1","Guardian:PrismaticBarrier+1","Guardian:StasisEngine"],"picked":"SKIP","floor":46},{"not_picked":["Guardian:ArmoredProtocol+1","Guardian:Recover+1","Guardian:RefractedBeam+1"],"picked":"SKIP","floor":47},{"not_picked":["Guardian:TemporalShield+1","Guardian:ShieldSpikes+1","Guardian:TemporalStrike"],"picked":"SKIP","floor":50},{"not_picked":["Guardian:TemporalShield+1","Guardian:SpikerProtocol"],"picked":"Guardian:Gem_Purple","floor":51},{"not_picked":["Guardian:PolyBeam+1","Guardian:Gem_Red","Guardian:EvasiveProtocol+1"],"picked":"SKIP","floor":54}],"player_experience":792716,"relics_obtained":[{"floor":7.0,"key":"Quantum Egg"},{"floor":8.0,"key":"Replay:Bottled Flurry"},{"floor":10.0,"key":"hubris:CrystalStatue"},{"floor":22.0,"key":"aspiration:HatOfInfinitePower"},{"floor":25.0,"key":"hubris:Metronome"},{"floor":26.0,"key":"Snack Pack"},{"floor":27.0,"key":"infinitespire:Bottled Soul"},{"floor":29.0,"key":"Incense Burner"},{"floor":32,"key":"Ring of Fury"},{"floor":39,"key":"Nunchaku"},{"floor":43,"key":"Bag of Marbles"},{"floor":44,"key":"aspiration:HiddenCompartment"},{"floor":46,"key":"Centennial Puzzle"},{"floor":54,"key":"Art of War"}],"event_choices":[{"damage_healed":0.0,"max_hp_gain":0.0,"max_hp_loss":0.0,"gold_gain":0.0,"event_name":"Lab","player_choice":"Got Potions","floor":4.0,"gold_loss":0.0,"damage_taken":0.0},{"damage_healed":0.0,"max_hp_gain":0.0,"max_hp_loss":0.0,"gold_gain":0.0,"event_name":"Vampires","player_choice":"Ignored","floor":31.0,"gold_loss":0.0,"damage_taken":0.0}],"is_beta":false,"boss_relics":[{"not_picked":["Calling Bell","Runic Pyramid"],"picked":"Guardian:StasisSlotReductionRelic"},{"not_picked":["hubris:GrandSneckoEye","Pandora\u0027s Box"],"picked":"Coffee Dripper"}],"items_purged_floors":[15,23,28,33,42],"is_endless":false,"potions_floor_spawned":[3,10,14,16,18,22,30,34,39,46,50,51,54],"ascension_level":8}}