{"host":"6azrrw3tf7wb0f4b","time":1608357823,"event":{"mods":["BaseMod","DeckTracker","Minty Spire (QoL Compilation)","SuperFastMode"],"gold_per_floor":[112,112,124,49,49,49,67,95,95,95,109,120,20,51,51,51,51],"floor_reached":16,"playtime":291,"items_purged":["Strike_G","Strike_G"],"score":209,"play_id":"6c9ca6b8-eacd-411a-8bd9-784046eab881","local_time":"20201219150343","is_ascension_mode":true,"campfire_choices":[{"data":"Deadly Poison","floor":6.0,"key":"SMITH"},{"data":"Catalyst","floor":15,"key":"SMITH"}],"circlet_count":0,"master_deck":["AscendersBane","Strike_G","Strike_G","Defend_G","Defend_G","Defend_G","Defend_G","Defend_G","Survivor","Neutralize","Deadly Poison+1","Poisoned Stab","Catalyst+1","PiercingWail","Bouncing Flask","Dodge and Roll","Noxious Fumes","Bullet Time"],"relics":["Ring of the Snake","HornCleat","Dead Branch","InkBottle","Calipers"],"acts_visited":["Exordium"],"potions_floor_usage":[8,8,16],"damage_taken":[{"damage":0.0,"enemies":"Small Slimes","floor":1.0,"turns":3.0},{"damage":1.0,"enemies":"Jaw Worm","floor":3.0,"turns":3.0},{"damage":1.0,"enemies":"2 Louse","floor":7.0,"turns":3.0},{"damage":0,"enemies":"Gremlin Nob","floor":8,"turns":2},{"damage":0,"enemies":"Blue Slaver","floor":11,"turns":3},{"damage":3,"enemies":"Looter","floor":12,"turns":3},{"damage":8,"enemies":"Lagavulin","floor":14,"turns":6},{"damage":50,"enemies":"Slime Boss","floor":16,"turns":9}],"seed_played":"-5363410330066110199","potions_obtained":[{"floor":3.0,"key":"LiquidMemories"},{"floor":7.0,"key":"BlessingOfTheForge"},{"floor":12,"key":"Strength Potion"},{"floor":14,"key":"DuplicationPotion"}],"is_trial":false,"path_per_floor":["M","?","M","$","?","R","M","E","T","?","M","M","$","E","R","B"],"character_chosen":"THE_SILENT","items_purchased":[],"campfire_rested":0,"item_purchase_floors":[],"current_hp_per_floor":[63,56,55,55,52,52,51,51,51,56,56,53,53,45,45,0,0],"gold":51,"neow_bonus":"THREE_CARDS","is_daily":false,"chose_seed":false,"campfire_upgraded":2,"win_rate":0.0,"timestamp":1608357823,"path_taken":["M","?","M","$","?","R","M","E","T","?","M","M","?","E","R","BOSS"],"items_purchased_type":[],"build_version":"2020-12-13","purchased_purges":2,"victory":false,"max_hp_per_floor":[70,70,70,70,70,70,70,70,70,75,75,75,75,75,75,75,75],"card_choices":[{"not_picked":["Flying Knee","Bane"],"picked":"Deadly Poison","floor":0.0},{"not_picked":["PiercingWail","Flying Knee"],"picked":"Poisoned Stab","floor":1.0},{"not_picked":["Dagger Spray","Dodge and Roll"],"picked":"Catalyst","floor":3.0},{"not_picked":["Calculated Gamble","Cloak And Dagger"],"picked":"PiercingWail","floor":7.0},{"not_picked":["Tools of the Trade","Sucker Punch"],"picked":"Bouncing Flask","floor":8},{"not_picked":["Flechettes","Flying Knee"],"picked":"Dodge and Roll","floor":11},{"not_picked":["Reflex","Dagger Throw"],"picked":"Noxious Fumes","floor":12},{"not_picked":["Flying Knee","Caltrops"],"picked":"Bullet Time","floor":14}],"player_experience":630851,"relics_obtained":[{"floor":8,"key":"Dead Branch"},{"floor":9,"key":"InkBottle"},{"floor":14,"key":"Calipers"}],"event_choices":[{"cards_removed":["Strike_G"],"damage_healed":0.0,"max_hp_gain":0.0,"max_hp_loss":0.0,"gold_gain":0.0,"event_name":"Golden Wing","player_choice":"Card Removal","floor":2.0,"gold_loss":0.0,"damage_taken":7.0},{"damage_healed":0.0,"max_hp_gain":0.0,"max_hp_loss":0.0,"gold_gain":0.0,"event_name":"Scrap Ooze","player_choice":"Success","floor":5.0,"gold_loss":0.0,"damage_taken":3.0,"relics_obtained":["HornCleat"]},{"damage_healed":0,"gold_gain":0,"player_choice":"Donut","damage_taken":0,"max_hp_gain":5,"max_hp_loss":0,"event_name":"Big Fish","floor":10,"gold_loss":0}],"is_beta":false,"boss_relics":[],"items_purged_floors":[4,13],"is_endless":false,"potions_floor_spawned":[3,7,12,14],"killed_by":"Slime Boss","ascension_level":11}}