{"host":"Ian","time":1608405208,"event":{"mods":["BaseMod","Bestiary","Block Reminder","Colored Map","Highlight Path","Key Reminder","Minty Spire (QoL Compilation)","Relic Stats"],"gold_per_floor":[111,127,139,152,169,199,199,226,226,151,151,151,226,64,64,64,64],"floor_reached":16,"playtime":498,"items_purged":["Strike_R"],"score":220,"play_id":"dc723ed6-ef1d-425a-9944-058d204aec75","local_time":"20201219191328","is_ascension_mode":true,"campfire_choices":[{"data":"Immolate","floor":7,"key":"SMITH"},{"floor":11,"key":"REST"},{"floor":15,"key":"REST"}],"circlet_count":0,"master_deck":["AscendersBane","Strike_R","Strike_R","Strike_R","Strike_R","Defend_R","Defend_R","Defend_R","Defend_R","Bash","Immolate+1","Power Through","Fiend Fire","Headbutt","Fire Breathing","Disarm"],"relics":["Burning Blood","Juzu Bracelet","Tiny Chest","keyreminder:keyreminder","Art of War","Golden Idol"],"acts_visited":["Exordium"],"potions_floor_usage":[6,6,16],"damage_taken":[{"damage":1,"enemies":"Cultist","floor":1,"turns":3},{"damage":14,"enemies":"Jaw Worm","floor":2,"turns":3},{"damage":2,"enemies":"2 Louse","floor":3,"turns":3},{"damage":19,"enemies":"Blue Slaver","floor":4,"turns":4},{"damage":21,"enemies":"Exordium Wildlife","floor":5,"turns":5},{"damage":9,"enemies":"Gremlin Nob","floor":6,"turns":4},{"damage":30,"enemies":"3 Sentries","floor":8,"turns":9},{"damage":36,"enemies":"Hexaghost","floor":16,"turns":8}],"seed_played":"-4176185999168117962","potions_obtained":[{"floor":2,"key":"Block Potion"},{"floor":3,"key":"BlessingOfTheForge"},{"floor":6,"key":"FearPotion"}],"is_trial":false,"path_per_floor":["M","M","M","M","M","E","R","E","T","$","R","?","?","$","R","B"],"character_chosen":"IRONCLAD","items_purchased":["Fire Breathing","Disarm"],"campfire_rested":2,"item_purchase_floors":[14,14],"current_hp_per_floor":[68,60,64,51,36,33,33,9,9,9,29,29,18,18,36,0,0],"gold":64,"neow_bonus":"THREE_RARE_CARDS","is_daily":false,"chose_seed":false,"campfire_upgraded":1,"win_rate":0.0,"timestamp":1608405208,"path_taken":["M","M","M","M","?","E","R","E","T","$","R","?","?","?","R","BOSS"],"items_purchased_type":["Card","Card"],"build_version":"2020-12-18","purchased_purges":1,"victory":false,"max_hp_per_floor":[68,68,68,68,68,68,68,68,68,68,68,62,62,62,62,62,62],"relic_stats":{"counters":[8,39],"Golden Idol":0,"Tiny Chest":0,"Juzu Bracelet":0,"Art of War":[1],"obtain_stats":[{"keyreminder:keyreminder":8,"Golden Idol":12,"Tiny Chest":8,"Juzu Bracelet":6,"Art of War":9,"Burning Blood":0},{"keyreminder:keyreminder":7,"Golden Idol":7,"Tiny Chest":7,"Juzu Bracelet":6,"Art of War":7,"Burning Blood":0},{"keyreminder:keyreminder":31,"Golden Idol":31,"Tiny Chest":31,"Juzu Bracelet":22,"Art of War":31,"Burning Blood":0}],"Burning Blood":37},"card_choices":[{"not_picked":["Corruption","Limit Break"],"picked":"Immolate","floor":0},{"not_picked":["Clothesline","Cleave","Entrench"],"picked":"SKIP","floor":1},{"not_picked":["Searing Blow","Flex","Havoc"],"picked":"SKIP","floor":2},{"not_picked":["Dark Embrace","Reckless Charge","Blood for Blood"],"picked":"SKIP","floor":3},{"not_picked":["Clothesline","Headbutt"],"picked":"Power Through","floor":4},{"not_picked":["Pommel Strike","Heavy Blade"],"picked":"Fiend Fire","floor":5},{"not_picked":["Dark Embrace","Clothesline","True Grit"],"picked":"SKIP","floor":6},{"not_picked":["Body Slam","Searing Blow"],"picked":"Headbutt","floor":8}],"player_experience":2565026,"relics_obtained":[{"floor":6,"key":"Juzu Bracelet"},{"floor":8,"key":"Tiny Chest"},{"floor":9,"key":"Art of War"}],"event_choices":[{"damage_healed":0,"gold_gain":0,"player_choice":"Lose Max HP","damage_taken":0,"relics_obtained":["Golden Idol"],"max_hp_gain":0,"max_hp_loss":6,"event_name":"Golden Idol","floor":12,"gold_loss":0},{"damage_healed":0,"gold_gain":75,"player_choice":"Gather Gold","damage_taken":11,"max_hp_gain":0,"max_hp_loss":0,"event_name":"World of Goop","floor":13,"gold_loss":0}],"is_beta":true,"boss_relics":[],"items_purged_floors":[10],"is_endless":false,"potions_floor_spawned":[2,3,5,6],"killed_by":"Hexaghost","ascension_level":20}}