{"host":"26mrfot5w7uj2ebc","time":1608377007,"event":{"mods":["AchievementEnabler","BaseMod","Colored Map","Minty Spire (QoL Compilation)"],"gold_per_floor":[114,289,22,37,52,52,95,95,95,110,140,28,58,73,73,173,173,188,38,53,53,68,68,98,197,197,227,242,242,272,287,287,387,387,402,417,417,417,432,432,462,477,477,507,507,48,78,93,93,93],"floor_reached":51,"playtime":2165,"items_purged":["Doubt"],"score":982,"play_id":"4679ecd8-de93-4332-9dac-5b4bc6bccf36","local_time":"20201219202326","daily_mods":["Draft","Uncertain Future","Elite Swarm"],"is_ascension_mode":false,"campfire_choices":[{"data":"Pummel","floor":6.0,"key":"SMITH"},{"data":"Inflame","floor":8.0,"key":"SMITH"},{"data":"Barricade","floor":15.0,"key":"SMITH"},{"data":"Rupture","floor":23.0,"key":"SMITH"},{"data":"Limit Break","floor":29.0,"key":"SMITH"},{"floor":32.0,"key":"REST"},{"floor":40.0,"key":"REST"},{"data":"Armaments","floor":49,"key":"SMITH"}],"circlet_count":0,"master_deck":["Sword Boomerang","Sword Boomerang","Combust","Cleave","Thunderclap","Clash","Clothesline","Cleave","Clash","Pummel+1","Shockwave","Clash","Clothesline","Armaments","Pommel Strike","Iron Wave","Inflame+1","Clothesline","Power Through","Armaments+1","Barricade+1","Entrench+1","Berserk","Metallicize","Demon Form","Iron Wave+1","Rupture+1","Seeing Red+1","Limit Break+1","Reaper","Twin Strike","Brutality","Hemokinesis","Impervious","CurseOfTheBell","Armaments+1","Evolve+1","Rupture","Brutality","Battle Trance+1","Brutality+1","Inflame+1","Corruption+1","Battle Trance+1"],"relics":["Burning Blood","ClockworkSouvenir","Calipers","Incense Burner","Vajra","Bottled Flame","SlaversCollar","Happy Flower","Potion Belt","Shuriken","War Paint","Oddly Smooth Stone","Calling Bell","Akabeko","White Beast Statue","Turnip","InkBottle","Frozen Egg 2","The Courier","Lizard Tail","Toy Ornithopter","Bird Faced Urn"],"acts_visited":["Exordium","TheCity","TheBeyond"],"potions_floor_usage":[44,50,50,50,50,50],"damage_taken":[{"damage":0.0,"enemies":"Small Slimes","floor":1.0,"turns":1.0},{"damage":0.0,"enemies":"2 Louse","floor":4.0,"turns":1.0},{"damage":6.0,"enemies":"Jaw Worm","floor":5.0,"turns":2.0},{"damage":6.0,"enemies":"Lagavulin Event","floor":7.0,"turns":3.0},{"damage":3.0,"enemies":"Gremlin Gang","floor":10.0,"turns":2.0},{"damage":5.0,"enemies":"Gremlin Nob","floor":11.0,"turns":3.0},{"damage":0.0,"enemies":"3 Sentries","floor":13.0,"turns":2.0},{"damage":0.0,"enemies":"Blue Slaver","floor":14.0,"turns":2.0},{"damage":3.0,"enemies":"Slime Boss","floor":16.0,"turns":5.0},{"damage":2.0,"enemies":"Spheric Guardian","floor":18.0,"turns":3.0},{"damage":18.0,"enemies":"2 Thieves","floor":20.0,"turns":4.0},{"damage":1.0,"enemies":"Snake Plant","floor":21.0,"turns":2.0},{"damage":22.0,"enemies":"Centurion and Healer","floor":22.0,"turns":6.0},{"damage":14.0,"enemies":"Slavers","floor":24.0,"turns":4.0},{"damage":4.0,"enemies":"Gremlin Leader","floor":27.0,"turns":5.0},{"damage":14.0,"enemies":"3 Cultists","floor":28.0,"turns":4.0},{"damage":53.0,"enemies":"Slavers","floor":30.0,"turns":5.0},{"damage":17.0,"enemies":"Sentry and Sphere","floor":31.0,"turns":5.0},{"damage":37.0,"enemies":"Champ","floor":33.0,"turns":7.0},{"damage":13.0,"enemies":"3 Shapes","floor":35.0,"turns":3.0},{"damage":11.0,"enemies":"Orb Walker","floor":36.0,"turns":4.0},{"damage":32.0,"enemies":"4 Shapes","floor":39.0,"turns":3.0},{"damage":40.0,"enemies":"Giant Head","floor":41.0,"turns":7.0},{"damage":19.0,"enemies":"Maw","floor":42.0,"turns":7.0},{"damage":82,"enemies":"Reptomancer","floor":44,"turns":6},{"damage":27,"enemies":"Giant Head","floor":47,"turns":6},{"damage":31,"enemies":"Spire Growth","floor":48,"turns":6},{"damage":95,"enemies":"Awakened One","floor":50,"turns":8}],"seed_played":"-2908382401684788831","potions_obtained":[{"floor":4.0,"key":"Explosive Potion"},{"floor":10.0,"key":"SmokeBomb"},{"floor":13.0,"key":"Swift Potion"},{"floor":14.0,"key":"Explosive Potion"},{"floor":20.0,"key":"ElixirPotion"},{"floor":30.0,"key":"BloodPotion"},{"floor":33.0,"key":"EssenceOfSteel"},{"floor":35.0,"key":"Ancient Potion"},{"floor":36.0,"key":"ElixirPotion"},{"floor":39.0,"key":"Weak Potion"},{"floor":41.0,"key":"BlessingOfTheForge"},{"floor":44,"key":"BloodPotion"},{"floor":48,"key":"BloodPotion"}],"is_trial":false,"path_per_floor":["M","?","$","M","M","R","?","R","T","M","E","$","E","M","R","B",null,"M","$","M","M","M","R","E","?","T","E","M","R","E","M","R","B",null,"M","M","?","?","M","R","E","M","T","E","?","$","E","M","R","B",null],"character_chosen":"IRONCLAD","items_purchased":["Inflame","ClockworkSouvenir","PowerPotion","Entrench","Happy Flower","Lizard Tail","Inflame+1","Toy Ornithopter","Strength Potion"],"campfire_rested":2,"item_purchase_floors":[3,3,3,12,19,46,46,46,46],"current_hp_per_floor":[80,80,80,80,80,80,80,80,80,80,80,80,80,80,80,80,80,80,80,68,73,57,57,49,49,49,51,76,76,61,50,74,53,80,73,80,80,80,54,78,80,67,67,17,70,70,57,67,67,56],"gold":93,"neow_bonus":"","is_daily":true,"chose_seed":false,"campfire_upgraded":6,"win_rate":0.0,"timestamp":1608377006,"path_taken":["M","?","$","M","M","R","?","R","T","M","E","?","E","M","R","BOSS","M","$","?","?","M","R","E","?","T","E","M","R","E","M","R","BOSS","M","M","?","?","M","R","E","M","T","E","?","$","E","M","R","BOSS"],"items_purchased_type":["Card","Relic","Potion","Card","Relic","Relic","Card","Relic","Potion"],"build_version":"2020-12-13","purchased_purges":1,"victory":true,"max_hp_per_floor":[80,80,80,80,80,80,80,80,80,80,80,80,80,80,80,80,80,80,80,80,80,80,80,80,80,80,80,80,80,80,80,80,80,80,80,80,80,80,80,80,80,80,80,80,70,70,70,70,70,70],"card_choices":[{"not_picked":["Havoc","Body Slam"],"picked":"Sword Boomerang","floor":0.0},{"not_picked":["Shrug It Off","Havoc"],"picked":"Sword Boomerang","floor":0.0},{"not_picked":["Rampage","Flex"],"picked":"Combust","floor":0.0},{"not_picked":["Power Through","Sword Boomerang"],"picked":"Cleave","floor":0.0},{"not_picked":["Flex","Wild Strike"],"picked":"Thunderclap","floor":0.0},{"not_picked":["Iron Wave","Cleave"],"picked":"Clash","floor":0.0},{"not_picked":["Power Through","Thunderclap"],"picked":"Clothesline","floor":0.0},{"not_picked":["Pommel Strike","Evolve"],"picked":"Cleave","floor":0.0},{"not_picked":["Twin Strike","Headbutt"],"picked":"Clash","floor":0.0},{"not_picked":["Headbutt","Pommel Strike"],"picked":"Pummel","floor":0.0},{"not_picked":["Sword Boomerang","Warcry"],"picked":"Shockwave","floor":0.0},{"not_picked":["Whirlwind","Blood for Blood"],"picked":"Clash","floor":0.0},{"not_picked":["Power Through","Battle Trance"],"picked":"Clothesline","floor":0.0},{"not_picked":["Shrug It Off","Ghostly Armor"],"picked":"Armaments","floor":0.0},{"not_picked":["Warcry","Armaments"],"picked":"Pommel Strike","floor":0.0},{"not_picked":["Blood for Blood","Anger"],"picked":"Iron Wave","floor":1.0},{"not_picked":["Blood for Blood","Cleave"],"picked":"Sword Boomerang","floor":4.0},{"not_picked":["Sentinel","Shrug It Off"],"picked":"Clothesline","floor":5.0},{"not_picked":["Pommel Strike","Anger"],"picked":"Power Through","floor":7.0},{"not_picked":["Sentinel","Perfected Strike"],"picked":"Armaments","floor":10.0},{"not_picked":["Double Tap","Berserk"],"picked":"Barricade","floor":11.0},{"not_picked":["Immolate","Feed"],"picked":"Berserk","floor":13.0},{"not_picked":["Uppercut","Sword Boomerang"],"picked":"Metallicize","floor":14.0},{"not_picked":["Barricade","Juggernaut"],"picked":"Demon Form","floor":16.0},{"not_picked":["Perfected Strike+1","Sever Soul+1"],"picked":"Iron Wave+1","floor":18.0},{"not_picked":["Clothesline","Hemokinesis"],"picked":"Rupture","floor":20.0},{"not_picked":["Wild Strike","Pommel Strike"],"picked":"Seeing Red","floor":22.0},{"not_picked":["Berserk","Double Tap"],"picked":"Limit Break","floor":24.0},{"not_picked":["Exhume","Demon Form"],"picked":"Reaper","floor":27.0},{"not_picked":["Flex","Warcry"],"picked":"Twin Strike","floor":28.0},{"not_picked":["Reaper","Feed"],"picked":"Brutality","floor":30.0},{"not_picked":["Havoc","True Grit"],"picked":"Hemokinesis","floor":31.0},{"not_picked":["Fiend Fire","Offering"],"picked":"Impervious","floor":33.0},{"not_picked":["Disarm+1","Cleave+1"],"picked":"Armaments+1","floor":35.0},{"not_picked":["Clothesline+1","Sever Soul+1"],"picked":"Evolve+1","floor":36.0},{"not_picked":["Clothesline","Blood for Blood"],"picked":"Rupture","floor":39.0},{"not_picked":["Fiend Fire","Bludgeon"],"picked":"Brutality","floor":41.0},{"not_picked":["Perfected Strike","Cleave"],"picked":"Battle Trance+1","floor":42.0},{"not_picked":["Barricade+1","Limit Break"],"picked":"Brutality+1","floor":44},{"not_picked":["Barricade+1","Double Tap"],"picked":"Corruption+1","floor":47},{"not_picked":["Cleave+1","Sentinel"],"picked":"Battle Trance+1","floor":48}],"player_experience":182044,"relics_obtained":[{"floor":7.0,"key":"Calipers"},{"floor":9.0,"key":"Incense Burner"},{"floor":11.0,"key":"Vajra"},{"floor":13.0,"key":"Bottled Flame"},{"floor":24.0,"key":"Potion Belt"},{"floor":26.0,"key":"Shuriken"},{"floor":27.0,"key":"War Paint"},{"floor":30.0,"key":"Oddly Smooth Stone"},{"floor":34.0,"key":"Akabeko"},{"floor":34.0,"key":"White Beast Statue"},{"floor":34.0,"key":"Turnip"},{"floor":41.0,"key":"InkBottle"},{"floor":43.0,"key":"Frozen Egg 2"},{"floor":44,"key":"The Courier"},{"floor":47,"key":"Bird Faced Urn"}],"event_choices":[{"damage_healed":0.0,"max_hp_gain":0.0,"max_hp_loss":0.0,"gold_gain":175.0,"event_name":"Liars Game","player_choice":"AGREE","floor":2.0,"gold_loss":0.0,"damage_taken":0.0,"cards_obtained":["Doubt"]},{"damage_healed":0.0,"max_hp_gain":0.0,"max_hp_loss":0.0,"gold_gain":0.0,"event_name":"Dead Adventurer","player_choice":"Searched \u00272\u0027 times","floor":7.0,"gold_loss":0.0,"damage_taken":0.0},{"damage_healed":0.0,"max_hp_gain":0.0,"max_hp_loss":0.0,"gold_gain":99.0,"event_name":"Nest","player_choice":"Stole From Cult","floor":25.0,"gold_loss":0.0,"damage_taken":0.0},{"cards_removed":["Sword Boomerang"],"damage_healed":0.0,"max_hp_gain":0.0,"max_hp_loss":0.0,"gold_gain":0.0,"event_name":"Falling","player_choice":"Removed Attack","floor":37.0,"gold_loss":0.0,"damage_taken":0.0},{"damage_healed":0.0,"max_hp_gain":0.0,"max_hp_loss":0.0,"gold_gain":0.0,"event_name":"Tomb of Lord Red Mask","player_choice":"Ignored","floor":38.0,"gold_loss":0.0,"damage_taken":0.0},{"damage_healed":70,"gold_gain":0,"player_choice":"Heal","damage_taken":0,"max_hp_gain":0,"max_hp_loss":10,"event_name":"The Moai Head","floor":45,"gold_loss":0}],"is_beta":false,"boss_relics":[{"not_picked":["Snecko Eye","Velvet Choker"],"picked":"SlaversCollar"},{"not_picked":["Black Blood","Black Star"],"picked":"Calling Bell"}],"items_purged_floors":[12],"is_endless":false,"potions_floor_spawned":[4,10,13,14,20,21,30,33,35,36,39,41,42,44,47,48],"ascension_level":0}}