{"host":"v4s5k3c6jywmeofl","time":1608412426,"event":{"mods":["Act Like it!","BaseMod","Colored Map","Downfall","Gensokyo","Hallownest","Hermit","Marisa????????","Minty Spire (QoL Compilation)","Quick Restart","Random Character Button","Rare Cards Sparkle","Replay The Spire","StSLib","The Animator","The Bug Knight","The Cursed","The Hierophant","The Servant 0.9.4"],"gold_per_floor":[117,117,130,145,94,127,127,127,127,137,155,155,155,168,168,266,266,276,276,276,276,276,156,171,171,185,185,185],"floor_reached":27,"playtime":733,"items_purged":[],"score":213,"play_id":"064d85e3-eb3d-4ab0-86a4-5b6f18898655","local_time":"20201219161346","is_ascension_mode":false,"campfire_choices":[{"data":"HollowMod:SlysStrikes","floor":15,"key":"SMITH"},{"floor":25,"key":"REST"}],"circlet_count":0,"master_deck":["hermit:Strike_Hermit","hermit:Strike_Hermit","hermit:Strike_Hermit","hermit:Strike_Hermit","hermit:Defend_Hermit","hermit:Defend_Hermit","hermit:Defend_Hermit","hermit:Defend_Hermit","hermit:Snapshot","hermit:Covet","hermit:Headshot","hermit:Misfire","hermit:Headshot","hermit:Glare","hermit:Headshot","Looming Evil","HollowMod:SlysStrikes+1","hermit:HighCaliber","Parasite","Die Die Die+1","Gensokyo:RedCapeBlueCape+1","Guardian:BronzeOrb+1"],"relics":["hermit:Momento","NeowsBlessing","Lantern","HollowMod:StagPassRelic","PrismaticShard","Molten Egg 2","ChewingGum","Gensokyo:DayTheSeaSplit","Gensokyo:DemonMask"],"acts_visited":["Exordium","Gensokyo:Gensokyoer"],"potions_floor_usage":[16,16,27],"damage_taken":[{"damage":0,"enemies":"Cultist","floor":1,"turns":1},{"damage":0,"enemies":"2 Louse","floor":3,"turns":1},{"damage":0,"enemies":"Small Slimes","floor":4,"turns":1},{"damage":38,"enemies":"Gremlin Nob","floor":6,"turns":4},{"damage":0,"enemies":"Blue Slaver","floor":10,"turns":1},{"damage":14,"enemies":"Large Slime","floor":11,"turns":4},{"damage":0,"enemies":"3 Louse","floor":14,"turns":2},{"damage":25,"enemies":"The Guardian","floor":16,"turns":7},{"damage":39,"enemies":"Gensokyo:3_Dogs","floor":18,"turns":5},{"damage":21,"enemies":"Gensokyo:AngelMirror","floor":24,"turns":2},{"damage":33,"enemies":"Gensokyo:Slime_Group","floor":26,"turns":4},{"damage":3,"enemies":"Gensokyo:Wraith","floor":27,"turns":1}],"seed_played":"1243632839218085077","potions_obtained":[{"floor":1,"key":"Weak Potion"},{"floor":6,"key":"SkillPotion"},{"floor":16,"key":"Ancient Potion"},{"floor":26,"key":"FearPotion"}],"is_trial":false,"path_per_floor":["M","T","M","M","$","E","?","?","T","M","M","?","T","M","R","B",null,"M","?","PTL","PTL","?","?","M","R","M","M"],"character_chosen":"HERMIT","items_purchased":["hermit:Glare"],"campfire_rested":1,"item_purchase_floors":[5],"current_hp_per_floor":[75,75,75,75,75,37,37,37,37,37,23,41,41,41,41,16,75,36,36,36,36,36,36,15,35,2,0,0],"gold":185,"neow_bonus":"THREE_ENEMY_KILL","is_daily":false,"chose_seed":false,"campfire_upgraded":1,"win_rate":0.0,"timestamp":1608412426,"path_taken":["M","?","M","M","$","E","?","?","T","M","?","?","?","M","R","BOSS","M","?","PTL","PTL","?","?","?","R","M","M"],"items_purchased_type":["Card"],"build_version":"2020-12-13","purchased_purges":0,"victory":false,"max_hp_per_floor":[75,75,75,75,75,75,75,75,75,75,75,75,75,75,75,75,75,75,75,75,75,68,68,68,68,68,68,68],"card_choices":[{"not_picked":["hermit:DeadMansHand","hermit:Quickdraw"],"picked":"hermit:Headshot","floor":1},{"not_picked":["hermit:HoleUp","hermit:Vantage"],"picked":"hermit:Misfire","floor":3},{"not_picked":["hermit:Glare","hermit:BodyArmor"],"picked":"hermit:Headshot","floor":4},{"not_picked":["hermit:Scavenge","hermit:Showdown"],"picked":"hermit:Headshot","floor":6},{"not_picked":["Doom and Gloom","expansioncontent:DefensiveStance"],"picked":"HollowMod:SlysStrikes","floor":10},{"not_picked":["GasGiant","Bane"],"picked":"hermit:HighCaliber","floor":11},{"not_picked":["animator:Urushihara+1","LikeWater","AsteroidBelt"],"picked":"SKIP","floor":14},{"not_picked":["Wraith Form v2","HollowMod:AwokenDreamNail+1"],"picked":"Die Die Die+1","floor":16},{"not_picked":["Revamp+1","champ:TornadoPunch+1","Guardian:Incinerate+1"],"picked":"SKIP","floor":18},{"not_picked":["Gensokyo:Doppelganger","Gensokyo:Kunekune"],"picked":"Gensokyo:RedCapeBlueCape+1","floor":22},{"not_picked":["Bane+1","6A+1"],"picked":"Guardian:BronzeOrb+1","floor":24},{"not_picked":["ForgedInTime","animator:Cocytus+1","Choke+1"],"picked":"SKIP","floor":26}],"player_experience":87839,"relics_obtained":[{"floor":2,"key":"Lantern"},{"floor":6,"key":"HollowMod:StagPassRelic"},{"floor":13,"key":"Molten Egg 2"}],"event_choices":[{"damage_healed":0,"gold_gain":0,"player_choice":"Ignored","damage_taken":0,"max_hp_gain":0,"max_hp_loss":0,"event_name":"NoteForYourself","floor":8,"gold_loss":0},{"damage_healed":18,"gold_gain":0,"player_choice":"Healed and dodged fight","damage_taken":0,"max_hp_gain":0,"max_hp_loss":0,"event_name":"Mushrooms","floor":12,"gold_loss":0,"cards_obtained":["Parasite"]}],"is_beta":false,"boss_relics":[{"not_picked":["Replay:Ancient Bell","Replay:Wanted Poster"],"picked":"ChewingGum"}],"items_purged_floors":[],"is_endless":false,"potions_floor_spawned":[1,6,16,26],"killed_by":"Gensokyo:Wraith","ascension_level":0}}