{"host":"1c52r9kaxdyo25eq","time":1608365439,"event":{"mods":["AchievementEnabler","BaseMod","Minty Spire (QoL Compilation)","Rare Cards Sparkle","SuperFastMode","everything is the same but u backflip on backflip"],"gold_per_floor":[113,113,123,133,133,133,146,146,173,173,25,25,25,43,43,146,146,156,175,274,274,287,287,212,212,212,212,137,151,168,180,180,283,283,300,300,318,331,331,331,79,79,79,79,92,110,139,139,139,139,139,139,14,43,43],"floor_reached":56,"playtime":1988,"items_purged":["Strike_R","Strike_R","Sword Boomerang+1"],"score":1386,"play_id":"2143b653-c4cb-4d56-92f7-4fb882124a01","local_time":"20201219171039","is_ascension_mode":true,"campfire_choices":[{"data":"Sword Boomerang","floor":6.0,"key":"SMITH"},{"data":"Burning Pact","floor":8.0,"key":"SMITH"},{"data":"Battle Trance","floor":10.0,"key":"SMITH"},{"data":"Dark Embrace","floor":15.0,"key":"SMITH"},{"data":"Body Slam","floor":23.0,"key":"SMITH"},{"data":"Barricade","floor":25.0,"key":"SMITH"},{"floor":32.0,"key":"REST"},{"data":"Second Wind","floor":40.0,"key":"SMITH"},{"data":"Offering","floor":42.0,"key":"SMITH"},{"data":"Evolve","floor":44.0,"key":"SMITH"},{"floor":49.0,"key":"RECALL"},{"data":"Armaments","floor":52,"key":"SMITH"}],"circlet_count":0,"master_deck":["Defend_R","Defend_R","Defend_R","Bash","Battle Trance+1","Burning Pact+1","Shrug It Off","Offering+1","Disarm","Dark Embrace+1","Barricade+1","Inflame+1","Pommel Strike+1","Feel No Pain+1","Body Slam+1","Second Wind+1","Evolve+1","Dark Embrace+1","Armaments+1","Entrench+1","Bloodletting+1"],"relics":["Burning Blood","Centennial Puzzle","Orrery","Astrolabe","Sundial","SlaversCollar","Lee\u0027s Waffle","Akabeko","StoneCalendar"],"acts_visited":["Exordium","TheCity","TheBeyond","TheEnding"],"potions_floor_usage":[],"damage_taken":[{"damage":6.0,"enemies":"Jaw Worm","floor":1.0,"turns":5.0},{"damage":4.0,"enemies":"Small Slimes","floor":3.0,"turns":3.0},{"damage":6.0,"enemies":"Cultist","floor":4.0,"turns":3.0},{"damage":12.0,"enemies":"Looter","floor":7.0,"turns":3.0},{"damage":30.0,"enemies":"Blue Slaver","floor":14.0,"turns":4.0},{"damage":45.0,"enemies":"Hexaghost","floor":16.0,"turns":11.0},{"damage":22.0,"enemies":"Shell Parasite","floor":18.0,"turns":5.0},{"damage":39.0,"enemies":"2 Thieves","floor":19.0,"turns":4.0},{"damage":6.0,"enemies":"Shelled Parasite and Fungi","floor":22.0,"turns":4.0},{"damage":14.0,"enemies":"Sentry and Sphere","floor":29.0,"turns":5.0},{"damage":11.0,"enemies":"Centurion and Healer","floor":30.0,"turns":3.0},{"damage":6.0,"enemies":"Chosen and Byrds","floor":31.0,"turns":5.0},{"damage":10.0,"enemies":"Automaton","floor":33.0,"turns":6.0},{"damage":39.0,"enemies":"3 Darklings","floor":35.0,"turns":4.0},{"damage":6.0,"enemies":"Orb Walker","floor":37.0,"turns":2.0},{"damage":11.0,"enemies":"Transient","floor":38.0,"turns":5.0},{"damage":0.0,"enemies":"Writhing Mass","floor":39.0,"turns":2.0},{"damage":11.0,"enemies":"3 Darklings","floor":45.0,"turns":4.0},{"damage":43.0,"enemies":"Spire Growth","floor":46.0,"turns":5.0},{"damage":33.0,"enemies":"Reptomancer","floor":47.0,"turns":4.0},{"damage":51,"enemies":"Time Eater","floor":50,"turns":7},{"damage":36,"enemies":"Shield and Spear","floor":54,"turns":4},{"damage":16,"enemies":"The Heart","floor":55,"turns":5}],"seed_played":"5774441627092486062","potions_obtained":[{"floor":1.0,"key":"DistilledChaos"},{"floor":3.0,"key":"Strength Potion"},{"floor":16.0,"key":"Weak Potion"},{"floor":18.0,"key":"Swift Potion"},{"floor":19.0,"key":"SneckoOil"},{"floor":29.0,"key":"FearPotion"},{"floor":30.0,"key":"Fire Potion"},{"floor":38.0,"key":"SmokeBomb"}],"is_trial":false,"path_per_floor":["M","?","M","M","?","R","M","R","T","R","$","?","$","M","R","B",null,"M","M","?","?","M","R","?","R","T","?","$","M","M","M","R","B",null,"M","?","M","M","M","R","$","R","T","R","M","M","E","?","R","B",null,"R","$","E","B",null],"character_chosen":"IRONCLAD","items_purchased":["Orrery","Lee\u0027s Waffle"],"campfire_rested":1,"item_purchase_floors":[11,41],"current_hp_per_floor":[88,93,93,93,93,93,87,87,87,87,87,80,80,56,56,17,74,58,25,25,25,25,25,25,25,25,25,25,17,12,12,39,35,79,46,46,46,41,47,47,100,100,100,100,95,58,31,87,87,42,76,76,76,46,36],"gold":43,"neow_bonus":"TEN_PERCENT_HP_BONUS","is_daily":false,"chose_seed":false,"campfire_upgraded":10,"win_rate":0.0,"timestamp":1608365439,"path_taken":["M","?","M","M","?","R","M","R","T","R","?","?","$","M","R","BOSS","M","M","?","?","M","R","?","R","T","?","$","M","?","M","R","BOSS","M","?","M","M","M","R","$","R","T","R","M","M","E","?","R","BOSS","R","$","E","BOSS"],"items_purchased_type":["Relic","Relic"],"build_version":"2020-12-13","purchased_purges":3,"victory":true,"max_hp_per_floor":[88,93,93,93,93,93,93,93,93,93,93,93,93,93,93,93,93,93,93,93,93,93,93,93,93,93,93,93,93,93,93,93,93,93,93,93,93,93,93,93,100,100,100,100,100,100,100,87,87,87,87,87,87,87,87],"card_choices":[{"not_picked":["Rupture","Uppercut"],"picked":"Battle Trance","floor":1.0},{"not_picked":["Seeing Red","True Grit","Headbutt"],"picked":"SKIP","floor":3.0},{"not_picked":["Heavy Blade","Iron Wave"],"picked":"Sword Boomerang","floor":4.0},{"not_picked":["Sword Boomerang","Cleave"],"picked":"Burning Pact","floor":7.0},{"not_picked":["Pommel Strike","Anger"],"picked":"Shrug It Off","floor":11.0},{"not_picked":["Warcry","Fire Breathing"],"picked":"Offering","floor":11.0},{"not_picked":["Cleave","Sever Soul"],"picked":"Disarm","floor":11.0},{"not_picked":["Second Wind","Sentinel"],"picked":"Rupture","floor":11.0},{"not_picked":["Iron Wave","Dark Embrace","Wild Strike"],"picked":"SKIP","floor":14.0},{"not_picked":["Iron Wave","Wild Strike"],"picked":"Dark Embrace","floor":14.0},{"not_picked":["Fiend Fire","Double Tap"],"picked":"Barricade","floor":16.0},{"not_picked":["Clash+1","Havoc","Headbutt"],"picked":"SKIP","floor":18.0},{"not_picked":["Heavy Blade","Hemokinesis"],"picked":"Body Slam","floor":19.0},{"not_picked":["Twin Strike+1","Ghostly Armor"],"picked":"Evolve","floor":22.0},{"not_picked":["Warcry","Perfected Strike+1","Dual Wield"],"picked":"SKIP","floor":29.0},{"not_picked":["Clash+1","Armaments","Second Wind"],"picked":"SKIP","floor":30.0},{"not_picked":["Clash+1","Second Wind"],"picked":"Armaments","floor":30.0},{"not_picked":["Warcry+1","True Grit","Headbutt+1"],"picked":"SKIP","floor":31.0},{"not_picked":["Twin Strike","Perfected Strike+1","Cleave+1"],"picked":"SKIP","floor":35.0},{"not_picked":["Rampage","Evolve+1"],"picked":"Entrench+1","floor":37.0},{"not_picked":["Infernal Blade","True Grit+1","Uppercut"],"picked":"SKIP","floor":38.0},{"not_picked":["Spot Weakness","Headbutt+1","Pommel Strike"],"picked":"SKIP","floor":45.0},{"not_picked":["Dark Embrace+1","Clothesline","Armaments"],"picked":"SKIP","floor":46.0},{"not_picked":["Flex","Havoc","Heavy Blade+1"],"picked":"SKIP","floor":47.0},{"not_picked":["Iron Wave+1","True Grit"],"picked":"Bloodletting+1","floor":54}],"player_experience":496757,"relics_obtained":[{"floor":9.0,"key":"Centennial Puzzle"},{"floor":26.0,"key":"Sundial"},{"floor":47.0,"key":"Akabeko"},{"floor":54,"key":"StoneCalendar"}],"event_choices":[{"damage_healed":0.0,"max_hp_gain":5.0,"max_hp_loss":0.0,"gold_gain":0.0,"event_name":"Big Fish","player_choice":"Donut","floor":2.0,"gold_loss":0.0,"damage_taken":0.0},{"damage_healed":0.0,"max_hp_gain":0.0,"max_hp_loss":0.0,"gold_gain":0.0,"event_name":"Liars Game","player_choice":"Ignored","floor":5.0,"gold_loss":0.0,"damage_taken":0.0},{"cards_removed":["Strike_R"],"damage_healed":0.0,"max_hp_gain":0.0,"max_hp_loss":0.0,"gold_gain":0.0,"event_name":"Golden Wing","player_choice":"Card Removal","floor":12.0,"gold_loss":0.0,"damage_taken":7.0},{"damage_healed":0.0,"max_hp_gain":0.0,"max_hp_loss":0.0,"gold_gain":99.0,"event_name":"Nest","player_choice":"Stole From Cult","floor":20.0,"gold_loss":0.0,"damage_taken":0.0},{"damage_healed":0.0,"max_hp_gain":0.0,"max_hp_loss":0.0,"gold_gain":0.0,"event_name":"The Library","player_choice":"Read","floor":21.0,"gold_loss":0.0,"damage_taken":0.0,"cards_obtained":["Second Wind"]},{"cards_removed":["Strike_R"],"damage_healed":0.0,"max_hp_gain":0.0,"max_hp_loss":0.0,"gold_gain":0.0,"event_name":"Beggar","player_choice":"Gave Gold","floor":24.0,"gold_loss":75.0,"damage_taken":0.0},{"damage_healed":0.0,"max_hp_gain":0.0,"max_hp_loss":0.0,"gold_gain":0.0,"event_name":"Duplicator","player_choice":"Copied","floor":27.0,"gold_loss":0.0,"damage_taken":0.0,"cards_obtained":["Dark Embrace"]},{"damage_healed":0.0,"max_hp_gain":0.0,"max_hp_loss":0.0,"gold_gain":0.0,"event_name":"Tomb of Lord Red Mask","player_choice":"Ignored","floor":36.0,"gold_loss":0.0,"damage_taken":0.0},{"damage_healed":87.0,"max_hp_gain":0.0,"max_hp_loss":13.0,"gold_gain":0.0,"event_name":"The Moai Head","player_choice":"Heal","floor":48.0,"gold_loss":0.0,"damage_taken":0.0}],"is_beta":false,"boss_relics":[{"not_picked":["Tiny House","Runic Cube"],"picked":"Astrolabe"},{"not_picked":["Busted Crown","Fusion Hammer"],"picked":"SlaversCollar"}],"items_purged_floors":[28,41,53],"is_endless":false,"potions_floor_spawned":[1,3,16,18,19,29,30,38,39],"ascension_level":5}}