{"host":"88sw61cmk1203zgj","time":1608356325,"event":{"mods":["BaseMod","Minty Spire (QoL Compilation)"],"gold_per_floor":[110,122,137,150,165,165,193,65,138,163,163,238,238,294,294,294,294],"floor_reached":16,"playtime":744,"items_purged":["Strike_B"],"score":160,"play_id":"c4258339-b4f9-4563-bc5d-452549874061","local_time":"20201219003845","is_ascension_mode":true,"campfire_choices":[{"data":"Doom and Gloom","floor":6,"key":"SMITH"},{"data":"Streamline","floor":11,"key":"SMITH"},{"data":"Leap","floor":13,"key":"SMITH"},{"floor":15,"key":"REST"}],"circlet_count":0,"master_deck":["Strike_B","Strike_B","Strike_B","Defend_B","Defend_B","Defend_B","Defend_B","Zap","Dualcast","FTL","Rebound","Cold Snap","Doom and Gloom+1","Leap+1","Streamline+1","Capacitor"],"relics":["Busted Crown","Bag of Preparation","Matryoshka","Turnip","Bronze Scales"],"acts_visited":["Exordium"],"potions_floor_usage":[10,14,14,16],"damage_taken":[{"damage":8,"enemies":"2 Louse","floor":1,"turns":3},{"damage":0,"enemies":"Small Slimes","floor":2,"turns":3},{"damage":2,"enemies":"Jaw Worm","floor":3,"turns":3},{"damage":0,"enemies":"Large Slime","floor":4,"turns":5},{"damage":6,"enemies":"Blue Slaver","floor":5,"turns":4},{"damage":18,"enemies":"3 Sentries","floor":7,"turns":5},{"damage":15,"enemies":"Gremlin Nob","floor":10,"turns":4},{"damage":2,"enemies":"Gremlin Nob","floor":14,"turns":3},{"damage":28,"enemies":"The Guardian","floor":16,"turns":9}],"seed_played":"5420699559471681241","potions_obtained":[{"floor":1,"key":"Energy Potion"},{"floor":4,"key":"LiquidBronze"},{"floor":5,"key":"PowerPotion"},{"floor":10,"key":"Block Potion"}],"is_trial":false,"path_per_floor":["M","M","M","M","M","R","E","$","T","E","R","?","R","?","R","B"],"character_chosen":"DEFECT","items_purchased":["Streamline"],"campfire_rested":1,"item_purchase_floors":[8],"current_hp_per_floor":[60,60,58,58,52,52,34,34,34,19,19,8,8,6,28,0,0],"gold":294,"neow_bonus":"BOSS_RELIC","is_daily":false,"chose_seed":false,"campfire_upgraded":3,"win_rate":0.0,"timestamp":1608356325,"path_taken":["M","M","M","M","M","R","E","$","T","E","R","?","R","?","R","BOSS"],"items_purchased_type":["Card"],"build_version":"2020-12-13","purchased_purges":1,"victory":false,"max_hp_per_floor":[75,75,75,75,75,75,75,75,75,75,75,75,75,75,75,75,75],"card_choices":[{"not_picked":[],"picked":"FTL","floor":1},{"not_picked":[],"picked":"Rebound","floor":2},{"not_picked":[],"picked":"Cold Snap","floor":3},{"not_picked":[],"picked":"Doom and Gloom","floor":4},{"not_picked":["Force Field"],"picked":"SKIP","floor":5},{"not_picked":[],"picked":"Leap","floor":7},{"not_picked":[],"picked":"Capacitor","floor":10}],"player_experience":1418922,"relics_obtained":[{"floor":7,"key":"Bag of Preparation"},{"floor":9,"key":"Matryoshka"},{"floor":10,"key":"Turnip"},{"floor":14,"key":"Bronze Scales"}],"event_choices":[{"damage_healed":0,"gold_gain":75,"player_choice":"Gather Gold","damage_taken":11,"max_hp_gain":0,"max_hp_loss":0,"event_name":"World of Goop","floor":12,"gold_loss":0},{"damage_healed":0,"gold_gain":30,"player_choice":"Searched \u00273\u0027 times","damage_taken":0,"max_hp_gain":0,"max_hp_loss":0,"event_name":"Dead Adventurer","floor":14,"gold_loss":0}],"is_beta":false,"boss_relics":[],"items_purged_floors":[8],"is_endless":false,"potions_floor_spawned":[1,4,5,10],"killed_by":"The Guardian","ascension_level":9}}