{"host":"TheHustler","time":1608386898,"event":{"mods":["BaseMod","Block Reminder","Colored Map","Colored Powertips","Minty Spire (QoL Compilation)","Quick Restart","StSLib","SuperFastMode","Unceasing Turn Reminder"],"gold_per_floor":[119,119,13,13,13,55,77,87,87,87,112,112,112,156,156,156,156],"floor_reached":16,"playtime":203,"items_purged":["Regret"],"score":268,"play_id":"e311a3f0-43cc-4302-b20d-4fcb7dca735d","local_time":"20201219150818","is_ascension_mode":true,"campfire_choices":[{"data":"Body Slam","floor":10,"key":"SMITH"},{"data":"Uppercut","floor":12,"key":"SMITH"},{"floor":15,"key":"REST"}],"circlet_count":0,"master_deck":["AscendersBane","Strike_R","Strike_R","Strike_R","Strike_R+1","Defend_R","Defend_R","Defend_R","Defend_R","Bash","True Grit+1","Body Slam+1","Uppercut+1","Shockwave","Pommel Strike"],"relics":["Burning Blood","NeowsBlessing","The Courier","CeramicFish","Vajra","Frozen Egg 2","Bird Faced Urn","Letter Opener"],"acts_visited":["Exordium"],"potions_floor_usage":[14,14],"damage_taken":[{"damage":0,"enemies":"Small Slimes","floor":1,"turns":1},{"damage":0,"enemies":"3 Sentries","floor":6,"turns":1},{"damage":0,"enemies":"Jaw Worm","floor":7,"turns":1},{"damage":1,"enemies":"2 Louse","floor":8,"turns":3},{"damage":24,"enemies":"Gremlin Nob","floor":11,"turns":4},{"damage":5,"enemies":"Lagavulin","floor":14,"turns":6},{"damage":58,"enemies":"Slime Boss","floor":16,"turns":8}],"seed_played":"2617450959215486905","potions_obtained":[{"floor":1,"key":"Block Potion"},{"floor":6,"key":"SteroidPotion"}],"is_trial":false,"path_per_floor":["M","?","$","?","?","E","M","M","T","R","E","R","?","E","R","B"],"character_chosen":"IRONCLAD","items_purchased":["Body Slam"],"campfire_rested":1,"item_purchase_floors":[3],"current_hp_per_floor":[74,74,74,51,44,50,56,61,61,61,43,43,25,26,48,0,0],"gold":156,"neow_bonus":"THREE_ENEMY_KILL","is_daily":false,"chose_seed":false,"campfire_upgraded":2,"win_rate":0.0,"timestamp":1608386898,"path_taken":["M","?","$","?","?","E","M","?","T","R","E","R","?","E","R","BOSS"],"items_purchased_type":["Card"],"build_version":"2020-12-18","purchased_purges":1,"victory":false,"max_hp_per_floor":[75,75,75,75,75,75,75,75,75,75,75,75,75,75,75,75,75],"card_choices":[{"not_picked":["Carnage","Combust"],"picked":"True Grit","floor":1},{"not_picked":["Sentinel","Rupture"],"picked":"Uppercut","floor":6},{"not_picked":["Clash","Sword Boomerang"],"picked":"Shockwave","floor":7},{"not_picked":["Flex","Pummel","Perfected Strike"],"picked":"SKIP","floor":8},{"not_picked":["Anger","Clash","Searing Blow"],"picked":"SKIP","floor":11},{"not_picked":["Clash","Shockwave"],"picked":"Pommel Strike","floor":14}],"player_experience":603735,"relics_obtained":[{"floor":6,"key":"CeramicFish"},{"floor":9,"key":"Vajra"},{"floor":11,"key":"Frozen Egg 2"},{"floor":14,"key":"Letter Opener"}],"event_choices":[{"damage_healed":0,"gold_gain":0,"player_choice":"Box","damage_taken":0,"relics_obtained":["The Courier"],"max_hp_gain":0,"max_hp_loss":0,"event_name":"Big Fish","floor":2,"gold_loss":0,"cards_obtained":["Regret"]},{"damage_healed":0,"gold_gain":0,"player_choice":"Entered Light","damage_taken":23,"max_hp_gain":0,"max_hp_loss":0,"event_name":"Shining Light","floor":4,"gold_loss":0,"cards_upgraded":["True Grit","Strike_R"]},{"cards_removed":["Strike_R"],"damage_healed":0,"gold_gain":0,"player_choice":"Card Removal","damage_taken":7,"max_hp_gain":0,"max_hp_loss":0,"event_name":"Golden Wing","floor":5,"gold_loss":0},{"damage_healed":0,"gold_gain":0,"player_choice":"Success","damage_taken":18,"relics_obtained":["Bird Faced Urn"],"max_hp_gain":0,"max_hp_loss":0,"event_name":"Scrap Ooze","floor":13,"gold_loss":0}],"is_beta":true,"boss_relics":[],"items_purged_floors":[3],"is_endless":false,"potions_floor_spawned":[1,6,7],"killed_by":"Slime Boss","ascension_level":18}}