{"host":"61r95uy0hn86b9iu","time":1608349293,"event":{"mods":["AchievementEnabler","BaseMod","Better Vampires","BetterRewards","Colored Powertips","Hubris","Minty Spire (QoL Compilation)","Shop Mod","StSLib"],"gold_per_floor":[115,265,110,123,123,123,151,171,225,225,225,237,293,293,293,371,371,390,405,420,420,420,420],"floor_reached":22,"playtime":2009,"items_purged":["Adrenaline+1","Doubt"],"score":540,"play_id":"dc200633-7c0e-40c1-865b-c54880f95545","local_time":"20201218214133","is_ascension_mode":true,"campfire_choices":[{"floor":6,"key":"REST"},{"floor":10,"key":"REST"},{"floor":15,"key":"REST"}],"circlet_count":0,"master_deck":["AscendersBane","Adrenaline+1","Strike_G","Strike_G","Defend_G","Defend_G","Defend_G","Defend_G","Survivor","Neutralize","Footwork","Dagger Spray","Poisoned Stab","Well Laid Plans","Noxious Fumes","Tools of the Trade","Blur","Malaise","Catalyst","Bouncing Flask","Underhanded Strike","Footwork"],"relics":["Ring of the Snake","Membership Card","Juzu Bracelet","Snake Skull","Centennial Puzzle","OrangePellets","Anchor","Bag of Marbles","Letter Opener","Nunchaku","Empty Cage"],"acts_visited":["Exordium","TheCity"],"potions_floor_usage":[7,13,16,22],"damage_taken":[{"damage":0.0,"enemies":"2 Louse","floor":1.0,"turns":3.0},{"damage":0.0,"enemies":"Small Slimes","floor":4.0,"turns":2.0},{"damage":20,"enemies":"Gremlin Nob","floor":7,"turns":4},{"damage":2,"enemies":"Jaw Worm","floor":8,"turns":2},{"damage":0,"enemies":"Looter","floor":12,"turns":3},{"damage":20,"enemies":"Gremlin Nob","floor":13,"turns":4},{"damage":31,"enemies":"Slime Boss","floor":16,"turns":12},{"damage":19,"enemies":"Spheric Guardian","floor":18,"turns":7},{"damage":4,"enemies":"Shell Parasite","floor":19,"turns":8},{"damage":30,"enemies":"Sentry and Sphere","floor":20,"turns":11},{"damage":27,"enemies":"Shelled Parasite and Fungi","floor":22,"turns":3}],"seed_played":"-8956472667311160387","potions_obtained":[{"floor":1.0,"key":"Energy Potion"},{"floor":12,"key":"Strength Potion"},{"floor":13,"key":"GhostInAJar"},{"floor":14,"key":"FairyPotion"},{"floor":20,"key":"AttackPotion"}],"is_trial":false,"path_per_floor":["M","?","$","M","?","R","E","M","T","R","T","M","?","?","R","B",null,"M","M","M","?","M"],"character_chosen":"THE_SILENT","items_purchased":["Membership Card","Footwork","Juzu Bracelet","Snake Skull","Dagger Spray","OrangePellets","Well Laid Plans"],"campfire_rested":3,"item_purchase_floors":[0,0,0,0,0,3,3],"current_hp_per_floor":[33,33,33,33,36,56,36,34,34,54,54,54,34,34,54,23,58,39,35,5,5,0,0],"gold":420,"neow_bonus":"","is_daily":false,"chose_seed":false,"campfire_upgraded":0,"win_rate":0.0,"timestamp":1608349293,"path_taken":["M","?","$","M","?","R","E","M","T","R","?","M","?","?","R","BOSS","M","M","M","?","M"],"items_purchased_type":["Relic","Card","Relic","Relic","Card","Relic","Card"],"build_version":"2020-12-13","purchased_purges":2,"victory":false,"max_hp_per_floor":[66,66,66,66,69,69,69,69,69,69,69,69,69,69,69,69,69,69,69,69,69,69,69],"card_choices":[{"not_picked":["PiercingWail","Eviscerate"],"picked":"Poisoned Stab","floor":1.0},{"not_picked":["Dagger Throw","Footwork"],"picked":"Noxious Fumes","floor":4.0},{"not_picked":["Quick Slash","Skewer"],"picked":"Tools of the Trade","floor":7},{"not_picked":["PiercingWail","Deflect","Outmaneuver"],"picked":"SKIP","floor":8},{"not_picked":["hubris:Sniper","Quick Slash","Reflex"],"picked":"SKIP","floor":12},{"not_picked":["Flying Knee","Grand Finale"],"picked":"Blur","floor":13},{"not_picked":["Storm of Steel","Doppelganger"],"picked":"Malaise","floor":16},{"not_picked":["Bane","Deflect"],"picked":"Catalyst","floor":18},{"not_picked":["Quick Slash","Skewer","Dodge and Roll"],"picked":"SKIP","floor":19},{"not_picked":["Slice","hubris:TrickCloak"],"picked":"Bouncing Flask","floor":20}],"player_experience":3163352,"relics_obtained":[{"floor":7,"key":"Anchor"},{"floor":9,"key":"Bag of Marbles"},{"floor":11,"key":"Letter Opener"},{"floor":13,"key":"Nunchaku"}],"event_choices":[{"damage_healed":0.0,"max_hp_gain":0.0,"max_hp_loss":0.0,"gold_gain":150.0,"event_name":"Liars Game","player_choice":"AGREE","floor":2.0,"gold_loss":0.0,"damage_taken":0.0,"cards_obtained":["Doubt"]},{"damage_healed":0,"gold_gain":0,"player_choice":"Searched \u00272\u0027 times","damage_taken":0,"max_hp_gain":0,"max_hp_loss":0,"event_name":"Dead Adventurer","floor":13,"gold_loss":0},{"damage_healed":0,"gold_gain":0,"player_choice":"Got Potions","damage_taken":0,"max_hp_gain":0,"max_hp_loss":0,"event_name":"Lab","floor":14,"gold_loss":0},{"damage_healed":0,"gold_gain":0,"cards_transformed":["Strike_G","Strike_G"],"player_choice":"Became Test Subject","damage_taken":0,"max_hp_gain":0,"max_hp_loss":0,"event_name":"Drug Dealer","floor":21,"gold_loss":0,"cards_obtained":["Underhanded Strike","Footwork"]}],"is_beta":false,"boss_relics":[{"not_picked":["Ectoplasm","Runic Dome"],"picked":"Empty Cage"}],"items_purged_floors":[0,3],"is_endless":false,"potions_floor_spawned":[1,12,13,20],"killed_by":"Shelled Parasite and Fungi","ascension_level":18}}