{"host":"d8hh7rr4yzitjeuj","time":1608390525,"event":{"mods":["2.2 Compatiblity","AchievementEnabler","BaseMod","CapriCore","Colored Map","Colored Powertips","Highlight Path","Keyboard Shortcuts","Minty Spire (QoL Compilation)","Permanent Neow","Quick Restart","StSLib","SuperFastMode"],"gold_per_floor":[119,134,409,33,45,85,107,107,133,53,73,83,83,117,117,215,215,235,244,71,71,97,97,123,123,147,197,226,243,261,60,60,60,60],"floor_reached":33,"playtime":1359,"items_purged":["Regret","Strike_B"],"score":590,"play_id":"1a623d0e-ad5a-43d0-9ba5-878b738f90ac","local_time":"20201220000845","is_ascension_mode":true,"campfire_choices":[{"data":"Apotheosis","floor":8.0,"key":"SMITH"},{"data":"Chill","floor":15,"key":"SMITH"},{"data":"Capacitor","floor":23,"key":"SMITH"},{"data":"Consume","floor":25,"key":"SMITH"},{"data":"Rainbow","floor":32,"key":"SMITH"}],"circlet_count":0,"master_deck":["AscendersBane","Strike_B","Strike_B","Strike_B","Defend_B","Defend_B","Defend_B","Defend_B","Zap","Dualcast","Chaos","Doom and Gloom","Apotheosis+1","Coolheaded","Barrage","Chill+1","Self Repair","Steam Power","Capacitor+1","Consume+1","Rainbow+1","Skim","Recycle+1","Hologram"],"relics":["Nuclear Battery","CeramicFish","Centennial Puzzle","Bloody Idol","Boot","SacredBark","ClockworkSouvenir","Omamori","Bag of Preparation","Akabeko"],"acts_visited":["Exordium","TheCity"],"potions_floor_usage":[14,22,24,24,30,33],"damage_taken":[{"damage":2.0,"enemies":"Cultist","floor":1.0,"turns":4.0},{"damage":5.0,"enemies":"2 Louse","floor":2.0,"turns":4.0},{"damage":0.0,"enemies":"Small Slimes","floor":5.0,"turns":3.0},{"damage":15.0,"enemies":"Lagavulin","floor":6.0,"turns":6.0},{"damage":0.0,"enemies":"Looter","floor":7.0,"turns":4.0},{"damage":6.0,"enemies":"Blue Slaver","floor":11.0,"turns":4.0},{"damage":0,"enemies":"3 Louse","floor":12,"turns":5},{"damage":20,"enemies":"3 Sentries","floor":14,"turns":5},{"damage":30,"enemies":"Slime Boss","floor":16,"turns":9},{"damage":12,"enemies":"Shell Parasite","floor":18,"turns":6},{"damage":0,"enemies":"3 Byrds","floor":22,"turns":2},{"damage":15,"enemies":"Gremlin Leader","floor":24,"turns":7},{"damage":43,"enemies":"Book of Stabbing","floor":28,"turns":6},{"damage":22,"enemies":"Snake Plant","floor":29,"turns":4},{"damage":6,"enemies":"3 Cultists","floor":30,"turns":4},{"damage":63,"enemies":"Automaton","floor":33,"turns":12}],"seed_played":"-5073252880657490379","potions_obtained":[{"floor":1.0,"key":"SkillPotion"},{"floor":5.0,"key":"PotionOfCapacity"},{"floor":7.0,"key":"LiquidBronze"},{"floor":16,"key":"DuplicationPotion"},{"floor":22,"key":"FocusPotion"},{"floor":29,"key":"Block Potion"}],"is_trial":false,"path_per_floor":["M","M","?","$","M","E","M","R","T","$","M","M","?","E","R","B",null,"M","?","$","?","M","R","E","R","T","?","E","M","M","$","R","B"],"character_chosen":"DEFECT","items_purchased":["Apotheosis","Coolheaded","Barrage","Capacitor","ClockworkSouvenir","FocusPotion","Hologram"],"campfire_rested":0,"item_purchase_floors":[4,4,4,10,20,31,31],"current_hp_per_floor":[62,57,57,57,57,42,52,52,52,52,56,66,42,32,32,9,56,54,54,54,54,64,64,61,61,66,71,40,33,32,37,37,0,0],"gold":60,"neow_bonus":"BOSS_RELIC","is_daily":false,"chose_seed":false,"campfire_upgraded":5,"win_rate":0.0,"timestamp":1608390525,"path_taken":["M","M","?","?","M","E","M","R","T","$","M","M","?","E","R","BOSS","M","?","$","?","M","R","E","R","T","?","E","M","M","?","R","BOSS"],"items_purchased_type":["Card","Card","Card","Card","Relic","Potion","Card"],"build_version":"2020-12-13","purchased_purges":2,"victory":false,"max_hp_per_floor":[71,71,71,71,71,71,71,71,71,71,71,71,71,71,71,71,71,71,71,71,71,71,71,71,71,71,71,71,71,71,71,71,71,71],"card_choices":[{"not_picked":["Aggregate","FTL"],"picked":"Chaos","floor":1.0},{"not_picked":["Coolheaded","Darkness"],"picked":"Doom and Gloom","floor":2.0},{"not_picked":["Conserve Battery","Turbo"],"picked":"Chill","floor":5.0},{"not_picked":["Undo","Melter"],"picked":"Self Repair","floor":6.0},{"not_picked":["FTL","Rebound"],"picked":"Steam Power","floor":7.0},{"not_picked":["Stack","Tempest"],"picked":"Consume","floor":11.0},{"not_picked":["Steam","Streamline","Rip and Tear"],"picked":"SKIP","floor":12},{"not_picked":["Steam","Stack","Self Repair"],"picked":"SKIP","floor":14},{"not_picked":["Echo Form","Buffer"],"picked":"Rainbow","floor":16},{"not_picked":["Streamline+1","Ball Lightning+1","Double Energy"],"picked":"SKIP","floor":18},{"not_picked":["Turbo","Ball Lightning"],"picked":"Recycle+1","floor":22},{"not_picked":["Ball Lightning","Self Repair","Beam Cell+1"],"picked":"SKIP","floor":24},{"not_picked":["Stack","Go for the Eyes","Streamline"],"picked":"SKIP","floor":28},{"not_picked":["Redo+1","Streamline","Sweeping Beam"],"picked":"SKIP","floor":29},{"not_picked":["Scrape","Amplify","Conserve Battery"],"picked":"SKIP","floor":30}],"player_experience":1369425,"relics_obtained":[{"floor":6.0,"key":"CeramicFish"},{"floor":9.0,"key":"Centennial Puzzle"},{"floor":14,"key":"Boot"},{"floor":24,"key":"Omamori"},{"floor":26,"key":"Bag of Preparation"},{"floor":28,"key":"Akabeko"}],"event_choices":[{"damage_healed":0.0,"max_hp_gain":0.0,"max_hp_loss":0.0,"gold_gain":275.0,"event_name":"Golden Shrine","player_choice":"Desecrate","floor":3.0,"gold_loss":0.0,"damage_taken":0.0,"cards_obtained":["Regret"]},{"damage_healed":0,"gold_gain":0,"player_choice":"Take Damage","damage_taken":24,"relics_obtained":["Golden Idol"],"max_hp_gain":0,"max_hp_loss":0,"event_name":"Golden Idol","floor":13,"gold_loss":0},{"damage_healed":0,"gold_gain":0,"player_choice":"Read","damage_taken":0,"max_hp_gain":0,"max_hp_loss":0,"event_name":"The Library","floor":19,"gold_loss":0,"cards_obtained":["Skim"]},{"damage_healed":0,"gold_gain":0,"player_choice":"Gave Idol","damage_taken":0,"relics_obtained":["Bloody Idol"],"max_hp_gain":0,"max_hp_loss":0,"event_name":"Forgotten Altar","floor":21,"relics_lost":["Golden Idol"],"gold_loss":0},{"damage_healed":0,"gold_gain":50,"player_choice":"Stole From Cult","damage_taken":0,"max_hp_gain":0,"max_hp_loss":0,"event_name":"Nest","floor":27,"gold_loss":0}],"is_beta":false,"boss_relics":[{"not_picked":["Velvet Choker","SlaversCollar"],"picked":"SacredBark"}],"items_purged_floors":[4,31],"is_endless":false,"potions_floor_spawned":[1,5,7,11,16,22,29],"killed_by":"Automaton","ascension_level":20}}