{"host":"k5dhp0bkccqfauyu","time":1608356290,"event":{"mods":["BaseMod","Better Note","Better Skull","Better Vampires","Colored Map","Colored Powertips","DeckTracker","Minty Spire (QoL Compilation)","Permanent Neow","StSLib","SuperFastMode"],"gold_per_floor":[114,30,47,63,74,102,102,135,162,162,132,152,77,110,110,189,189,203,203,203,42,42,42,67,67,67,67,96,96,125,25,25,103,103,120,39,91,91,104,138,138,155,155,155,188,13,23,23,23,23,23],"floor_reached":52,"playtime":2347,"items_purged":["Strike_B","Beam Cell"],"score":2189,"play_id":"9e04a9a7-45c6-416e-ad3a-5f069c70165b","local_time":"20201219163810","is_ascension_mode":true,"campfire_choices":[{"data":"Zap","floor":7,"key":"SMITH"},{"data":"Consume","floor":10,"key":"SMITH"},{"data":"Capacitor","floor":15,"key":"SMITH"},{"data":"Seek","floor":23,"key":"SMITH"},{"floor":25,"key":"REST"},{"data":"Hologram","floor":27,"key":"SMITH"},{"data":"Recycle","floor":29,"key":"SMITH"},{"data":"Hologram","floor":32,"key":"SMITH"},{"floor":41,"key":"REST"},{"data":"Turbo","floor":44,"key":"SMITH"},{"floor":49,"key":"REST"}],"circlet_count":0,"master_deck":["AscendersBane","Zap+1","Glacier+1","White Noise","White Noise","Coolheaded","Undo","Consume+1","Turbo+1","Capacitor+1","Seek+1","Recycle+1","Reinforced Body","Ball Lightning","Fusion","Hologram+1","Hologram+1","Biased Cognition","Force Field+1","Double Energy+1","Amplify+1","Creative AI+1","Doom and Gloom+1","Rebound+1","Undo+1","Coolheaded+1","Redo+1","Chaos+1","Steam Power+1","Coolheaded+1","Reinforced Body+1","BootSequence+1","Echo Form","Consume+1","Darkness+1"],"relics":["Runic Dome","Omamori","Pen Nib","Lantern","Strawberry","Pandora\u0027s Box","Runic Capacitor","Torii","Toxic Egg 2","Girya","Bottled Lightning","Astrolabe","Incense Burner","Prayer Wheel","Sundial"],"acts_visited":["Exordium","TheCity","TheBeyond"],"potions_floor_usage":[8,24,35,41],"damage_taken":[{"damage":0,"enemies":"Cultist","floor":1,"turns":3},{"damage":0,"enemies":"2 Louse","floor":3,"turns":5},{"damage":7,"enemies":"Jaw Worm","floor":4,"turns":5},{"damage":4,"enemies":"Large Slime","floor":5,"turns":4},{"damage":0,"enemies":"Lagavulin","floor":6,"turns":9},{"damage":19,"enemies":"3 Sentries","floor":8,"turns":6},{"damage":0,"enemies":"Exordium Thugs","floor":11,"turns":4},{"damage":7,"enemies":"2 Fungi Beasts","floor":12,"turns":5},{"damage":2,"enemies":"Lagavulin","floor":14,"turns":6},{"damage":2,"enemies":"Hexaghost","floor":16,"turns":11},{"damage":0,"enemies":"Shell Parasite","floor":18,"turns":6},{"damage":58,"enemies":"Gremlin Leader","floor":24,"turns":7},{"damage":7,"enemies":"Book of Stabbing","floor":28,"turns":5},{"damage":34,"enemies":"Slavers","floor":30,"turns":2},{"damage":0,"enemies":"Champ","floor":33,"turns":9},{"damage":1,"enemies":"3 Darklings","floor":35,"turns":5},{"damage":39,"enemies":"2 Orb Walkers","floor":37,"turns":4},{"damage":0,"enemies":"3 Shapes","floor":39,"turns":3},{"damage":7,"enemies":"Nemesis","floor":40,"turns":7},{"damage":0,"enemies":"Writhing Mass","floor":42,"turns":7},{"damage":0,"enemies":"Giant Head","floor":45,"turns":6},{"damage":0,"enemies":"Sphere and 2 Shapes","floor":47,"turns":6},{"damage":26,"enemies":"Time Eater","floor":50,"turns":8},{"damage":6,"enemies":"Donu and Deca","floor":51,"turns":8}],"seed_played":"-2071333774600806782","potions_obtained":[{"floor":3,"key":"BlessingOfTheForge"},{"floor":8,"key":"FairyPotion"},{"floor":12,"key":"GamblersBrew"},{"floor":16,"key":"Explosive Potion"},{"floor":28,"key":"LiquidBronze"},{"floor":30,"key":"LiquidMemories"},{"floor":40,"key":"Fruit Juice"},{"floor":47,"key":"BlessingOfTheForge"}],"is_trial":false,"path_per_floor":["M","$","M","M","M","E","R","E","T","R","M","M","$","E","R","B",null,"M","?","?","$","?","R","E","R","T","R","E","R","E","$","R","B",null,"M","$","?","?","M","E","R","M","T","R","E","$","M","?","R","B","B",null],"character_chosen":"DEFECT","items_purchased":["White Noise","Runic Capacitor","Coolheaded+1","Redo+1","Echo Form"],"campfire_rested":3,"item_purchase_floors":[2,21,36,36,46],"current_hp_per_floor":[64,64,64,57,53,53,53,34,34,34,34,27,27,32,32,30,66,66,66,66,66,66,66,8,31,31,31,24,24,23,23,23,23,64,63,63,24,24,24,17,46,46,46,46,46,46,46,46,69,43,37],"gold":23,"neow_bonus":"BOSS_RELIC","is_daily":false,"chose_seed":false,"campfire_upgraded":8,"win_rate":0.0,"timestamp":1608356290,"path_taken":["M","?","M","M","M","E","R","E","T","R","M","?","$","E","R","BOSS","M","?","?","$","?","R","E","R","T","R","E","R","E","$","R","BOSS","M","$","?","?","?","E","R","M","T","R","E","$","M","?","R","BOSS","BOSS"],"items_purchased_type":["Card","Relic","Card","Card","Card"],"build_version":"2020-12-13","purchased_purges":2,"victory":true,"max_hp_per_floor":[71,71,71,71,71,71,71,71,71,71,71,71,71,78,78,78,78,78,78,78,78,78,78,78,78,78,78,78,78,78,78,78,78,78,78,78,78,78,78,78,83,83,83,83,83,83,83,79,79,79,79],"card_choices":[{"not_picked":["Sweeping Beam","Redo"],"picked":"Glacier","floor":1},{"not_picked":["Steam","Redo","Leap"],"picked":"SKIP","floor":3},{"not_picked":["Barrage","Gash"],"picked":"White Noise","floor":4},{"not_picked":["Go for the Eyes","Tempest"],"picked":"Coolheaded","floor":5},{"not_picked":["Sweeping Beam","Fusion"],"picked":"Undo","floor":6},{"not_picked":["Self Repair","Scrape"],"picked":"Consume","floor":8},{"not_picked":["Hello World","Reprogram"],"picked":"Turbo","floor":11},{"not_picked":["Recycle","Streamline"],"picked":"Capacitor","floor":12},{"not_picked":["Chaos","Thunder Strike","Compile Driver"],"picked":"SKIP","floor":14},{"not_picked":["All For One","Thunder Strike"],"picked":"Seek","floor":16},{"not_picked":["Streamline","Barrage"],"picked":"Hologram","floor":18},{"not_picked":["Coolheaded","Auto Shields"],"picked":"Biased Cognition","floor":24},{"not_picked":["BootSequence+1","Stack+1"],"picked":"Force Field+1","floor":28},{"not_picked":["Turbo+1","Sweeping Beam"],"picked":"Double Energy+1","floor":30},{"not_picked":["Multi-Cast+1","Rainbow+1"],"picked":"Amplify+1","floor":33},{"not_picked":["Conserve Battery+1","Gash+1"],"picked":"Undo+1","floor":35},{"not_picked":["Ball Lightning","Turbo+1"],"picked":"Chaos+1","floor":37},{"not_picked":["Streamline","Hologram+1"],"picked":"Steam Power+1","floor":39},{"not_picked":["Fusion+1","Doom and Gloom","Sweeping Beam"],"picked":"SKIP","floor":40},{"not_picked":["Doom and Gloom","Reprogram+1"],"picked":"Coolheaded+1","floor":42},{"not_picked":["Redo+1","Stack+1"],"picked":"Reinforced Body+1","floor":42},{"not_picked":["BootSequence+1","Force Field+1","Compile Driver"],"picked":"SKIP","floor":45},{"not_picked":["Force Field+1","Compile Driver"],"picked":"BootSequence+1","floor":45},{"not_picked":["Go for the Eyes","Compile Driver"],"picked":"Consume+1","floor":47},{"not_picked":["Hologram+1","Auto Shields+1"],"picked":"Darkness+1","floor":47}],"player_experience":1787004,"relics_obtained":[{"floor":6,"key":"Omamori"},{"floor":8,"key":"Pen Nib"},{"floor":9,"key":"Lantern"},{"floor":14,"key":"Strawberry"},{"floor":24,"key":"Torii"},{"floor":26,"key":"Toxic Egg 2"},{"floor":28,"key":"Girya"},{"floor":30,"key":"Bottled Lightning"},{"floor":37,"key":"Incense Burner"},{"floor":40,"key":"Prayer Wheel"},{"floor":45,"key":"Sundial"}],"event_choices":[{"damage_healed":0,"gold_gain":0,"player_choice":"Ignored","damage_taken":0,"max_hp_gain":0,"max_hp_loss":0,"event_name":"Ghosts","floor":19,"gold_loss":0},{"damage_healed":0,"gold_gain":0,"player_choice":"Read","damage_taken":0,"max_hp_gain":0,"max_hp_loss":0,"event_name":"The Library","floor":20,"gold_loss":0,"cards_obtained":["Hologram"]},{"damage_healed":0,"gold_gain":0,"player_choice":"Ignored","damage_taken":0,"max_hp_gain":0,"max_hp_loss":0,"event_name":"Vampires","floor":22,"gold_loss":0},{"damage_healed":0,"gold_gain":0,"player_choice":"Fight","damage_taken":0,"max_hp_gain":0,"max_hp_loss":0,"event_name":"Mysterious Sphere","floor":37,"gold_loss":0},{"damage_healed":0,"gold_gain":0,"player_choice":"Forge","damage_taken":0,"max_hp_gain":0,"max_hp_loss":0,"event_name":"Accursed Blacksmith","floor":38,"gold_loss":0,"cards_upgraded":["Glacier"]},{"damage_healed":0,"gold_gain":0,"player_choice":"Max HP","damage_taken":0,"max_hp_gain":0,"max_hp_loss":4,"event_name":"Winding Halls","floor":48,"gold_loss":0}],"is_beta":false,"boss_relics":[{"not_picked":["Velvet Choker","Coffee Dripper"],"picked":"Pandora\u0027s Box"},{"not_picked":["Black Star","Fusion Hammer"],"picked":"Astrolabe"}],"items_purged_floors":[13,31],"is_endless":false,"potions_floor_spawned":[3,8,12,16,28,30,40,47],"ascension_level":20}}