{"host":"9tzam4717zt8ei1o","time":1608402373,"event":{"mods":["BaseMod","Colored Map","Keyboard Shortcuts","Minty Spire (QoL Compilation)","Quick Restart","StSLib","SuperFastMode"],"gold_per_floor":[114,39,55,55,55,55,72,72,72,87,103,103,117,40,40,40,40],"floor_reached":16,"playtime":187,"items_purged":["Strike_G"],"score":184,"play_id":"681a7dfe-25d1-431a-b929-55634c0fe1c5","local_time":"20201220032613","is_ascension_mode":true,"campfire_choices":[{"floor":6,"key":"REST"},{"data":"Calculated Gamble","floor":8,"key":"SMITH"},{"data":"Noxious Fumes","floor":15,"key":"SMITH"}],"circlet_count":0,"master_deck":["AscendersBane","Strike_G","Strike_G","Strike_G","Defend_G","Defend_G","Defend_G","Defend_G+1","Defend_G","Survivor","Neutralize+1","Calculated Gamble+1","Noxious Fumes+1"],"relics":["Ring of the Snake","NeowsBlessing","MealTicket","Eternal Feather","PreservedInsect"],"acts_visited":["Exordium"],"potions_floor_usage":[],"damage_taken":[{"damage":0,"enemies":"Small Slimes","floor":1,"turns":1},{"damage":0,"enemies":"2 Louse","floor":3,"turns":1},{"damage":0,"enemies":"Cultist","floor":7,"turns":1},{"damage":5,"enemies":"3 Louse","floor":10,"turns":4},{"damage":2,"enemies":"Looter","floor":11,"turns":5},{"damage":0,"enemies":"Blue Slaver","floor":13,"turns":7},{"damage":42,"enemies":"Hexaghost","floor":16,"turns":11}],"seed_played":"5620992739750535246","potions_obtained":[{"floor":1,"key":"Energy Potion"}],"is_trial":false,"path_per_floor":["M","$","M","?","?","R","M","R","T","M","M","?","M","?","R","B"],"character_chosen":"THE_SILENT","items_purchased":[],"campfire_rested":1,"item_purchase_floors":[],"current_hp_per_floor":[59,59,59,39,28,47,47,47,47,42,40,33,33,33,39,0,0],"gold":40,"neow_bonus":"THREE_ENEMY_KILL","is_daily":false,"chose_seed":false,"campfire_upgraded":2,"win_rate":0.0,"timestamp":1608402373,"path_taken":["M","$","M","?","?","R","M","R","T","M","M","?","M","?","R","BOSS"],"items_purchased_type":[],"build_version":"2020-12-13","purchased_purges":1,"victory":false,"max_hp_per_floor":[66,66,66,66,66,66,66,66,66,66,66,66,66,66,66,66,66],"card_choices":[{"not_picked":["Heel Hook","Dagger Throw","Outmaneuver"],"picked":"SKIP","floor":1},{"not_picked":["Dagger Spray","Outmaneuver","Dodge and Roll"],"picked":"SKIP","floor":3},{"not_picked":["Leg Sweep","Catalyst"],"picked":"Calculated Gamble","floor":7},{"not_picked":["Flying Knee","Outmaneuver","Riddle With Holes"],"picked":"SKIP","floor":10},{"not_picked":["Unload","Quick Slash","PiercingWail"],"picked":"SKIP","floor":11},{"not_picked":["Dodge and Roll","Reflex"],"picked":"Noxious Fumes","floor":13}],"player_experience":99229,"relics_obtained":[{"floor":9,"key":"Eternal Feather"}],"event_choices":[{"damage_healed":0,"gold_gain":0,"player_choice":"Entered Light","damage_taken":20,"max_hp_gain":0,"max_hp_loss":0,"event_name":"Shining Light","floor":4,"gold_loss":0,"cards_upgraded":["Defend_G","Neutralize"]},{"damage_healed":0,"gold_gain":0,"player_choice":"Success","damage_taken":11,"relics_obtained":["MealTicket"],"max_hp_gain":0,"max_hp_loss":0,"event_name":"Scrap Ooze","floor":5,"gold_loss":0},{"cards_removed":["Strike_G"],"damage_healed":0,"gold_gain":0,"player_choice":"Card Removal","damage_taken":7,"max_hp_gain":0,"max_hp_loss":0,"event_name":"Golden Wing","floor":12,"gold_loss":0},{"damage_healed":0,"gold_gain":0,"player_choice":"Paid Gold","damage_taken":0,"relics_obtained":["PreservedInsect"],"max_hp_gain":0,"max_hp_loss":0,"event_name":"WeMeetAgain","floor":14,"gold_loss":77}],"is_beta":false,"boss_relics":[],"items_purged_floors":[2],"is_endless":false,"potions_floor_spawned":[1],"killed_by":"Hexaghost","ascension_level":20}}