{"host":"m3herrhkesxm9ooc","time":1608397320,"event":{"mods":["BaseMod","Hermit","Minty Spire (QoL Compilation)","StSLib","The Hierophant"],"gold_per_floor":[114,114,132,54,54,54,329,349,430,448,467,467,492,532,532,532,532],"floor_reached":16,"playtime":445,"items_purged":[],"score":179,"play_id":"5e37e977-f1ea-4f4d-9c59-de348bbed2ec","local_time":"20201220020200","is_ascension_mode":true,"campfire_choices":[{"data":"hermit:Snapshot","floor":6.0,"key":"SMITH"},{"floor":12,"key":"REST"},{"floor":15,"key":"REST"}],"circlet_count":0,"master_deck":["AscendersBane","hermit:Strike_Hermit","hermit:Strike_Hermit","hermit:Strike_Hermit","hermit:Strike_Hermit","hermit:Defend_Hermit","hermit:Defend_Hermit","hermit:Defend_Hermit","hermit:Snapshot+1","hermit:Covet","hermit:HighCaliber","hermit:ItchyTrigger","hermit:LoneWolf","Injury","Regret","hermit:Headshot","hermit:HighCaliber","hermit:Quickdraw","hermit:NoHoldsBarred","hermit:Spite"],"relics":["hermit:Momento","Golden Idol","Bottled Flame","Pen Nib"],"acts_visited":["Exordium"],"potions_floor_usage":[16],"damage_taken":[{"damage":3.0,"enemies":"2 Louse","floor":1.0,"turns":3.0},{"damage":6.0,"enemies":"Cultist","floor":3.0,"turns":3.0},{"damage":12.0,"enemies":"Small Slimes","floor":8.0,"turns":4.0},{"damage":10,"enemies":"Gremlin Gang","floor":10,"turns":4},{"damage":1,"enemies":"Looter","floor":11,"turns":2},{"damage":1,"enemies":"Exordium Thugs","floor":13,"turns":3},{"damage":25,"enemies":"3 Sentries","floor":14,"turns":6},{"damage":65,"enemies":"Hexaghost","floor":16,"turns":7}],"seed_played":"-1690375088502085426","potions_obtained":[{"floor":11,"key":"SpeedPotion"},{"floor":14,"key":"Strength Potion"}],"is_trial":false,"path_per_floor":["M","?","M","$","?","R","?","M","T","M","M","R","M","E","R","B"],"character_chosen":"HERMIT","items_purchased":["hermit:LoneWolf"],"campfire_rested":2,"item_purchase_floors":[4],"current_hp_per_floor":[68,68,62,62,62,62,62,50,50,40,39,62,61,36,59,0,0],"gold":532,"neow_bonus":"TEN_PERCENT_HP_BONUS","is_daily":false,"chose_seed":false,"campfire_upgraded":1,"win_rate":0.0,"timestamp":1608397320,"path_taken":["M","?","?","$","?","R","?","M","T","?","M","R","M","E","R","BOSS"],"items_purchased_type":["Card"],"build_version":"2020-12-13","purchased_purges":0,"victory":false,"max_hp_per_floor":[78,78,78,78,78,78,78,78,78,78,78,78,78,78,78,78,78],"card_choices":[{"not_picked":["hermit:SprayPray","hermit:BodyArmor"],"picked":"hermit:HighCaliber","floor":1.0},{"not_picked":["hermit:Roulette","hermit:HoleUp"],"picked":"hermit:ItchyTrigger","floor":3.0},{"not_picked":["hermit:Malice","hermit:FullyLoaded"],"picked":"hermit:Headshot","floor":8.0},{"not_picked":["hermit:EyeOfTheStorm","hermit:DeadMansHand"],"picked":"hermit:HighCaliber","floor":10},{"not_picked":["hermit:Vantage","hermit:Feint"],"picked":"hermit:Quickdraw","floor":11},{"not_picked":["hermit:Manifest","hermit:Vantage"],"picked":"hermit:NoHoldsBarred","floor":13},{"not_picked":["hermit:OverwhelmingPower","hermit:PistolWhip"],"picked":"hermit:Spite","floor":14}],"player_experience":642053,"relics_obtained":[{"floor":9.0,"key":"Bottled Flame"},{"floor":14,"key":"Pen Nib"}],"event_choices":[{"cards_removed":["hermit:Defend_Hermit"],"damage_healed":0.0,"max_hp_gain":0.0,"max_hp_loss":0.0,"gold_gain":0.0,"event_name":"Bonfire Elementals","player_choice":"Offered Basic","floor":2.0,"gold_loss":0.0,"damage_taken":0.0},{"damage_healed":0.0,"max_hp_gain":0.0,"max_hp_loss":0.0,"gold_gain":0.0,"event_name":"Golden Idol","player_choice":"Take Wound","floor":5.0,"gold_loss":0.0,"damage_taken":0.0,"relics_obtained":["Golden Idol"],"cards_obtained":["Injury"]},{"damage_healed":0.0,"max_hp_gain":0.0,"max_hp_loss":0.0,"gold_gain":275.0,"event_name":"Golden Shrine","player_choice":"Desecrate","floor":7.0,"gold_loss":0.0,"damage_taken":0.0,"cards_obtained":["Regret"]}],"is_beta":false,"boss_relics":[],"items_purged_floors":[],"is_endless":false,"potions_floor_spawned":[11,14],"killed_by":"Hexaghost","ascension_level":15}}