{"host":"mmqs5ul2bvb60kyc","time":1608346166,"event":{"mods":["BaseMod","Downfall","Minty Spire (QoL Compilation)","StSLib"],"gold_per_floor":[99,99,99,199,199,232,232,332,257,257,257],"floor_reached":10,"playtime":516,"items_purged":[],"score":85,"play_id":"b02a8f5e-0eb0-49e3-8ea1-4856adf55401","local_time":"20201219104926","is_ascension_mode":false,"campfire_choices":[{"floor":1.0,"key":"RECALL"},{"data":"champ:Taunt","floor":9,"key":"SMITH"}],"circlet_count":0,"master_deck":["champ:Strike","champ:Strike","champ:Strike","champ:Strike","champ:Defend","champ:Defend","champ:Defend","champ:Defend","champ:Execute","champ:Taunt+1","Regret","champ:BringItOn","champ:IronFortress","champ:BladeFlurry","champ:Shatter"],"relics":["champ:ChampionCrown","downfall:HeartsMalice","Gremlin Horn","Art of War","Champion Belt","Bag of Preparation","Sundial","downfall:CloakOfManyFaces","CultistMask","FaceOfCleric","NlothsMask","GremlinMask","SsserpentHead","downfall:HeartBlessingRed"],"acts_visited":["Exordium"],"potions_floor_usage":[],"damage_taken":[{"damage":0.0,"floor":4.0,"turns":1.0},{"damage":0.0,"enemies":"Small Slimes","floor":5.0,"turns":1.0},{"damage":0.0,"enemies":"Lagavulin","floor":6.0,"turns":1.0},{"damage":86,"enemies":"downfall:FaceTrader","floor":8,"turns":17},{"damage":26,"enemies":"3 Sentries","floor":10,"turns":5}],"seed_played":"921828082895568702","potions_obtained":[],"is_trial":false,"path_per_floor":["R","?","?","?","M","E","T","?","R","E"],"character_chosen":"THE_CHAMP","items_purchased":[],"campfire_rested":0,"item_purchase_floors":[],"current_hp_per_floor":[90,87,87,87,87,87,87,21,21,0,0],"gold":257,"neow_bonus":"THREE_ENEMY_KILL","is_daily":false,"chose_seed":false,"campfire_upgraded":1,"win_rate":0.0,"timestamp":1608346166,"path_taken":["R","?","?","?","M","E","T","?","R","E"],"items_purchased_type":[],"build_version":"2020-12-13","purchased_purges":0,"victory":false,"max_hp_per_floor":[90,90,90,90,90,90,90,90,90,90,90],"card_choices":[{"not_picked":["champ:Haymaker","champ:DefensiveShout"],"picked":"champ:BringItOn","floor":4.0},{"not_picked":["champ:Circumvent","champ:DefensiveShout"],"picked":"champ:IronFortress","floor":5.0},{"not_picked":["champ:Haymaker","champ:PerfectedStrike"],"picked":"champ:BladeFlurry","floor":6.0},{"not_picked":["champ:EndlessRage","champ:CrookedStrike"],"picked":"champ:Shatter","floor":8}],"player_experience":218440,"relics_obtained":[{"floor":4.0,"key":"Champion Belt"},{"floor":6.0,"key":"Bag of Preparation"},{"floor":7.0,"key":"Sundial"},{"floor":8,"key":"downfall:CloakOfManyFaces"}],"event_choices":[{"damage_healed":0.0,"max_hp_gain":0.0,"max_hp_loss":0.0,"gold_gain":0.0,"event_name":"Scrap Ooze","player_choice":"Success","floor":2.0,"gold_loss":0.0,"damage_taken":3.0,"relics_obtained":["Gremlin Horn"]},{"damage_healed":0.0,"max_hp_gain":0.0,"max_hp_loss":0.0,"gold_gain":0.0,"event_name":"Big Fish","player_choice":"Box","floor":3.0,"gold_loss":0.0,"damage_taken":0.0,"relics_obtained":["Art of War"],"cards_obtained":["Regret"]}],"is_beta":false,"boss_relics":[],"items_purged_floors":[],"is_endless":false,"potions_floor_spawned":[],"killed_by":"3 Sentries","ascension_level":0}}