{"host":"s0d2u711fzg2n3il","time":1608400238,"event":{"mods":["2.2 Compatiblity","AchievementEnabler","Act Like it!","Aspiration","BaseMod","BetterRewards","Block Reminder","Conspire","Downfall","Duelist Mod","Ekko","GifTheSpireLib","Hermit","Hubris","JesterMod","Minty Spire (QoL Compilation)","Rare Cards Sparkle","Replay The Spire","Shade Mod","Somnambulant","StSLib","The Bug Knight","The Construct","The Cursed","The Death Knight","The Disciple","The Hierophant","The Necromancer","The Runesmith","The Valiant","TheVacant","vexMod"],"gold_per_floor":[111,131,131,131,151,181,181,198,198,198,212,212,212,225,225,325,325,337,337,34,50,50,50,61,80,80,90,110,110,128,138,138,237,237,250,260,16,33,52,52,52,52],"floor_reached":41,"playtime":3050,"items_purged":[],"score":551,"play_id":"8eef43ab-4073-4898-bbde-ef18d469aa6c","local_time":"20201219185038","is_ascension_mode":false,"campfire_choices":[{"floor":7,"key":"RECALL"},{"floor":10,"key":"REST"},{"data":"Hemokinesis","floor":12,"key":"SMITH"},{"data":"Run Through","floor":15,"key":"SMITH"},{"data":"Armaments","floor":23,"key":"SMITH"},{"floor":29,"key":"REST"},{"floor":32,"key":"REST"},{"floor":40,"key":"REST"}],"circlet_count":0,"master_deck":["Strike_R","Strike_R","Strike_R","Strike_R","Strike_R","Defend_R","Defend_R","Defend_R","Defend_R","Bash","Run Through+1","Hemokinesis+1","Bloodletting","Eclipse","Thunderclap","Armaments+1","Intimidate","Run Through+1","Dual Wield+1","hubris:NaturalOne","Shrug It Off","Disarm+1","ReplayTheSpireMod:LeadingStrike","Berserk","Bludgeon","Inflame+1","Wild Strike+1","Heavy Blade+1","Parasite"],"relics":["Burning Blood","aspiration:Nostalgia","Cracked Core","hubris:Icosahedron","Snack Pack","ReplayTheSpireMod:Shallot","hubris:CrystalStatue","Archangels Feather","conspire:SpecialSausage","Replay:WaspNest"],"acts_visited":["Exordium","TheCity","TheBeyond"],"potions_floor_usage":[16,18,25,25,31,36],"damage_taken":[{"damage":3,"enemies":"Jaw Worm","floor":1,"turns":4},{"damage":0,"enemies":"Small Slimes","floor":2,"turns":3},{"damage":1,"enemies":"Cultist","floor":5,"turns":3},{"damage":49,"enemies":"Gremlin Nob","floor":6,"turns":5},{"damage":7,"enemies":"Looter","floor":8,"turns":2},{"damage":2,"enemies":"Blue Slaver","floor":11,"turns":3},{"damage":4,"enemies":"Exordium Thugs","floor":14,"turns":4},{"damage":41,"enemies":"Slime Boss","floor":16,"turns":7},{"damage":18,"enemies":"2 Thieves","floor":18,"turns":4},{"damage":15,"enemies":"Spheric Guardian","floor":21,"turns":5},{"damage":23,"enemies":"Centurion and Healer","floor":24,"turns":7},{"damage":6,"enemies":"Snecko","floor":25,"turns":3},{"damage":30,"enemies":"Snake Plant","floor":27,"turns":6},{"damage":45,"enemies":"Shelled Parasite and Fungi","floor":28,"turns":7},{"damage":11,"enemies":"Snecko","floor":30,"turns":5},{"damage":14,"enemies":"Snake Plant","floor":31,"turns":4},{"damage":55,"enemies":"Pondfish","floor":33,"turns":13},{"damage":20,"enemies":"3 Shapes","floor":35,"turns":9},{"damage":84,"enemies":"3 Darklings","floor":36,"turns":6},{"damage":9,"enemies":"Transient","floor":38,"turns":5},{"damage":31,"enemies":"Writhing Mass","floor":39,"turns":6},{"damage":59,"enemies":"Jaw Worm Horde","floor":41,"turns":4}],"seed_played":"6932424177169449546","potions_obtained":[{"floor":6,"key":"Regen Potion"},{"floor":8,"key":"DistilledChaos"},{"floor":16,"key":"FearPotion"},{"floor":24,"key":"DistilledChaos"},{"floor":27,"key":"champ:CounterPotion"},{"floor":28,"key":"Adrenaline Potion"},{"floor":33,"key":"FairyPotion"},{"floor":35,"key":"Regen Potion"}],"is_trial":false,"path_per_floor":["M","M","?","?","M","E","R","M","T","R","M","R","$","M","R","B",null,"M","?","$","M","?","R","M","M","T","M","M","R","M","M","R","B",null,"M","M","$","M","M","R","M"],"character_chosen":"IRONCLAD","items_purchased":["hubris:CrystalStatue","Armaments","Replay:WaspNest"],"campfire_rested":4,"item_purchase_floors":[20,20,37],"current_hp_per_floor":[80,80,80,80,80,37,37,36,36,60,64,64,64,68,68,39,80,70,70,70,63,63,63,52,67,67,51,24,48,51,51,75,43,80,68,10,10,21,27,51,0,0],"gold":52,"neow_bonus":"NOSTALGIA","is_daily":false,"chose_seed":false,"campfire_upgraded":3,"win_rate":0.0,"timestamp":1608400238,"path_taken":["M","M","?","?","?","E","R","M","T","R","M","R","$","M","R","BOSS","M","?","$","M","?","R","M","M","T","?","M","R","M","M","R","BOSS","M","M","$","M","?","R","M"],"items_purchased_type":["Relic","Card","Relic"],"build_version":"2020-12-13","purchased_purges":0,"victory":false,"max_hp_per_floor":[80,80,80,80,80,80,80,80,80,80,80,80,80,80,80,80,80,80,80,80,80,80,80,80,80,80,80,80,80,80,80,80,80,80,80,80,80,80,80,80,80,80],"card_choices":[{"not_picked":["True Grit","Havoc","Perfected Strike"],"picked":"SKIP","floor":1},{"not_picked":["Cleave","Havoc"],"picked":"Run Through","floor":2},{"not_picked":["Perfected Strike","Warcry"],"picked":"Hemokinesis","floor":5},{"not_picked":["Thunderclap","True Grit"],"picked":"Bloodletting","floor":6},{"not_picked":["Offering","Warcry","Headbutt"],"picked":"SKIP","floor":8},{"not_picked":["Feel No Pain","Sever Soul","Perfected Strike"],"picked":"SKIP","floor":11},{"not_picked":["Headbutt","Iron Wave","Clothesline"],"picked":"SKIP","floor":14},{"not_picked":["Brutality","Exhume"],"picked":"Eclipse","floor":16},{"not_picked":["Rage+1","Sword Boomerang"],"picked":"Thunderclap","floor":18},{"not_picked":["Cleave","Perfected Strike"],"picked":"Intimidate","floor":21},{"not_picked":["Body Slam","Perfected Strike"],"picked":"Dual Wield+1","floor":24},{"not_picked":["Anger+1","Perfected Strike"],"picked":"Shrug It Off","floor":25},{"not_picked":["Replay:Undeath\u0027s Touch","Rage","True Grit"],"picked":"SKIP","floor":27},{"not_picked":["Combust","Feel No Pain+1"],"picked":"Disarm+1","floor":28},{"not_picked":["Run Through","True Grit"],"picked":"ReplayTheSpireMod:LeadingStrike","floor":30},{"not_picked":["Whirlwind","Thunderclap"],"picked":"Berserk","floor":31},{"not_picked":["Double Tap","Offering"],"picked":"Bludgeon","floor":33},{"not_picked":["Clothesline","Cleave"],"picked":"Inflame+1","floor":35},{"not_picked":["ReplayTheSpireMod:Strike From Hell","Armaments"],"picked":"Wild Strike+1","floor":36},{"not_picked":["Sword Boomerang+1","ReplayTheSpireMod:Strike From Hell"],"picked":"Heavy Blade+1","floor":38},{"not_picked":["Pommel Strike+1","Warcry","Clothesline+1"],"picked":"SKIP","floor":39}],"player_experience":549248,"relics_obtained":[{"floor":6,"key":"Snack Pack"},{"floor":9,"key":"ReplayTheSpireMod:Shallot"},{"floor":26,"key":"Archangels Feather"}],"event_choices":[{"damage_healed":0,"gold_gain":0,"player_choice":"Ignored","damage_taken":0,"max_hp_gain":0,"max_hp_loss":0,"event_name":"NoteForYourself","floor":4,"gold_loss":0},{"damage_healed":0,"gold_gain":0,"player_choice":"Ignored","damage_taken":0,"max_hp_gain":0,"max_hp_loss":0,"event_name":"Vampires","floor":19,"gold_loss":0},{"damage_healed":0,"gold_gain":0,"player_choice":"Copied","damage_taken":0,"max_hp_gain":0,"max_hp_loss":0,"event_name":"Duplicator","floor":22,"gold_loss":0,"cards_obtained":["Run Through"]}],"is_beta":false,"boss_relics":[{"not_picked":["Pandora\u0027s Box","Snecko Eye","Abe\u0027s Treasure"]},{"not_picked":["conspire:RoyalGoblet","aspiration:DefectSkillbook"],"picked":"conspire:SpecialSausage"}],"items_purged_floors":[],"is_endless":false,"potions_floor_spawned":[6,8,16,24,27,28,33,35],"killed_by":"Jaw Worm Horde","ascension_level":0}}