{"host":"qm4rv4rkpk76sbxu","time":1608382352,"event":{"mods":["BaseMod","Bestiary","Block Reminder","DeckTracker","Filter the Spire","Keyboard Shortcuts","Minty Spire (QoL Compilation)","MonsterHotkey","Potion Indicator Mod","Quick Restart","Random Character Button","Relic Stats","Slay-I","StSLib","ojb\u0027s Better Paths Mod"],"gold_per_floor":[367,367,383,383,400,426,29,49,49,80,80,93,120,130,130,209,209,222,256,272,272,272,300,193,228,255,255,255,255,305,316,316,393,393,408,428,428,447,65,96,96,96,96,130,140,140,140,168,168,168,168,168,168,10,43,43],"floor_reached":57,"playtime":3719,"items_purged":["Defend_B","Writhe","Strike_B"],"score":3192,"play_id":"f0f25b19-d53d-4158-a7a9-f67b23a3f260","local_time":"20201219135232","is_ascension_mode":true,"campfire_choices":[{"data":"Defragment","floor":15.0,"key":"SMITH"},{"data":"Biased Cognition","floor":27.0,"key":"SMITH"},{"data":"Ghostly","floor":29.0,"key":"SMITH"},{"data":"Ghostly","floor":32.0,"key":"SMITH"},{"data":"Ghostly","floor":41.0,"key":"SMITH"},{"data":"Echo Form","floor":47.0,"key":"SMITH"},{"floor":49.0,"key":"RECALL"},{"data":"Biased Cognition","floor":53.0,"key":"SMITH"}],"circlet_count":0,"master_deck":["AscendersBane","Strike_B+1","Defend_B","Defend_B+1","Zap","Dualcast","Cold Snap","Conserve Battery+1","Sunder","Machine Learning","Chill","Defragment+1","Echo Form+1","Biased Cognition+1","Hologram","Electrodynamics","Undo","Ghostly+1","Ghostly+1","Ghostly+1","Seek","BootSequence","Chill","Biased Cognition+1","Madness","Madness","Thunder Strike+1","Recycle+1"],"relics":["Cracked Core","War Paint","HornCleat","Akabeko","StrikeDummy","Bottled Lightning","DataDisk","Coffee Dripper","Red Mask","Smiling Mask","Lizard Tail","Question Card","Black Star","Runic Capacitor","Bronze Scales","Thread and Needle","Happy Flower","Singing Bowl","Eternal Feather","Calipers","Blood Vial","Darkstone Periapt","OrangePellets","Boot","Whetstone"],"acts_visited":["Exordium","TheCity","TheBeyond","TheEnding"],"potions_floor_usage":[56],"damage_taken":[{"damage":9.0,"enemies":"Jaw Worm","floor":1.0,"turns":4.0},{"damage":0.0,"enemies":"Cultist","floor":3.0,"turns":4.0},{"damage":7.0,"enemies":"2 Louse","floor":5.0,"turns":2.0},{"damage":7.0,"enemies":"3 Sentries","floor":6.0,"turns":10.0},{"damage":14.0,"enemies":"Exordium Wildlife","floor":8.0,"turns":5.0},{"damage":0.0,"enemies":"Gremlin Nob","floor":10.0,"turns":3.0},{"damage":0.0,"enemies":"Red Slaver","floor":12.0,"turns":3.0},{"damage":1.0,"enemies":"Lagavulin","floor":13.0,"turns":5.0},{"damage":0.0,"enemies":"3 Louse","floor":14.0,"turns":2.0},{"damage":14.0,"enemies":"Hexaghost","floor":16.0,"turns":10.0},{"damage":0.0,"enemies":"3 Byrds","floor":18.0,"turns":4.0},{"damage":0.0,"enemies":"Masked Bandits","floor":19.0,"turns":6.0},{"damage":0.0,"enemies":"Spheric Guardian","floor":20.0,"turns":3.0},{"damage":0.0,"enemies":"Gremlin Leader","floor":23.0,"turns":7.0},{"damage":0.0,"enemies":"Book of Stabbing","floor":25.0,"turns":5.0},{"damage":0.0,"enemies":"Chosen and Byrds","floor":31.0,"turns":6.0},{"damage":3.0,"enemies":"Champ","floor":33.0,"turns":8.0},{"damage":0.0,"enemies":"3 Darklings","floor":35.0,"turns":6.0},{"damage":0.0,"enemies":"Orb Walker","floor":36.0,"turns":4.0},{"damage":0.0,"enemies":"Transient","floor":38.0,"turns":6.0},{"damage":1.0,"enemies":"Giant Head","floor":40.0,"turns":10.0},{"damage":0.0,"enemies":"Nemesis","floor":44.0,"turns":7.0},{"damage":0.0,"enemies":"Spire Growth","floor":45.0,"turns":7.0},{"damage":0.0,"enemies":"Reptomancer","floor":48.0,"turns":6.0},{"damage":0.0,"enemies":"Time Eater","floor":50.0,"turns":9.0},{"damage":0.0,"enemies":"Donu and Deca","floor":51.0,"turns":9.0},{"damage":18.0,"enemies":"Shield and Spear","floor":55.0,"turns":10.0},{"damage":87,"enemies":"The Heart","floor":56,"turns":12}],"seed_played":"-4628355246846652335","potions_obtained":[{"floor":1.0,"key":"Fire Potion"},{"floor":5.0,"key":"SteroidPotion"},{"floor":13.0,"key":"Block Potion"},{"floor":18.0,"key":"EssenceOfDarkness"},{"floor":33.0,"key":"Ancient Potion"},{"floor":35.0,"key":"GamblersBrew"},{"floor":37.0,"key":"BlessingOfTheForge"},{"floor":37.0,"key":"DuplicationPotion"},{"floor":44.0,"key":"FocusPotion"},{"floor":55.0,"key":"FocusPotion"}],"is_trial":false,"path_per_floor":["M","?","M","?","M","E","$","M","T","E","T","M","E","M","R","B",null,"M","?","M","?","?","E","$","E","T","R","?","R","?","M","R","B",null,"M","M","?","M","$","E","R","?","T","E","M","?","R","E","R","B","B",null,"R","$","E","B",null],"character_chosen":"DEFECT","items_purchased":["HornCleat","Weak Potion","SpeedPotion","Runic Capacitor","Bronze Scales","OrangePellets"],"campfire_rested":0,"item_purchase_floors":[7,7,24,39,39,54],"current_hp_per_floor":[37,37,37,60,53,46,46,32,32,32,32,32,31,31,31,17,58,58,58,58,58,58,58,58,58,58,58,35,35,35,35,35,32,34,34,34,34,34,34,33,33,33,33,35,37,30,39,39,39,39,39,39,39,39,21,11],"gold":43,"neow_bonus":"TWO_FIFTY_GOLD","is_daily":false,"chose_seed":false,"campfire_upgraded":7,"win_rate":0.0,"timestamp":1608382352,"path_taken":["M","?","?","?","M","E","$","M","T","E","?","M","E","?","R","BOSS","M","?","M","?","?","E","$","E","T","R","?","R","?","M","R","BOSS","M","M","?","M","?","E","R","?","T","E","M","?","R","E","R","BOSS","BOSS","R","$","E","BOSS"],"items_purchased_type":["Relic","Potion","Potion","Relic","Relic","Relic"],"build_version":"2020-12-13","purchased_purges":3,"victory":true,"max_hp_per_floor":[71,71,71,71,71,71,71,71,71,71,71,71,71,71,71,71,71,71,71,71,71,71,71,71,71,71,71,35,35,35,35,35,35,35,35,35,35,35,35,35,35,35,35,37,39,39,39,39,39,39,39,39,39,39,39,39],"relic_stats":{"Darkstone Periapt":0,"Happy Flower":[20],"Singing Bowl":4,"counters":[28,173],"Eternal Feather":9,"Whetstone":["Thunder Strike","Strike_B"],"War Paint":["Defend_B","Conserve Battery"],"Smiling Mask":125,"Question Card":10,"Boot":[0],"Blood Vial":2,"OrangePellets":[4],"Lizard Tail":19,"Bronze Scales":[339],"Black Star":4,"obtain_stats":[{"Darkstone Periapt":48,"Calipers":44,"Singing Bowl":43,"Runic Capacitor":39,"Whetstone":55,"Smiling Mask":21,"Boot":55,"Blood Vial":48,"Lizard Tail":23,"HornCleat":7,"Red Mask":19,"Cracked Core":0,"Happy Flower":40,"Thread and Needle":40,"Eternal Feather":44,"War Paint":6,"Question Card":25,"Akabeko":9,"OrangePellets":54,"DataDisk":13,"Bronze Scales":39,"Coffee Dripper":17,"Black Star":34,"Bottled Lightning":11,"StrikeDummy":10},{"Darkstone Periapt":24,"Calipers":22,"Singing Bowl":21,"Runic Capacitor":20,"Whetstone":27,"Smiling Mask":13,"Boot":27,"Blood Vial":24,"Lizard Tail":14,"HornCleat":4,"Red Mask":12,"Cracked Core":0,"Happy Flower":21,"Thread and Needle":21,"Eternal Feather":22,"War Paint":4,"Question Card":15,"Akabeko":5,"OrangePellets":26,"DataDisk":8,"Bronze Scales":20,"Coffee Dripper":10,"Black Star":17,"Bottled Lightning":6,"StrikeDummy":6},{"Darkstone Periapt":133,"Calipers":120,"Singing Bowl":113,"Runic Capacitor":103,"Whetstone":161,"Smiling Mask":61,"Boot":161,"Blood Vial":133,"Lizard Tail":68,"HornCleat":20,"Red Mask":58,"Cracked Core":0,"Happy Flower":113,"Thread and Needle":113,"Eternal Feather":120,"War Paint":20,"Question Card":73,"Akabeko":25,"OrangePellets":151,"DataDisk":36,"Bronze Scales":103,"Coffee Dripper":48,"Black Star":87,"Bottled Lightning":28,"StrikeDummy":28}]},"card_choices":[{"not_picked":["Capacitor","Genetic Algorithm"],"picked":"Cold Snap","floor":1.0},{"not_picked":["Beam Cell","Stack"],"picked":"Conserve Battery","floor":3.0},{"not_picked":["Stack","Turbo"],"picked":"Sunder","floor":5.0},{"not_picked":["Coolheaded","Consume"],"picked":"Machine Learning","floor":6.0},{"not_picked":["Beam Cell","Steam Power"],"picked":"Chill","floor":8.0},{"not_picked":["Force Field","Stack","Hologram"],"picked":"SKIP","floor":10.0},{"not_picked":["Force Field","Sweeping Beam"],"picked":"Defragment","floor":12.0},{"not_picked":["Conserve Battery","Fusion"],"picked":"Echo Form","floor":13.0},{"not_picked":["Leap","Gash","Turbo"],"picked":"SKIP","floor":14.0},{"not_picked":["Buffer","Thunder Strike"],"picked":"Biased Cognition","floor":16.0},{"not_picked":["Rebound","Doom and Gloom"],"picked":"Hologram","floor":18.0},{"not_picked":["Rebound","Conserve Battery","Coolheaded"],"picked":"SKIP","floor":20.0},{"not_picked":["Rebound","Steam Power","Turbo"],"picked":"SKIP","floor":23.0},{"not_picked":["Cold Snap+1","Rip and Tear"],"picked":"Compile Driver","floor":25.0},{"not_picked":["Leap","Sweeping Beam","Gash","Conserve Battery"],"picked":"SKIP","floor":31.0},{"not_picked":["Electrodynamics","Machine Learning","Hyperbeam"],"picked":"Seek","floor":33.0},{"not_picked":["Go for the Eyes","Barrage","Tempest+1"],"picked":"BootSequence","floor":35.0},{"not_picked":["Coolheaded","Hello World","Melter"],"picked":"Chill","floor":36.0},{"not_picked":["Redo","Beam Cell","Conserve Battery","Doom and Gloom"],"picked":"SKIP","floor":38.0},{"not_picked":["Compile Driver","Heatsinks","Barrage"],"picked":"Biased Cognition","floor":40.0},{"not_picked":["BootSequence+1","Ball Lightning+1","FTL","White Noise+1"],"picked":"Singing Bowl","floor":44.0},{"not_picked":["Redo","Leap","Undo","Steam+1"],"picked":"Singing Bowl","floor":45.0},{"not_picked":["Turbo","Coolheaded","Aggregate"],"picked":"Thunder Strike","floor":48.0},{"not_picked":["Go for the Eyes+1","Barrage","Gash"],"picked":"Recycle+1","floor":55.0}],"player_experience":1065769,"relics_obtained":[{"floor":6.0,"key":"War Paint"},{"floor":9.0,"key":"Akabeko"},{"floor":10.0,"key":"StrikeDummy"},{"floor":11.0,"key":"Bottled Lightning"},{"floor":13.0,"key":"DataDisk"},{"floor":19.0,"key":"Red Mask"},{"floor":23.0,"key":"Lizard Tail"},{"floor":25.0,"key":"Question Card"},{"floor":40.0,"key":"Thread and Needle"},{"floor":40.0,"key":"Happy Flower"},{"floor":43.0,"key":"Singing Bowl"},{"floor":44.0,"key":"Eternal Feather"},{"floor":44.0,"key":"Calipers"},{"floor":48.0,"key":"Blood Vial"},{"floor":48.0,"key":"Darkstone Periapt"},{"floor":55.0,"key":"Boot"},{"floor":55.0,"key":"Whetstone"}],"event_choices":[{"cards_removed":["Strike_B"],"damage_healed":0.0,"max_hp_gain":0.0,"max_hp_loss":0.0,"gold_gain":0.0,"event_name":"Bonfire Elementals","player_choice":"Offered Basic","floor":2.0,"gold_loss":0.0,"damage_taken":0.0},{"damage_healed":23.0,"max_hp_gain":0.0,"max_hp_loss":0.0,"gold_gain":0.0,"event_name":"Big Fish","player_choice":"Banana","floor":4.0,"gold_loss":0.0,"damage_taken":0.0},{"damage_healed":0.0,"max_hp_gain":0.0,"max_hp_loss":0.0,"gold_gain":0.0,"event_name":"Masked Bandits","player_choice":"Fought Bandits","floor":19.0,"gold_loss":0.0,"damage_taken":0.0},{"damage_healed":0.0,"max_hp_gain":0.0,"max_hp_loss":0.0,"gold_gain":0.0,"event_name":"The Mausoleum","player_choice":"Opened","floor":21.0,"gold_loss":0.0,"damage_taken":0.0,"relics_obtained":["Smiling Mask"],"cards_obtained":["Writhe"]},{"damage_healed":0.0,"max_hp_gain":0.0,"max_hp_loss":0.0,"gold_gain":0.0,"cards_transformed":["Strike_B","Defend_B"],"event_name":"Drug Dealer","player_choice":"Became Test Subject","floor":22.0,"gold_loss":0.0,"damage_taken":0.0,"cards_obtained":["Electrodynamics","Undo"]},{"damage_healed":0.0,"max_hp_gain":0.0,"max_hp_loss":36.0,"gold_gain":0.0,"event_name":"Ghosts","player_choice":"Became a Ghost","floor":28.0,"gold_loss":0.0,"damage_taken":0.0,"cards_obtained":["Ghostly","Ghostly","Ghostly"]},{"damage_healed":0.0,"max_hp_gain":0.0,"max_hp_loss":0.0,"gold_gain":50.0,"event_name":"Nest","player_choice":"Stole From Cult","floor":30.0,"gold_loss":0.0,"damage_taken":0.0},{"damage_healed":0.0,"max_hp_gain":0.0,"max_hp_loss":0.0,"gold_gain":0.0,"event_name":"Lab","player_choice":"Got Potions","floor":37.0,"gold_loss":0.0,"damage_taken":0.0},{"cards_removed":["Compile Driver"],"damage_healed":0.0,"max_hp_gain":0.0,"max_hp_loss":0.0,"gold_gain":0.0,"event_name":"Falling","player_choice":"Removed Attack","floor":42.0,"gold_loss":0.0,"damage_taken":0.0},{"damage_healed":0.0,"max_hp_gain":0.0,"max_hp_loss":0.0,"gold_gain":0.0,"event_name":"Winding Halls","player_choice":"Embrace Madness","floor":46.0,"gold_loss":0.0,"damage_taken":7.0,"cards_obtained":["Madness","Madness"]}],"is_beta":false,"boss_relics":[{"not_picked":["SacredBark","Fusion Hammer"],"picked":"Coffee Dripper"},{"not_picked":["Empty Cage","Sozu"],"picked":"Black Star"}],"items_purged_floors":[7,24,39],"is_endless":false,"potions_floor_spawned":[1,5,13,18,19,20,33,35,38,44,48,55],"ascension_level":20}}