{"host":"6o1vh5lr98s0jjq7","time":1608387458,"event":{"mods":["2.2 Compatiblity","Act Like it!","Aspiration","BaseMod","Better Altar","Better Match","Better Note","Better Third Choice","Conspire","Downfall","Gensokyo","Hallownest","Infinite Spire","Marisa????????","Minty Spire (QoL Compilation)","Replay The Spire","StSLib","The Alterego","WarShipGirlsR/????R mod"],"gold_per_floor":[99,99,99,99,99,134,202,52,52,63,80,15,15,33,53,153,153,153,153,169,169,201,4,4,4,21,21,41,60,75,75,87,183,183,183,210,224,253,298,298,325,337,337,664,681,698,698,190,202,202],"floor_reached":51,"playtime":3791,"items_purged":[],"score":655,"play_id":"bf95f16c-5d60-44e0-a802-7e96677de7ea","local_time":"20201219081738","is_ascension_mode":false,"campfire_choices":[{"floor":1,"key":"DIG"},{"floor":3,"key":"RECALL"},{"data":"champ:EndlessRage","floor":8,"key":"SMITH"},{"data":"champ:SteelEdge","floor":18,"key":"SMITH"},{"floor":25,"key":"REST"},{"floor":27,"key":"REST"},{"data":"champ:Lariat","floor":35,"key":"SMITH"},{"floor":40,"key":"REST"},{"floor":43,"key":"REST"}],"circlet_count":0,"master_deck":["champ:Strike","champ:Strike","champ:Strike","champ:Strike","champ:Defend","champ:Defend","champ:Defend","champ:Defend","champ:Execute","champ:Taunt+1","champ:EnragedBash","champ:PerfectedStrike","champ:EndlessRage+1","champ:FocusedGladiator","champ:CalledShot","champ:TornadoPunch","champ:IronFortress","champ:StanceDance","champ:SwordThrow","champ:HeartStrike","champ:SteelEdge+1","BinaryStars","champ:CrookedStrike","champ:RecklessLeap+1","champ:HeavySlash","champ:DefensiveShout","champ:DefensiveShout","champ:Haymaker","champ:EndlessRage","champ:FocusedDefense","champ:SkillfulDodge","champ:Lariat+1","champ:IgnorePain","CurseOfTheBell","champ:Duel","champ:ShieldWall+1","champ:Circumvent","champ:AdrenalArmor+1","champ:Lariat+1","champ:HoldFirm","champ:PerfectedStrike+1","champ:FaceSlap+1","Hallucinations","ReplayTheSpireMod:??????????????????????","champ:Duel"],"relics":["champ:ChampionCrown","downfall:HeartsMalice","aspiration:Lifesprig","Bronze Scales","downfall:HeartBlessingRed","downfall:HeartBlessingBlue","aspiration:PoetsPen_weak","TungstenRod","Replay:WaspNest","ClockworkSouvenir","aspiration:FrozenJewel","Quantum Egg","Calling Bell","Boot","infinitespire:BottledMercury","Replay:Towering Pillar of Hats","infinitespire:Golems Mask","champ:DefensiveTrainingManual","CatCart","Pet Ghost","Old Coin"],"acts_visited":["Exordium","TheCity","TheBeyond"],"potions_floor_usage":[11,16,16,16,22,23,23,23,33,36,36,39,39,50],"damage_taken":[{"damage":0,"enemies":"Jaw Worm","floor":4,"turns":1},{"damage":0,"enemies":"2 Louse","floor":5,"turns":1},{"damage":0,"enemies":"Lagavulin","floor":6,"turns":1},{"damage":0,"enemies":"Cultist","floor":9,"turns":1},{"damage":26,"enemies":"Lots of Slimes","floor":10,"turns":4},{"damage":15,"enemies":"Exordium Thugs","floor":11,"turns":5},{"damage":4,"enemies":"downfall:FleeingMerchant","floor":12,"turns":4},{"damage":8,"enemies":"Red Slaver","floor":14,"turns":2},{"damage":7,"enemies":"Large Slime","floor":15,"turns":4},{"damage":69,"enemies":"downfall:Defect","floor":16,"turns":6},{"damage":29,"enemies":"Chosen","floor":20,"turns":5},{"damage":56,"enemies":"Gremlin Leader","floor":22,"turns":7},{"damage":24,"enemies":"downfall:FleeingMerchant","floor":23,"turns":4},{"damage":27,"enemies":"Spheric Guardian","floor":26,"turns":3},{"damage":12,"enemies":"Centurion and Healer","floor":28,"turns":6},{"damage":36,"enemies":"Sentry and Sphere","floor":29,"turns":5},{"damage":31,"enemies":"Snake Plant","floor":30,"turns":3},{"damage":17,"enemies":"Snecko","floor":32,"turns":4},{"damage":0,"enemies":"downfall:Ironclad","floor":33,"turns":1},{"damage":53,"enemies":"Nemesis","floor":36,"turns":9},{"damage":30,"enemies":"Orb Walker","floor":37,"turns":3},{"damage":60,"enemies":"R_Hoarder","floor":38,"turns":7},{"damage":27,"enemies":"Orin","floor":39,"turns":8},{"damage":21,"enemies":"3 Shapes","floor":42,"turns":4},{"damage":112,"enemies":"Giant Head","floor":44,"turns":8},{"damage":0,"enemies":"Sphere and 2 Shapes","floor":45,"turns":5},{"damage":6,"enemies":"Maw","floor":46,"turns":5},{"damage":46,"enemies":"4 Shapes","floor":49,"turns":5},{"damage":39,"enemies":"downfall:Silent","floor":50,"turns":5}],"seed_played":"-4463808729048508589","potions_obtained":[{"floor":6,"key":"ColorlessPotion"},{"floor":10,"key":"Strength Potion"},{"floor":14,"key":"Adrenaline Potion"},{"floor":15,"key":"champ:OpenerPotion"},{"floor":20,"key":"Fire Potion"},{"floor":22,"key":"EntropicBrew"},{"floor":28,"key":"Ancient Potion"},{"floor":30,"key":"AttackPotion"},{"floor":32,"key":"GamblersBrew"},{"floor":36,"key":"LiquidBronze"},{"floor":39,"key":"LiquidMemories"},{"floor":44,"key":"sneckomod:MuddlingPotion"},{"floor":49,"key":"Block Potion"}],"is_trial":false,"path_per_floor":["R","?","R","M","M","E","T","R","M","M","M","$","?","M","M","B",null,"R","?","M","AVR","E","$","T","R","M","R","M","M","M","T","M","B",null,"R","E","M","E","?","R","T","M","R","E","M","M","?","?","M","B",null],"character_chosen":"THE_CHAMP","items_purchased":["champ:StanceDance","ClockworkSouvenir","champ:DefensiveShout"],"campfire_rested":4,"item_purchase_floors":[12,23,23],"current_hp_per_floor":[90,90,90,90,90,90,90,100,100,83,77,79,79,71,73,20,100,100,100,79,79,33,39,39,69,66,96,91,64,54,54,47,47,100,100,81,78,53,30,60,60,63,93,32,32,67,67,67,37,31],"gold":202,"neow_bonus":"THREE_ENEMY_KILL","is_daily":false,"chose_seed":false,"campfire_upgraded":3,"win_rate":0.0,"timestamp":1608387458,"path_taken":["R","?","R","M","M","E","T","R","M","M","M","$","?","M","M","BOSS","R","?","M","AVR","E","?","T","R","?","R","M","M","M","?","M","BOSS","R","E","M","E","?","R","T","M","R","E","M","M","?","?","M","BOSS"],"items_purchased_type":["Card","Relic","Card"],"build_version":"2020-12-13","purchased_purges":0,"victory":true,"max_hp_per_floor":[90,90,90,90,90,90,90,100,100,100,100,100,100,100,100,100,100,100,100,100,100,100,100,100,100,100,100,100,100,100,100,100,100,100,100,100,100,100,100,100,100,100,100,100,100,100,100,100,100,100],"card_choices":[{"not_picked":["champ:PreciseThrust","champ:Circumvent"],"picked":"champ:EnragedBash","floor":4},{"not_picked":["champ:FlashCut","champ:FalseCounter"],"picked":"champ:PerfectedStrike","floor":5},{"not_picked":["champ:Lariat","champ:TornadoPunch"],"picked":"champ:EndlessRage","floor":6},{"not_picked":["champ:HeartStrike","champ:GladiatorsShout"],"picked":"champ:FocusedGladiator","floor":9},{"not_picked":["champ:ShieldWall","champ:PerfectedStrike"],"picked":"champ:CalledShot","floor":10},{"not_picked":["champ:GladiatorsShout","champ:DeathBlow"],"picked":"champ:TornadoPunch","floor":11},{"not_picked":["champ:Shatter","champ:BringItOn"],"picked":"champ:IronFortress","floor":12},{"not_picked":["champ:TornadoPunch","champ:ViciousMockery"],"picked":"champ:SwordThrow","floor":14},{"not_picked":["champ:CrookedStrike","champ:FocusedDefense"],"picked":"champ:HeartStrike","floor":15},{"not_picked":["champ:StrikeOfGenius","champ:HeavySlash"],"picked":"champ:SteelEdge","floor":16},{"not_picked":["champ:BladeFlurry","champ:GladiatorsShout+1"],"picked":"champ:CrookedStrike","floor":20},{"not_picked":["champ:HeartStrike+1","champ:StanceDance"],"picked":"champ:RecklessLeap+1","floor":22},{"not_picked":["champ:FalseCounter+1","champ:PerfectedStrike"],"picked":"champ:HeavySlash","floor":23},{"not_picked":["champ:GladiatorsShout","champ:DefensiveShout"],"picked":"champ:Haymaker","floor":26},{"not_picked":["champ:EnGarde","champ:GladiatorsShout"],"picked":"champ:EndlessRage","floor":28},{"not_picked":["champ:DefensiveShout+1","champ:ViciousMockery"],"picked":"champ:FocusedDefense","floor":29},{"not_picked":["champ:GladiatorsShout","champ:BerserkersShout"],"picked":"champ:SkillfulDodge","floor":30},{"not_picked":["champ:Backstep","champ:GladiatorsShout"],"picked":"champ:Lariat","floor":32},{"not_picked":["champ:DancingMaster","champ:VampiricStrike"],"picked":"champ:IgnorePain","floor":33},{"not_picked":["champ:CrookedStrike","champ:FalseCounter+1"],"picked":"champ:Duel","floor":36},{"not_picked":["champ:BerserkerStyle+1","champ:FalseCounter"],"picked":"champ:ShieldWall+1","floor":37},{"not_picked":["champ:Encircle","champ:DefensiveShout"],"picked":"champ:Circumvent","floor":38},{"not_picked":["champ:GladiatorStyle+1","champ:GladiatorsShout"],"picked":"champ:AdrenalArmor+1","floor":39},{"not_picked":["champ:GutPunch+1","champ:FaceSlap"],"picked":"champ:Lariat+1","floor":42},{"not_picked":["champ:Circumvent+1","champ:BerserkerStyle"],"picked":"champ:HoldFirm","floor":44},{"not_picked":["champ:ViciousMockery+1","champ:StanceDance"],"picked":"champ:PerfectedStrike+1","floor":45},{"not_picked":["champ:Backstep","champ:BerserkersShout"],"picked":"champ:FaceSlap+1","floor":46},{"not_picked":["Replay:Fractal Strike","ReplayTheSpireMod:Chaos Vortex"],"picked":"ReplayTheSpireMod:??????????????????????","floor":48},{"not_picked":["champ:GladiatorsShout+1","champ:CrookedStrike+1"],"picked":"champ:Duel","floor":49}],"player_experience":229802,"relics_obtained":[{"floor":1,"key":"aspiration:Lifesprig"},{"floor":6,"key":"Bronze Scales"},{"floor":22,"key":"Replay:WaspNest"},{"floor":24,"key":"aspiration:FrozenJewel"},{"floor":31,"key":"Quantum Egg"},{"floor":34,"key":"Boot"},{"floor":34,"key":"infinitespire:BottledMercury"},{"floor":34,"key":"Replay:Towering Pillar of Hats"},{"floor":36,"key":"infinitespire:Golems Mask"},{"floor":38,"key":"champ:DefensiveTrainingManual"},{"floor":39,"key":"CatCart"},{"floor":41,"key":"Pet Ghost"},{"floor":44,"key":"Old Coin"}],"event_choices":[{"damage_healed":0,"gold_gain":0,"player_choice":"Forge","damage_taken":0,"max_hp_gain":0,"max_hp_loss":0,"event_name":"Accursed Blacksmith","floor":13,"gold_loss":0,"cards_upgraded":["champ:Taunt"]},{"cards_removed":["champ:IronFortress"],"damage_healed":0,"gold_gain":0,"player_choice":"Take \u0026 Give","damage_taken":0,"max_hp_gain":0,"max_hp_loss":0,"event_name":"betterNote:BetterNote","floor":19,"gold_loss":0,"cards_obtained":["BinaryStars"]},{"damage_healed":0,"gold_gain":0,"player_choice":"Fight","damage_taken":0,"max_hp_gain":0,"max_hp_loss":0,"event_name":"OrinTheCat","floor":39,"gold_loss":0}],"is_beta":false,"boss_relics":[{"not_picked":["aspiration:SilentSkillbook","Abe\u0027s Treasure"],"picked":"aspiration:PoetsPen_weak"},{"not_picked":["Fusion Hammer","aspiration:SecretTechniqueScroll"],"picked":"Calling Bell"}],"items_purged_floors":[],"is_endless":false,"potions_floor_spawned":[6,10,14,15,20,22,28,30,32,36,39,44,49],"ascension_level":0}}