{"host":"oamyyaqfhwqk734h","time":1608421238,"event":{"mods":["2.2 Compatiblity","AchievementEnabler","Act Like it!","AlwaysNeverKeys","Aspiration","Bard","BaseMod","Beaked The Cultist","BetterRewards","Block Reminder","CCEM","Card Forge","Clawfect","Colored Map","Colored Powertips","Conspire","DeckTracker","Dio Mod","Downfall","Friendly Minions","GifTheSpireLib","Googly Eyes","Gremlin Mod","Halation","Highlight Path","Hubris","Hunter ??","Infinite Spire","Jedi Mod","Mad Scientist","Marisa????????","Mimic Mod","Minty Spire (QoL Compilation)","Permanent Neow","Quick Restart","Rare Cards Sparkle","Replay The Spire","Shop Mod","Small Relic Pack","StSLib","Stuff the Spire","SuperFastMode","Synergy Search","The Administrix","The Animator","The Blackbeard","The Bug Knight","The Construct","The Cursed","The Disciple","The Forsaken","The Gatherer","The Hierophant","The IronCluck","The Jungle","The Mystic","The Necromancer","The Problem Sleuth","The Runesmith","The Servant 0.9.4","The Spell Scribe","TheBandit","Unceasing Turn Reminder","[IsaacMod]????"],"gold_per_floor":[99,119,44,61,61,161,187,220,237,272,286,306,406,425,440,545,545,470,485,497,497,516,535,635,635,662,662,673,689,689,689,705,806,806,806,826,837,857,871,891,891,916,916,984,1002,1017,744,761,779,779],"floor_reached":51,"playtime":3900,"items_purged":["EpicFetus+1"],"score":801,"play_id":"3de76a03-0733-452a-9c09-bb46419f0c6b","local_time":"20201220004038","is_ascension_mode":false,"campfire_choices":[{"floor":1.0,"key":"RECALL"},{"data":"EpicFetus","floor":3.0,"key":"SMITH"},{"data":"Guardian:PrimingBeam","floor":5.0,"key":"SMITH"},{"data":"Guardian:Repulse","floor":18.0,"key":"SMITH"},{"data":"Pot Of Greed","floor":25.0,"key":"SMITH"},{"data":"Pot Of Greed","floor":27.0,"key":"SMITH"},{"floor":35.0,"key":"DIG"}],"circlet_count":0,"master_deck":["Guardian:CurlUp","Guardian:PrimingBeam+1","Guardian:Planning","Guardian:ChargeCore","Guardian:Recover","Guardian:ExploitGems","Guardian:PrimingBeam","Guardian:PolyBeam","Guardian:Repulse+1","Guardian:ChargeCore","Guardian:SphericShield","Guardian:ArmoredProtocol","Guardian:AncientConstruct","Guardian:PrimingBeam","Guardian:SpikerProtocol","Guardian:ChargeUp","Guardian:FastForward","Guardian:PrimingBeam","infinitespire:UltimateForm","infinitespire:FutureSight","Guardian:ShieldCharger+1","Guardian:PrimingBeam+1","Pot Of Greed+1","Pot Of Greed+1","Pot Of Greed+1","Guardian:EvasiveProtocol","Guardian:ExploitGems","Guardian:PrimingBeam+1","Guardian:PolyBeam","Parasite","Guardian:ShieldCharger+1","Guardian:Gem_Cyan","Guardian:PrimingBeam+1","Guardian:Gem_Blue","Pot Of Greed","Guardian:Gem_Blue"],"relics":["Guardian:ModeShifter","Hammer of Thor","Seething Fire","Anvil of the Gods","HushsDoor","D6","jedi:crownofsimplicity","downfall:HeartBlessingRed","relicPack:DarknessArmor","CCEMRelics:OverlyComfyChair","Pandora\u0027s Box","downfall:HeartBlessingBlue","conspire:Dentures","Replay:Bronze Core","Grinning Jar","HollowMod:StagPassRelic","Empty Cage","aspiration:StickyExplosives_weak","StuffTheSpire:Barrel","White Beast Statue","aspiration:Lifesprig","infinitespire:CheckeredPen"],"acts_visited":["Exordium","TheCity","TheBeyond"],"potions_floor_usage":[50,50,50,50,50],"damage_taken":[{"damage":0.0,"enemies":"Small Slimes","floor":2.0,"turns":3.0},{"damage":0.0,"enemies":"Cultist","floor":4.0,"turns":2.0},{"damage":14.0,"enemies":"Gremlin Nob","floor":8.0,"turns":3.0},{"damage":7.0,"enemies":"2 Louse","floor":9.0,"turns":2.0},{"damage":13.0,"enemies":"Lagavulin","floor":10.0,"turns":5.0},{"damage":7.0,"enemies":"Exordium Thugs","floor":11.0,"turns":4.0},{"damage":2.0,"enemies":"Large Slime","floor":12.0,"turns":5.0},{"damage":13.0,"enemies":"Red Slaver","floor":14.0,"turns":2.0},{"damage":2.0,"enemies":"Blue Slaver","floor":15.0,"turns":3.0},{"damage":21.0,"enemies":"downfall:Silent","floor":16.0,"turns":8.0},{"damage":0.0,"enemies":"Spheric Guardian","floor":19.0,"turns":4.0},{"damage":10.0,"enemies":"Chosen","floor":20.0,"turns":4.0},{"damage":11.0,"enemies":"Snecko","floor":22.0,"turns":6.0},{"damage":10.0,"enemies":"Chosen and Byrds","floor":23.0,"turns":5.0},{"damage":27.0,"enemies":"Gremlin Leader","floor":26.0,"turns":6.0},{"damage":0.0,"enemies":"3 Cultists","floor":28.0,"turns":5.0},{"damage":12.0,"enemies":"Centurion and Healer","floor":29.0,"turns":4.0},{"damage":21.0,"enemies":"Snake Plant","floor":32.0,"turns":4.0},{"damage":21.0,"enemies":"downfall:Watcher","floor":33.0,"turns":7.0},{"damage":12.0,"enemies":"3 Shapes","floor":36.0,"turns":4.0},{"damage":9.0,"enemies":"Orb Walker","floor":37.0,"turns":3.0},{"damage":21.0,"enemies":"Writhing Mass","floor":38.0,"turns":5.0},{"damage":10.0,"enemies":"Sphere and 2 Shapes","floor":39.0,"turns":6.0},{"damage":18.0,"enemies":"4 Shapes","floor":40.0,"turns":6.0},{"damage":17.0,"enemies":"Reptomancer","floor":42.0,"turns":6.0},{"damage":23.0,"enemies":"Nemesis","floor":44.0,"turns":9.0},{"damage":10.0,"enemies":"Spire Growth","floor":45.0,"turns":5.0},{"damage":0.0,"enemies":"Maw","floor":46.0,"turns":7.0},{"damage":0.0,"enemies":"downfall:FleeingMerchant","floor":47.0,"turns":5.0},{"damage":0.0,"enemies":"Transient","floor":48.0,"turns":5.0},{"damage":10,"enemies":"Sphere and 2 Shapes","floor":49,"turns":5},{"damage":11,"enemies":"downfall:Ironclad","floor":50,"turns":6}],"seed_played":"2995413630236671787","potions_obtained":[{"floor":4.0,"key":"SpeedPotion"},{"floor":8.0,"key":"Energy Potion"},{"floor":11.0,"key":"LiquidMemories"},{"floor":19.0,"key":"ColorlessPotion"},{"floor":20.0,"key":"Adrenaline Potion"},{"floor":29.0,"key":"Guardian:DefensiveModePotion"},{"floor":33.0,"key":"AttackPotion"},{"floor":40.0,"key":"Venom Potion"},{"floor":42.0,"key":"SpeedPotion"},{"floor":44.0,"key":"LiquidMemories"},{"floor":45.0,"key":"PowerPotion"},{"floor":46.0,"key":"EntropicBrew"},{"floor":48.0,"key":"champ:CounterPotion"},{"floor":49,"key":"CultistPotion"}],"is_trial":false,"path_per_floor":["R","M","R","M","R","?","T","E","M","E","M","M","?","M","M","B",null,"R","M","M","AVR","M","M","T","R","E","R","M","M","?","?","M","B",null,"R_BF","M","M","M","M","M","T","E","?","E","M","M","$","M","M","B",null],"character_chosen":"GUARDIAN","items_purchased":["infinitespire:CheckeredPen"],"campfire_rested":0,"item_purchase_floors":[47],"current_hp_per_floor":[80,80,80,80,80,80,80,66,59,46,39,39,39,26,27,7,80,90,90,90,90,79,77,77,77,50,50,52,52,52,52,44,29,90,90,87,85,68,64,50,50,35,35,12,5,8,18,21,19,9],"gold":779,"neow_bonus":"RANDOM_COMMON_RELIC","is_daily":false,"chose_seed":false,"campfire_upgraded":5,"win_rate":0.0,"timestamp":1608421238,"path_taken":["R","M","R","M","R","?","T","E","?","E","M","?","?","M","M","BOSS","R","M","M","AVR","M","M","T","R","E","R","M","M","?","?","M","BOSS","R_BF","M","M","M","M","M","T","E","?","E","M","M","?","M","M","BOSS"],"items_purchased_type":["Relic"],"build_version":"2020-12-13","purchased_purges":1,"victory":true,"max_hp_per_floor":[80,80,80,80,80,80,80,80,80,80,80,80,80,80,80,80,80,90,90,90,90,90,90,90,90,90,90,90,90,90,90,90,90,90,90,90,90,90,90,90,90,90,90,90,90,90,90,90,90,90],"card_choices":[{"not_picked":[],"picked":"EpicFetus","floor":0.0},{"not_picked":["Guardian:TemporalShield","Guardian:Gem_Green"],"picked":"Guardian:PrimingBeam","floor":2.0},{"not_picked":["Guardian:DonusPower","Guardian:Gem_Fragmented"],"picked":"Guardian:Planning","floor":4.0},{"not_picked":["Guardian:Suspension","Guardian:CrystalBeam"],"picked":"Guardian:ChargeCore","floor":8.0},{"not_picked":["Guardian:StasisStrike","Guardian:Planning"],"picked":"Guardian:Recover","floor":9.0},{"not_picked":["Guardian:VentSteam","Bomb","Guardian:RollAttack"],"picked":"SKIP","floor":10.0},{"not_picked":["Guardian:PiercingHide","Guardian:Repulse"],"picked":"Guardian:ExploitGems","floor":11.0},{"not_picked":["Guardian:Gem_Lightblue","Guardian:ChargeCore"],"picked":"Guardian:PrimingBeam","floor":12.0},{"not_picked":["Guardian:ChargeCore","Guardian:Incinerate"],"picked":"Guardian:PolyBeam","floor":13.0},{"not_picked":["Guardian:TimeBomb","Guardian:Gem_Fragmented"],"picked":"Guardian:Repulse","floor":14.0},{"not_picked":["Guardian:Gem_Green","Guardian:Incinerate"],"picked":"Guardian:ChargeCore","floor":15.0},{"not_picked":["Guardian:Gem_Synthetic","Guardian:AncientConstruct"],"picked":"Guardian:SphericShield","floor":16.0},{"not_picked":["Guardian:WalkerClaw","Guardian:FloatingOrbs"],"picked":"Guardian:PrimingBeam","floor":19.0},{"not_picked":["Guardian:VentSteam","Guardian:Gem_Lightblue"],"picked":"Guardian:Gem_Cyan","floor":20.0},{"not_picked":["Guardian:TemporalStrike","Guardian:ChargeCore+1"],"picked":"Guardian:ShieldCharger+1","floor":22.0},{"not_picked":["Guardian:Gem_Blue","Guardian:PrismaticBeam"],"picked":"Guardian:PrimingBeam+1","floor":23.0},{"not_picked":["Guardian:FastForward","Guardian:Gem_Fragmented"],"picked":"Guardian:Gem_Green","floor":26.0},{"not_picked":["Guardian:TemporalStrike","Guardian:GuardianWhirl"],"picked":"Guardian:Gem_Lightblue","floor":28.0},{"not_picked":["Guardian:Gem_White","Guardian:PrimingBeam+1"],"picked":"Guardian:EvasiveProtocol","floor":29.0},{"not_picked":["Guardian:Reroute","Guardian:DonusPower","Guardian:TemporalStrike"],"picked":"SKIP","floor":32.0},{"not_picked":["Guardian:StasisStrike","Guardian:AncientConstruct"],"picked":"Guardian:ExploitGems","floor":33.0},{"not_picked":["Guardian:Gem_Green","Guardian:Reroute"],"picked":"Guardian:PrimingBeam+1","floor":36.0},{"not_picked":["Guardian:CrystalBeam+1","Guardian:Reroute"],"picked":"Guardian:PolyBeam","floor":37.0},{"not_picked":["Guardian:ConstructionForm","Guardian:Gem_Lightblue"],"picked":"Guardian:ShieldCharger+1","floor":38.0},{"not_picked":["Guardian:Reroute+1","Guardian:Gem_Red"],"picked":"Guardian:Gem_Cyan","floor":39.0},{"not_picked":["Guardian:Reroute","Guardian:GuardianWhirl","Guardian:DonusPower"],"picked":"SKIP","floor":40.0},{"not_picked":["Guardian:Repulse","Guardian:VentSteam+1","Guardian:Reroute"],"picked":"SKIP","floor":42.0},{"not_picked":["Guardian:VentSteam+1","Guardian:Incinerate"],"picked":"Guardian:PrimingBeam+1","floor":44.0},{"not_picked":["Guardian:Gem_Lightblue","Guardian:PiercingHide","Guardian:Gem_Crimson"],"picked":"SKIP","floor":45.0},{"not_picked":["Guardian:MultiBeam","Guardian:Planning+1","Guardian:Reroute+1"],"picked":"SKIP","floor":46.0},{"not_picked":["Guardian:CrystalBeam","Guardian:Gem_Red"],"picked":"Guardian:Gem_Blue","floor":47.0},{"not_picked":["Guardian:StasisField","Guardian:RefractedBeam+1"],"picked":"Guardian:Gem_Blue","floor":48.0},{"not_picked":["Guardian:Suspension","Guardian:WalkerClaw+1","Guardian:PiercingHide"],"picked":"SKIP","floor":49}],"player_experience":183964,"relics_obtained":[{"floor":8.0,"key":"relicPack:DarknessArmor"},{"floor":10.0,"key":"CCEMRelics:OverlyComfyChair"},{"floor":24.0,"key":"Grinning Jar"},{"floor":26.0,"key":"HollowMod:StagPassRelic"},{"floor":35.0,"key":"aspiration:StickyExplosives_weak"},{"floor":41.0,"key":"StuffTheSpire:Barrel"},{"floor":42.0,"key":"White Beast Statue"},{"floor":44.0,"key":"aspiration:Lifesprig"}],"event_choices":[],"is_beta":false,"boss_relics":[{"not_picked":["StuffTheSpire:ModemDavis","Cursed Key"],"picked":"Pandora\u0027s Box"},{"not_picked":[]},{"not_picked":["aspiration:RitualDagger","jedi:hotpepper"],"picked":"Empty Cage"},{"not_picked":[]}],"items_purged_floors":[21],"is_endless":false,"potions_floor_spawned":[4,8,11,15,19,20,29,33,40,42,44,45,46,47,48,49],"ascension_level":0}}