{"host":"8qb550oiisecbnz6","time":1608400645,"event":{"mods":["AchievementEnabler","BaseMod","Colored Map","Colored Powertips","Minty Spire (QoL Compilation)","Quick Restart","Slay-I","StSLib"],"gold_per_floor":[114,134,134,59,234,264,277,309,333,333,19,19,42,55,55,176,176,192,192,211,111,160,160,195,195,195,195,195],"floor_reached":27,"playtime":1197,"items_purged":["Defend_B","Doubt"],"score":343,"play_id":"f4f58690-f61c-4df1-a611-45600cd9db8d","local_time":"20201219185725","is_ascension_mode":true,"campfire_choices":[{"data":"Zap","floor":10,"key":"SMITH"},{"data":"Redo","floor":15,"key":"SMITH"},{"data":"Self Repair","floor":23,"key":"SMITH"}],"circlet_count":0,"master_deck":["Zap+1","Dualcast","Redo+1","Self Repair+1","Go for the Eyes","Cold Snap","Static Discharge","Ball Lightning","Multi-Cast","Force Field","Cold Snap","Doom and Gloom","Stack","Conserve Battery","Consume","Sweeping Beam+1"],"relics":["Cracked Core","NeowsBlessing","Boot","Strawberry","Tiny Chest","StoneCalendar","Golden Idol","Pandora\u0027s Box","Eternal Feather","Potion Belt","Toy Ornithopter"],"acts_visited":["Exordium","TheCity"],"potions_floor_usage":[8,24],"damage_taken":[{"damage":0,"enemies":"Small Slimes","floor":1,"turns":1},{"damage":0,"enemies":"2 Louse","floor":2,"turns":1},{"damage":0,"enemies":"Gremlin Nob","floor":6,"turns":1},{"damage":0,"enemies":"Jaw Worm","floor":7,"turns":3},{"damage":3,"enemies":"Lagavulin","floor":8,"turns":7},{"damage":4,"enemies":"Blue Slaver","floor":13,"turns":2},{"damage":10,"enemies":"Lots of Slimes","floor":14,"turns":4},{"damage":13,"enemies":"Hexaghost","floor":16,"turns":9},{"damage":9,"enemies":"3 Byrds","floor":18,"turns":2},{"damage":35,"enemies":"Shell Parasite","floor":20,"turns":5},{"damage":38,"enemies":"Slavers","floor":24,"turns":4},{"damage":16,"enemies":"Shelled Parasite and Fungi","floor":27,"turns":2}],"seed_played":"7700862139168564952","potions_obtained":[{"floor":2,"key":"Block Potion"},{"floor":18,"key":"Explosive Potion"}],"is_trial":false,"path_per_floor":["M","M","?","$","?","E","M","E","T","R","$","?","M","M","R","B",null,"M","?","M","$","T","R","E","T","T","M"],"character_chosen":"DEFECT","items_purchased":["StoneCalendar"],"campfire_rested":0,"item_purchase_floors":[11],"current_hp_per_floor":[68,68,68,68,68,68,75,82,82,82,82,62,58,55,55,49,74,72,72,44,44,44,44,16,16,16,0,0],"gold":195,"neow_bonus":"THREE_ENEMY_KILL","is_daily":false,"chose_seed":false,"campfire_upgraded":3,"win_rate":0.0,"timestamp":1608400645,"path_taken":["M","M","?","$","?","E","M","E","T","R","$","?","M","M","R","BOSS","M","?","?","$","?","R","E","?","T","M"],"items_purchased_type":["Relic"],"build_version":"2020-12-13","purchased_purges":2,"victory":false,"max_hp_per_floor":[75,75,75,75,75,75,75,82,82,82,82,82,82,82,82,82,82,82,82,82,82,82,82,82,82,82,82,82],"card_choices":[{"not_picked":["Steam","Beam Cell"],"picked":"Redo","floor":1},{"not_picked":["Double Energy","Sweeping Beam"],"picked":"Self Repair","floor":2},{"not_picked":["Rebound","Hello World"],"picked":"Go for the Eyes","floor":6},{"not_picked":["Compile Driver","Aggregate"],"picked":"Cold Snap","floor":7},{"not_picked":["Leap","Hologram","Rebound"],"picked":"SKIP","floor":8},{"not_picked":["Reboot","Streamline"],"picked":"Static Discharge","floor":13},{"not_picked":["Hologram","Barrage"],"picked":"Ball Lightning","floor":14},{"not_picked":["Amplify","Fission"],"picked":"Multi-Cast","floor":16},{"not_picked":["Go for the Eyes","Streamline+1","Leap"],"picked":"SKIP","floor":18},{"not_picked":["Beam Cell","Heatsinks","Genetic Algorithm"],"picked":"SKIP","floor":20},{"not_picked":["Seek","Rebound"],"picked":"Sweeping Beam+1","floor":24}],"player_experience":382086,"relics_obtained":[{"floor":6,"key":"Boot"},{"floor":8,"key":"Strawberry"},{"floor":9,"key":"Tiny Chest"},{"floor":24,"key":"Eternal Feather"},{"floor":25,"key":"Potion Belt"},{"floor":26,"key":"Toy Ornithopter"}],"event_choices":[{"cards_removed":["Strike_B"],"damage_healed":0,"gold_gain":0,"player_choice":"Forget","damage_taken":0,"max_hp_gain":0,"max_hp_loss":0,"event_name":"Living Wall","floor":3,"gold_loss":0},{"damage_healed":0,"gold_gain":175,"player_choice":"AGREE","damage_taken":0,"max_hp_gain":0,"max_hp_loss":0,"event_name":"Liars Game","floor":5,"gold_loss":0,"cards_obtained":["Doubt"]},{"damage_healed":0,"gold_gain":0,"player_choice":"Take Damage","damage_taken":20,"relics_obtained":["Golden Idol"],"max_hp_gain":0,"max_hp_loss":0,"event_name":"Golden Idol","floor":12,"gold_loss":0},{"damage_healed":0,"gold_gain":0,"player_choice":"Ignored","damage_taken":0,"max_hp_gain":0,"max_hp_loss":0,"event_name":"N\u0027loth","floor":19,"gold_loss":0}],"is_beta":false,"boss_relics":[{"not_picked":["Calling Bell","Empty Cage"],"picked":"Pandora\u0027s Box"}],"items_purged_floors":[4,21],"is_endless":false,"potions_floor_spawned":[2,8,18],"killed_by":"Shelled Parasite and Fungi","ascension_level":6}}