{"host":"9tzam4717zt8ei1o","time":1608385158,"event":{"mods":["BaseMod","Colored Map","Keyboard Shortcuts","Minty Spire (QoL Compilation)","Quick Restart","StSLib","SuperFastMode"],"gold_per_floor":[119,194,204,204,18,18,49,49,98,111,123,137,166,185,185,262,262,282,11,27,27,45,45,57,57,111,111,31,31,31,62,62,62,62],"floor_reached":33,"playtime":765,"items_purged":["Strike_G","Strike_G"],"score":600,"play_id":"83b7a75d-3975-46bc-bfa4-cb7efec3bb41","local_time":"20201219223918","is_ascension_mode":true,"campfire_choices":[{"data":"Cloak And Dagger","floor":6.0,"key":"SMITH"},{"data":"Accuracy","floor":8.0,"key":"SMITH"},{"floor":15.0,"key":"REST"},{"data":"Neutralize","floor":23,"key":"SMITH"},{"floor":25,"key":"REST"},{"data":"Well Laid Plans","floor":27,"key":"SMITH"},{"floor":30,"key":"REST"},{"data":"Blade Dance","floor":32,"key":"SMITH"}],"circlet_count":0,"master_deck":["AscendersBane","Strike_G","Strike_G","Strike_G","Defend_G","Defend_G","Defend_G","Defend_G","Defend_G","Survivor","Neutralize+1","Cloak And Dagger+1","Accuracy+1","Well Laid Plans+1","Blade Dance+1","Infinite Blades","Grand Finale","Predator"],"relics":["Ring of the Snake","NeowsBlessing","Blue Candle","Torii","Bag of Preparation","Letter Opener","WristBlade","TheAbacus","Toy Ornithopter","Strawberry"],"acts_visited":["Exordium","TheCity"],"potions_floor_usage":[16,22,24,33],"damage_taken":[{"damage":0.0,"enemies":"2 Louse","floor":1.0,"turns":1.0},{"damage":0.0,"enemies":"Small Slimes","floor":3.0,"turns":1.0},{"damage":0.0,"enemies":"3 Sentries","floor":7.0,"turns":1.0},{"damage":1.0,"enemies":"Cultist","floor":10.0,"turns":4.0},{"damage":13.0,"enemies":"Large Slime","floor":11.0,"turns":6.0},{"damage":1.0,"enemies":"Blue Slaver","floor":12.0,"turns":4.0},{"damage":16.0,"enemies":"Lagavulin","floor":13.0,"turns":8.0},{"damage":0.0,"enemies":"2 Fungi Beasts","floor":14.0,"turns":3.0},{"damage":11,"enemies":"Slime Boss","floor":16,"turns":10},{"damage":9,"enemies":"Chosen","floor":18,"turns":3},{"damage":10,"enemies":"Spheric Guardian","floor":20,"turns":4},{"damage":10,"enemies":"Centurion and Healer","floor":22,"turns":5},{"damage":30,"enemies":"Shelled Parasite and Fungi","floor":24,"turns":5},{"damage":32,"enemies":"Colosseum Slavers","floor":29,"turns":4},{"damage":19,"enemies":"Gremlin Leader","floor":31,"turns":6},{"damage":54,"enemies":"Champ","floor":33,"turns":6}],"seed_played":"7756406597389238986","potions_obtained":[{"floor":1.0,"key":"Fruit Juice"},{"floor":12.0,"key":"DuplicationPotion"},{"floor":14.0,"key":"DistilledChaos"},{"floor":20,"key":"SkillPotion"},{"floor":22,"key":"FearPotion"},{"floor":31,"key":"GamblersBrew"}],"is_trial":false,"path_per_floor":["M","?","M","?","$","R","E","R","T","M","M","M","E","M","R","B",null,"M","$","M","?","M","R","M","R","T","R","$","?","R","E","R","B"],"character_chosen":"THE_SILENT","items_purchased":["Cloak And Dagger","Accuracy","TheAbacus","Predator"],"campfire_rested":3,"item_purchase_floors":[5,5,19,28],"current_hp_per_floor":[59,48,48,30,30,30,30,30,30,29,16,15,4,4,25,14,57,48,48,38,71,61,61,31,52,52,52,52,20,41,29,29,0,0],"gold":62,"neow_bonus":"THREE_ENEMY_KILL","is_daily":false,"chose_seed":false,"campfire_upgraded":5,"win_rate":0.0,"timestamp":1608385158,"path_taken":["M","?","M","?","$","R","E","R","T","M","M","M","E","M","R","BOSS","M","$","M","?","?","R","M","R","T","R","$","?","R","E","R","BOSS"],"items_purchased_type":["Card","Card","Relic","Card"],"build_version":"2020-12-13","purchased_purges":2,"victory":false,"max_hp_per_floor":[66,66,66,66,66,66,66,66,66,66,66,66,71,71,71,71,71,71,71,71,71,71,71,71,71,71,71,71,71,71,78,78,78,78],"card_choices":[{"not_picked":["Skewer","All Out Attack","Well Laid Plans"],"picked":"SKIP","floor":1.0},{"not_picked":["Deflect","Dagger Throw"],"picked":"Heel Hook","floor":3.0},{"not_picked":["Flying Knee","Distraction","Sucker Punch"],"picked":"SKIP","floor":7.0},{"not_picked":["Acrobatics","Terror"],"picked":"Well Laid Plans","floor":10.0},{"not_picked":["Concentrate","Poisoned Stab"],"picked":"Blade Dance","floor":11.0},{"not_picked":["Expertise","Underhanded Strike","Setup"],"picked":"SKIP","floor":12.0},{"not_picked":["All Out Attack","Poisoned Stab"],"picked":"Infinite Blades","floor":13.0},{"not_picked":["PiercingWail","Dodge and Roll","Poisoned Stab"],"picked":"SKIP","floor":14.0},{"not_picked":["Tools of the Trade","Phantasmal Killer"],"picked":"Grand Finale","floor":16},{"not_picked":["Accuracy","Bane","Sucker Punch"],"picked":"SKIP","floor":18},{"not_picked":["Infinite Blades","Dagger Spray","Deadly Poison+1"],"picked":"SKIP","floor":20},{"not_picked":["Caltrops","Sucker Punch","PiercingWail"],"picked":"SKIP","floor":22},{"not_picked":["Infinite Blades+1","Dagger Spray","Outmaneuver"],"picked":"SKIP","floor":24},{"not_picked":["Deflect","Bouncing Flask","Quick Slash"],"picked":"SKIP","floor":31}],"player_experience":93584,"relics_obtained":[{"floor":7.0,"key":"Torii"},{"floor":9.0,"key":"Bag of Preparation"},{"floor":13.0,"key":"Letter Opener"},{"floor":26,"key":"Toy Ornithopter"},{"floor":31,"key":"Strawberry"}],"event_choices":[{"damage_healed":0.0,"max_hp_gain":0.0,"max_hp_loss":0.0,"gold_gain":75.0,"event_name":"World of Goop","player_choice":"Gather Gold","floor":2.0,"gold_loss":0.0,"damage_taken":11.0},{"damage_healed":0.0,"max_hp_gain":0.0,"max_hp_loss":0.0,"gold_gain":0.0,"event_name":"Scrap Ooze","player_choice":"Success","floor":4.0,"gold_loss":0.0,"damage_taken":18.0,"relics_obtained":["Blue Candle"]},{"cards_removed":["Heel Hook"],"damage_healed":33,"gold_gain":0,"player_choice":"Offered Uncommon","damage_taken":0,"max_hp_gain":0,"max_hp_loss":0,"event_name":"Bonfire Elementals","floor":21,"gold_loss":0},{"damage_healed":0,"gold_gain":0,"player_choice":"Fight","damage_taken":0,"max_hp_gain":0,"max_hp_loss":0,"event_name":"Colosseum","floor":29,"gold_loss":0},{"damage_healed":0,"gold_gain":0,"player_choice":"Fled From Nobs","damage_taken":0,"max_hp_gain":0,"max_hp_loss":0,"event_name":"Colosseum","floor":29,"gold_loss":0}],"is_beta":false,"boss_relics":[{"not_picked":["Velvet Choker","Busted Crown"],"picked":"WristBlade"}],"items_purged_floors":[5,19],"is_endless":false,"potions_floor_spawned":[1,12,14,20,22,31],"killed_by":"Champ","ascension_level":20}}