{"host":"mqhvlr3kpxebko0t","time":1608357926,"event":{"mods":["AchievementEnabler","BaseMod","Colored Map","Colored Powertips","Keyboard Shortcuts","Minty Spire (QoL Compilation)","StSLib","SuperFastMode"],"gold_per_floor":[114,125,135,60,80,80,93,93,116,147,147,72,72,72,72,72,72],"floor_reached":16,"playtime":188,"items_purged":["Strike_R"],"score":200,"play_id":"23061c14-a6c6-459d-b288-e607705f75a6","local_time":"20201219150526","is_ascension_mode":true,"campfire_choices":[{"data":"Bash","floor":6.0,"key":"SMITH"},{"data":"Blood for Blood","floor":8.0,"key":"SMITH"},{"data":"Wild Strike","floor":11.0,"key":"SMITH"},{"data":"Dropkick","floor":15.0,"key":"SMITH"}],"circlet_count":0,"master_deck":["AscendersBane","Strike_R","Strike_R","Defend_R","Defend_R","Defend_R","Defend_R","Bash+1","Dropkick+1","Wild Strike+1","Blood for Blood+1","Dropkick"],"relics":["Burning Blood","MealTicket","Blood Vial","Strawberry"],"acts_visited":["Exordium"],"potions_floor_usage":[],"damage_taken":[{"damage":12.0,"enemies":"Cultist","floor":1.0,"turns":4.0},{"damage":9.0,"enemies":"Jaw Worm","floor":2.0,"turns":5.0},{"damage":9.0,"enemies":"2 Louse","floor":3.0,"turns":3.0},{"damage":29.0,"enemies":"Large Slime","floor":5.0,"turns":7.0},{"damage":11.0,"enemies":"Blue Slaver","floor":7.0,"turns":3.0},{"damage":23.0,"enemies":"Lagavulin","floor":10.0,"turns":7.0},{"damage":11,"enemies":"The Guardian","floor":16,"turns":5}],"seed_played":"1016403510785367324","potions_obtained":[{"floor":3.0,"key":"SteroidPotion"},{"floor":5.0,"key":"EssenceOfSteel"}],"is_trial":false,"path_per_floor":["M","M","M","?","M","R","M","R","T","E","R","$","?","?","R","B"],"character_chosen":"IRONCLAD","items_purchased":[],"campfire_rested":0,"item_purchase_floors":[],"current_hp_per_floor":[69,66,63,63,40,40,35,35,35,18,18,33,26,28,28,19,19],"gold":72,"neow_bonus":"TEN_PERCENT_HP_BONUS","is_daily":false,"chose_seed":false,"campfire_upgraded":4,"win_rate":0.0,"timestamp":1608357926,"path_taken":["M","M","?","?","M","R","M","R","T","E","R","$","?","?","R","BOSS"],"items_purchased_type":[],"build_version":"2020-12-13","purchased_purges":1,"victory":false,"max_hp_per_floor":[82,82,82,82,82,82,82,82,82,82,82,82,82,89,89,89,89],"card_choices":[{"not_picked":["True Grit","Pummel","Clothesline"],"picked":"SKIP","floor":1.0},{"not_picked":["Iron Wave","True Grit"],"picked":"Dropkick","floor":2.0},{"not_picked":["Entrench","Heavy Blade","Warcry"],"picked":"SKIP","floor":3.0},{"not_picked":["Warcry","Armaments"],"picked":"Wild Strike","floor":5.0},{"not_picked":["Clash","Thunderclap"],"picked":"Blood for Blood","floor":7.0},{"not_picked":["Ghostly Armor","Shockwave"],"picked":"Dropkick","floor":10.0}],"player_experience":645866,"relics_obtained":[{"floor":9.0,"key":"MealTicket"},{"floor":10.0,"key":"Blood Vial"}],"event_choices":[{"cards_removed":["Strike_R"],"damage_healed":0.0,"max_hp_gain":0.0,"max_hp_loss":0.0,"gold_gain":0.0,"event_name":"The Cleric","player_choice":"Card Removal","floor":4.0,"gold_loss":75.0,"damage_taken":0.0},{"cards_removed":["Strike_R"],"damage_healed":0.0,"max_hp_gain":0.0,"max_hp_loss":0.0,"gold_gain":0.0,"event_name":"Golden Wing","player_choice":"Card Removal","floor":13.0,"gold_loss":0.0,"damage_taken":7.0},{"damage_healed":0.0,"max_hp_gain":0.0,"max_hp_loss":0.0,"gold_gain":0.0,"event_name":"Scrap Ooze","player_choice":"Success","floor":14.0,"gold_loss":0.0,"damage_taken":5.0,"relics_obtained":["Strawberry"]}],"is_beta":false,"boss_relics":[],"items_purged_floors":[12],"is_endless":false,"potions_floor_spawned":[3,5],"killed_by":"The Guardian","ascension_level":20}}