{"host":"kstmajdnxm8lto3o","time":1608338366,"event":{"mods":["Aspiration","BaseMod","Better Third Choice","BetterRewards","CCEM","Conspire","Downfall","Gremlin Skip","Highlight Path","Hubris","Minty Spire (QoL Compilation)","Replay The Spire","Shop Mod","Spicy Shops","StSLib"],"gold_per_floor":[119,134,153,153,143,177,177,212,212,212,228,228,240,240,240,240,240],"floor_reached":16,"playtime":729,"items_purged":[],"score":118,"play_id":"83a9d3c6-981c-4889-b725-bbef7c838e68","local_time":"20201218193926","is_ascension_mode":true,"campfire_choices":[{"data":"Fusion","floor":7,"key":"SMITH"},{"floor":10,"key":"REST"},{"data":"Zap","floor":12,"key":"SMITH"},{"floor":15,"key":"REST"}],"circlet_count":0,"master_deck":["Strike_B","Strike_B","Strike_B","Strike_B","Defend_B","Defend_B","Defend_B","Defend_B","Zap+1","Dualcast","Coolheaded","Go for the Eyes","Cold Snap","Fusion+1","Melter","Streamline","Panic Button","Darkness"],"relics":["Cracked Core","Ginger","Blood Vial","hubris:64BitClover","Replay:Wax Seal"],"acts_visited":["Exordium"],"potions_floor_usage":[6],"damage_taken":[{"damage":1,"enemies":"Cultist","floor":1,"turns":3},{"damage":8,"enemies":"2 Louse","floor":2,"turns":2},{"damage":0,"enemies":"Small Slimes","floor":3,"turns":3},{"damage":3,"enemies":"Exordium Thugs","floor":5,"turns":4},{"damage":21,"enemies":"Gremlin Nob","floor":6,"turns":4},{"damage":22,"enemies":"Lagavulin","floor":8,"turns":9},{"damage":3,"enemies":"2 Fungi Beasts","floor":11,"turns":3},{"damage":12,"enemies":"Exordium Wildlife","floor":13,"turns":4},{"damage":46,"enemies":"Hexaghost","floor":16,"turns":9}],"seed_played":"-3982120316378031286","potions_obtained":[{"floor":5,"key":"Death Potion"},{"floor":6,"key":"SmokeBomb"},{"floor":8,"key":"SkillPotion"}],"is_trial":false,"path_per_floor":["M","M","M","$","M","E","R","E","T","R","M","R","M","?","R","B"],"character_chosen":"DEFECT","items_purchased":[],"campfire_rested":2,"item_purchase_floors":[],"current_hp_per_floor":[67,59,59,59,56,35,35,15,15,35,34,34,24,24,44,0,0],"gold":240,"neow_bonus":"ONE_RARE_RELIC","is_daily":false,"chose_seed":false,"campfire_upgraded":2,"win_rate":0.0,"timestamp":1608338366,"path_taken":["M","?","M","?","M","E","R","E","T","R","?","R","M","?","R","BOSS"],"items_purchased_type":[],"build_version":"2020-12-13","purchased_purges":0,"victory":false,"max_hp_per_floor":[68,68,68,68,68,68,68,68,68,68,68,68,68,68,68,68,68],"card_choices":[{"not_picked":["Stack","Beam Cell"],"picked":"Coolheaded","floor":1},{"not_picked":["Steam","Double Energy"],"picked":"Go for the Eyes","floor":2},{"not_picked":["Glacier","Force Field","Beam Cell"],"picked":"SKIP","floor":3},{"not_picked":["Barrage","Redo"],"picked":"Cold Snap","floor":5},{"not_picked":["ReplayTheSpireMod:GoodbyeWorld","Capacitor"],"picked":"Fusion","floor":6},{"not_picked":["Tempest","Rebound"],"picked":"Melter","floor":8},{"not_picked":["Hologram","Coolheaded"],"picked":"Streamline","floor":11},{"not_picked":["Turbo","Compile Driver"],"picked":"Panic Button","floor":13}],"player_experience":462463,"relics_obtained":[{"floor":6,"key":"Blood Vial"},{"floor":8,"key":"hubris:64BitClover"},{"floor":9,"key":"Replay:Wax Seal"}],"event_choices":[{"damage_healed":0,"gold_gain":0,"player_choice":"1 cards matched","damage_taken":0,"max_hp_gain":0,"max_hp_loss":0,"event_name":"Match and Keep!","floor":14,"gold_loss":0,"cards_obtained":["Darkness"]}],"is_beta":false,"boss_relics":[],"items_purged_floors":[],"is_endless":false,"potions_floor_spawned":[5,6,8],"killed_by":"Hexaghost","ascension_level":1}}