{"host":"2c1pg2m9wpz3w4c0","time":1608345695,"event":{"mods":["AchievementEnabler","Act Like it!","Aspiration","BaseMod","Better Note","BetterRewards","Disable Question Mark Monsters","Halation","Hubris","Infinite Spire","Lotus Mark","Marisa????????","Minty Spire (QoL Compilation)","Replay The Spire","StSLib","SuperFastMode","The Clintock","The Jungle","The Runesmith","Transform Curses"],"gold_per_floor":[126,156,208,208,232,232,232,232,232,232,332,370,408,408,548,548,576,576,576,576,596,596],"floor_reached":22,"playtime":781,"items_purged":[],"score":272,"play_id":"b8abd8fe-fae0-4dae-b793-2b59ef7bc049","local_time":"20201218194135","is_ascension_mode":false,"campfire_choices":[{"data":"infinitespire:OneForAll","floor":6,"key":"SMITH"},{"data":"Disarm","floor":8,"key":"SMITH"},{"data":"hubris:ReadiedAction","floor":10,"key":"SMITH"},{"floor":15,"key":"DIG"}],"circlet_count":0,"master_deck":["Strike_R","Strike_R","Strike_R","Strike_R","Strike_R","Defend_R","Defend_R","Defend_R","Defend_R","Bash","Shrug It Off","Warcry","Blood for Blood","Pummel","hubris:ReadiedAction+1","Injury","infinitespire:OneForAll+1","Disarm+1","Hemogenesis","Iron Wave","Berserk","Flex","Apotheosis+1"],"relics":["Burning Blood","Replay:Bandana","Red Skull","Golden Idol","hubris:Teleporter","Darkstone Periapt","halation:HeavySnake"],"acts_visited":["Exordium","theJungle:Jungle"],"potions_floor_usage":[2,16,16,18],"damage_taken":[{"damage":1,"enemies":"Cultist","floor":1,"turns":4},{"damage":0,"enemies":"2 Louse","floor":2,"turns":2},{"damage":13,"enemies":"Jaw Worm","floor":5,"turns":4},{"damage":6,"enemies":"Looter","floor":12,"turns":5},{"damage":3,"enemies":"Large Slime","floor":13,"turns":6},{"damage":47,"enemies":"Slime Boss","floor":16,"turns":17},{"damage":3,"enemies":"theJungle:5_Spyders","floor":18,"turns":13},{"damage":177,"enemies":"theJungle:MUSHROOMGANG","floor":22,"turns":5}],"seed_played":"2677502776544456616","potions_obtained":[{"floor":1,"key":"Fire Potion"},{"floor":5,"key":"Toxic Potion"},{"floor":16,"key":"Languid Potion"},{"floor":19,"key":"Cursed Concoction"},{"floor":19,"key":"Elixir"},{"floor":19,"key":"Energy Potion"}],"is_trial":false,"path_per_floor":["M","M","T","?","M","R","?","R","T","R","?","M","M","R","B",null,"M","?","?","?","M"],"character_chosen":"IRONCLAD","items_purchased":["Replay:Bandana","Shrug It Off","Warcry","Blood for Blood","Swift Potion"],"campfire_rested":0,"item_purchase_floors":[0,0,0,0,0],"current_hp_per_floor":[72,78,78,78,71,71,71,71,71,71,71,71,80,80,44,80,80,80,80,80,0,0],"gold":596,"neow_bonus":"","is_daily":false,"chose_seed":false,"campfire_upgraded":3,"win_rate":0.0,"timestamp":1608345695,"path_taken":["M","M","?","?","?","R","?","R","T","R","?","?","M","R","BOSS","M","?","?","?","?"],"items_purchased_type":["Relic","Card","Card","Card","Potion"],"build_version":"2020-12-13","purchased_purges":0,"victory":false,"max_hp_per_floor":[80,80,80,80,80,80,80,80,80,80,80,80,80,80,80,80,80,80,80,80,80,80],"card_choices":[{"not_picked":["Armaments","Combust"],"picked":"Pummel","floor":1},{"not_picked":["Clash","Fire Breathing"],"picked":"hubris:ReadiedAction","floor":2},{"not_picked":["True Grit","ReplayTheSpireMod:LeadingStrike"],"picked":"infinitespire:OneForAll","floor":5},{"not_picked":["Dropkick","Thunderclap"],"picked":"Hemogenesis","floor":12},{"not_picked":["infinitespire:OneForAll","Warcry"],"picked":"Iron Wave","floor":13},{"not_picked":["Brutality","Bludgeon"],"picked":"Berserk","floor":16},{"not_picked":["Flame Barrier","Seeing Red"],"picked":"Flex","floor":18}],"player_experience":1126715,"relics_obtained":[{"floor":3,"key":"Red Skull"},{"floor":9,"key":"hubris:Teleporter"},{"floor":15,"key":"Darkstone Periapt"}],"event_choices":[{"damage_healed":0,"gold_gain":0,"player_choice":"Take Wound","damage_taken":0,"relics_obtained":["Golden Idol"],"max_hp_gain":0,"max_hp_loss":0,"event_name":"Golden Idol","floor":4,"gold_loss":0,"cards_obtained":["Injury"]},{"damage_healed":0,"gold_gain":100,"player_choice":"Pray","damage_taken":0,"max_hp_gain":0,"max_hp_loss":0,"event_name":"Golden Shrine","floor":11,"gold_loss":0},{"damage_healed":0,"gold_gain":0,"player_choice":"Got Potions","damage_taken":0,"max_hp_gain":0,"max_hp_loss":0,"event_name":"Lab","floor":19,"gold_loss":0},{"cards_removed":["hubris:ReadiedAction"],"damage_healed":0,"gold_gain":0,"player_choice":"Take \u0026 Give","damage_taken":0,"max_hp_gain":0,"max_hp_loss":0,"event_name":"betterNote:BetterNote","floor":20,"gold_loss":0,"cards_obtained":["Apotheosis"]}],"is_beta":false,"boss_relics":[{"not_picked":["ReplayTheSpireMod:DimensionalGlitch","Fusion Hammer"],"picked":"halation:HeavySnake"}],"items_purged_floors":[],"is_endless":false,"potions_floor_spawned":[1,5,16],"killed_by":"theJungle:MUSHROOMGANG","ascension_level":0}}