{"host":"h792lphzw6wlba86","time":1608346093,"event":{"mods":["AchievementEnabler","Aspiration","BaseMod","Better Altar","Better Match","Better Note","Better Sensory Stone","Better Skull","Better Third Choice","BetterRewards","CCEM","Colored Map","Conspire","Downfall","GifTheSpireLib","Googly Eyes","Halation","Highlight Path","Hubris","Hunter ??","Jedi Mod","Mimic Mod","Minty Spire (QoL Compilation)","Permanent Neow","Replay The Spire","Shop Mod","Spicy Shops","StSLib","Stuff the Spire","The Jungle","Unceasing Turn Reminder","everything is the same but u backflip on backflip","slay the spire mod where everything is the same but ironclad has a cowboy hat"],"gold_per_floor":[99,127,147,147,160,85,125,125,139,139,12,38,65,65,100,100,100],"floor_reached":16,"playtime":1350,"items_purged":["hexamod:Strike"],"score":112,"play_id":"276fccec-fe4d-4968-a7e5-a9027ed2f3e6","local_time":"20201218204813","is_ascension_mode":true,"campfire_choices":[{"floor":1,"key":"RECALL"},{"floor":6,"key":"REST"},{"floor":8,"key":"REST"},{"data":"hexamod:Sear","floor":10,"key":"SMITH"}],"circlet_count":0,"master_deck":["hexamod:Strike","hexamod:Strike","hexamod:Defend","hexamod:Defend","hexamod:Defend","hexamod:Defend","hexamod:Sear+1","hexamod:Float+1","hexamod:PhantomCloak","hexamod:ThermalTransfer","hexamod:FastForward","hexamod:ExtraCrispy","hexamod:SecondSeal","hexamod:ThirdSeal","hexamod:Haunt","hexamod:SecondSeal","hexamod:SixthSeal","hexamod:Hexaguard","hexamod:PhantomCloak","hexamod:Hexaguard","hexamod:GhostShield"],"relics":["halation:Yufonium","jedi:shrinkray","downfall:HeartBlessingRed","halation:LettersToHer","downfall:BrokenWingStatue"],"acts_visited":["Exordium"],"potions_floor_usage":[13,16,16],"damage_taken":[{"damage":51,"enemies":"Lagavulin","floor":2,"turns":11},{"damage":0,"enemies":"Small Slimes","floor":3,"turns":3},{"damage":0,"enemies":"Cultist","floor":5,"turns":5},{"damage":1,"enemies":"Jaw Worm","floor":7,"turns":9},{"damage":0,"enemies":"Jaw Worm","floor":9,"turns":3},{"damage":0,"enemies":"downfall:FleeingMerchant","floor":11,"turns":4},{"damage":12,"enemies":"Large Slime","floor":12,"turns":7},{"damage":15,"enemies":"Red Slaver","floor":13,"turns":5},{"damage":8,"enemies":"Blue Slaver","floor":15,"turns":6},{"damage":25,"enemies":"downfall:Defect","floor":16,"turns":4}],"seed_played":"8006925407010857883","potions_obtained":[{"floor":9,"key":"BlessingOfTheForge"},{"floor":12,"key":"DuplicationPotion"},{"floor":13,"key":"SkillPotion"},{"floor":15,"key":"AttackPotion"}],"is_trial":false,"path_per_floor":["R","E","M","?","M","R","MIM","R","M","R","$","M","M","?","M","B"],"character_chosen":"THE_SPIRIT","items_purchased":["hexamod:ThirdSeal"],"campfire_rested":2,"item_purchase_floors":[11],"current_hp_per_floor":[70,19,19,19,19,40,39,60,60,60,60,48,33,33,25,0,0],"gold":100,"neow_bonus":"BOSS_RELIC","is_daily":false,"chose_seed":false,"campfire_upgraded":1,"win_rate":0.0,"timestamp":1608346093,"path_taken":["R","E","M","?","M","R","MIM","R","M","R","$","M","M","?","M","BOSS"],"items_purchased_type":["Card"],"build_version":"2020-12-13","purchased_purges":1,"victory":false,"max_hp_per_floor":[70,70,70,70,70,70,70,70,70,70,70,70,70,70,70,70,70],"card_choices":[{"not_picked":["hexamod:RainOfEmbers","hexamod:GhostLash"],"picked":"hexamod:PhantomCloak","floor":2},{"not_picked":["hexamod:RadiantFlame","hexamod:BurningTouch"],"picked":"hexamod:ThermalTransfer","floor":3},{"not_picked":["hexamod:BacktrackSmack","hexamod:GhostShield"],"picked":"hexamod:FastForward","floor":5},{"not_picked":["hexamod:PhantomFireball","hexamod:RainOfEmbers"],"picked":"hexamod:ExtraCrispy","floor":9},{"not_picked":["hexamod:InspiringFlames","hexamod:ShieldOfDarkness"],"picked":"hexamod:SecondSeal","floor":11},{"not_picked":["hexamod:SkipABeat","hexamod:Firestarter"],"picked":"hexamod:Haunt","floor":12},{"not_picked":["hexamod:ShieldOfDarkness","hexamod:SpectersWail"],"picked":"hexamod:SecondSeal","floor":12},{"not_picked":["hexamod:HauntingEcho","hexamod:NecessarySacrifice"],"picked":"hexamod:SixthSeal","floor":13},{"not_picked":["hexamod:Incineration","hexamod:HauntingEcho"],"picked":"hexamod:Hexaguard","floor":13},{"not_picked":["hexamod:InspiringFlames","hexamod:NightmareGuise"],"picked":"hexamod:PhantomCloak","floor":13},{"not_picked":["hexamod:ShieldOfDarkness","hexamod:StepThrough"],"picked":"hexamod:Hexaguard","floor":15},{"not_picked":["hexamod:HauntingEcho","hexamod:NightmareGuise"],"picked":"hexamod:GhostShield","floor":15}],"player_experience":636638,"relics_obtained":[{"floor":2,"key":"jedi:shrinkray"},{"floor":7,"key":"halation:LettersToHer"}],"event_choices":[{"cards_removed":["hexamod:Strike"],"damage_healed":0,"gold_gain":0,"player_choice":"Offered Basic","damage_taken":0,"max_hp_gain":0,"max_hp_loss":0,"event_name":"Bonfire Elementals","floor":4,"gold_loss":0}],"is_beta":false,"boss_relics":[],"items_purged_floors":[11],"is_endless":false,"potions_floor_spawned":[9,12,13,15],"killed_by":"downfall:Defect","ascension_level":2}}