{"host":"dbype2gqrluuwp1a","time":1608417950,"event":{"mods":["AchievementEnabler","BaseMod","Bestiary","Colored Map","DeckTracker","Googly Eyes","Highlight Path","Keyboard Shortcuts","Minty Spire (QoL Compilation)","Quick Restart","Rare Cards Sparkle","Relic Stats","StSLib"],"gold_per_floor":[116,116,134,134,134,160,179,179,179,205,216,16,32,32,32,132,132,142,142,159,74,88,88,122,134,146,158,21,21,36,48,48,48,48],"floor_reached":33,"playtime":2975,"items_purged":[],"score":289,"play_id":"3c7453cd-6f49-4637-ad12-23d4c375a586","local_time":"20201219144550","is_ascension_mode":true,"campfire_choices":[{"floor":8.0,"key":"REST"},{"floor":15.0,"key":"REST"},{"floor":23.0,"key":"REST"},{"floor":25,"key":"REST"},{"floor":29,"key":"RECALL"},{"floor":32,"key":"REST"}],"circlet_count":0,"master_deck":["Strike_R","Strike_R","Strike_R","Strike_R+1","Defend_R+1","Defend_R","Defend_R","Defend_R","Pommel Strike","Flex","Ghostly Armor","Bash","Shrug It Off","Fiend Fire","Thunderclap","Shockwave","Headbutt","Seeing Red","Fire Breathing","Perfected Strike","Dropkick","Shrug It Off","Berserk","Pummel","Body Slam","Battle Trance+1","Entrench","Berserk","Rampage","Havoc"],"relics":["Burning Blood","InkBottle","The Courier","Kunai","Philosopher\u0027s Stone","Self Forming Clay","MawBank","Lee\u0027s Waffle"],"acts_visited":[],"potions_floor_usage":[31,33],"damage_taken":[{"damage":0.0,"enemies":"2 Louse","floor":1.0,"turns":3.0},{"damage":7.0,"enemies":"Jaw Worm","floor":3.0,"turns":3.0},{"damage":34.0,"enemies":"3 Sentries","floor":6.0,"turns":14.0},{"damage":0.0,"enemies":"Cultist","floor":7.0,"turns":3.0},{"damage":12.0,"enemies":"Lagavulin","floor":10.0,"turns":6.0},{"damage":0.0,"enemies":"Exordium Thugs","floor":11.0,"turns":1.0},{"damage":0.0,"enemies":"2 Fungi Beasts","floor":13.0,"turns":3.0},{"damage":70.0,"enemies":"Hexaghost","floor":16.0,"turns":13.0},{"damage":3.0,"enemies":"2 Thieves","floor":18.0,"turns":3.0},{"damage":14.0,"enemies":"Shell Parasite","floor":20.0,"turns":5.0},{"damage":24.0,"enemies":"Shelled Parasite and Fungi","floor":22.0,"turns":5.0},{"damage":49.0,"enemies":"Slavers","floor":24.0,"turns":6.0},{"damage":33,"enemies":"Snake Plant","floor":30,"turns":5},{"damage":27,"enemies":"Centurion and Healer","floor":31,"turns":8},{"damage":64,"enemies":"Automaton","floor":33,"turns":6}],"seed_played":"3311078078579138132","potions_obtained":[{"floor":7.0,"key":"AttackPotion"},{"floor":10.0,"key":"SneckoOil"},{"floor":13.0,"key":"GamblersBrew"},{"floor":22.0,"key":"SneckoOil"},{"floor":24.0,"key":"ElixirPotion"},{"floor":31,"key":"Block Potion"}],"is_trial":false,"path_per_floor":["M","?","M","?","?","E","M","R","T","E","M","$","M","$","R","B",null,"M","?","M","?","M","R","E","R","T","?","$","R","M","M","R","B"],"character_chosen":"IRONCLAD","items_purchased":["Fire Breathing","Perfected Strike","Dropkick","Fire Potion","Lee\u0027s Waffle","Rampage"],"campfire_rested":5,"item_purchase_floors":[12,12,12,12,28,28],"current_hp_per_floor":[72,58,57,50,50,22,28,49,49,43,49,49,55,55,72,8,72,72,65,57,57,39,60,17,38,38,38,79,79,52,31,54,0,0],"gold":48,"neow_bonus":"TRANSFORM_TWO_CARDS","is_daily":false,"chose_seed":false,"campfire_upgraded":0,"win_rate":0.0,"timestamp":1608417950,"path_taken":["M","?","M","?","?","E","?","R","T","E","M","$","M","?","R","BOSS","M","?","?","?","M","R","E","R","T","?","$","R","?","M","R","BOSS"],"items_purchased_type":["Card","Card","Card","Potion","Relic","Card"],"build_version":"2020-12-13","purchased_purges":0,"victory":false,"max_hp_per_floor":[72,72,72,72,72,72,72,72,72,72,72,72,72,72,72,72,72,72,72,72,72,72,72,72,72,72,72,79,79,79,79,79,79,79],"relic_stats":{"Lee\u0027s Waffle":41,"counters":[15,84],"Self Forming Clay":[57],"Kunai":[16],"MawBank":48,"obtain_stats":[{"Lee\u0027s Waffle":28,"Self Forming Clay":21,"Philosopher\u0027s Stone":17,"The Courier":9,"Kunai":10,"MawBank":24,"Burning Blood":0,"InkBottle":6},{"Lee\u0027s Waffle":12,"Self Forming Clay":10,"Philosopher\u0027s Stone":8,"The Courier":4,"Kunai":5,"MawBank":12,"Burning Blood":0,"InkBottle":3},{"Lee\u0027s Waffle":65,"Self Forming Clay":54,"Philosopher\u0027s Stone":46,"The Courier":23,"Kunai":29,"MawBank":65,"Burning Blood":0,"InkBottle":20}],"Burning Blood":75,"InkBottle":[22]},"card_choices":[{"not_picked":["Iron Wave","Warcry"],"picked":"Flex","floor":1.0},{"not_picked":["Clothesline","Shockwave"],"picked":"Ghostly Armor","floor":3.0},{"not_picked":["Iron Wave","Bloodletting"],"picked":"Thunderclap","floor":6.0},{"not_picked":["Clash","Iron Wave"],"picked":"Shockwave","floor":7.0},{"not_picked":["Pommel Strike","Iron Wave"],"picked":"Headbutt","floor":10.0},{"not_picked":["Thunderclap","Heavy Blade"],"picked":"Seeing Red","floor":11.0},{"not_picked":["Heavy Blade","Evolve"],"picked":"Shrug It Off","floor":13.0},{"not_picked":["Limit Break","Corruption"],"picked":"Berserk","floor":16.0},{"not_picked":["Flex","Heavy Blade"],"picked":"Pummel","floor":18.0},{"not_picked":["Anger","Clash+1"],"picked":"Body Slam","floor":20.0},{"not_picked":["Burning Pact","Second Wind"],"picked":"Battle Trance+1","floor":22.0},{"not_picked":["Iron Wave+1","Dark Embrace+1"],"picked":"Entrench","floor":24.0},{"not_picked":["Disarm","Thunderclap"],"picked":"Havoc","floor":30},{"not_picked":["Searing Blow","Havoc","Pommel Strike"],"picked":"SKIP","floor":31}],"player_experience":285538,"relics_obtained":[{"floor":6.0,"key":"InkBottle"},{"floor":9.0,"key":"The Courier"},{"floor":10.0,"key":"Kunai"},{"floor":24.0,"key":"MawBank"}],"event_choices":[{"damage_healed":0.0,"max_hp_gain":0.0,"max_hp_loss":0.0,"gold_gain":0.0,"event_name":"Shining Light","player_choice":"Entered Light","floor":2.0,"gold_loss":0.0,"damage_taken":14.0,"cards_upgraded":["Defend_R","Strike_R"]},{"cards_removed":["Sever Soul"],"damage_healed":0.0,"max_hp_gain":0.0,"max_hp_loss":0.0,"gold_gain":0.0,"event_name":"Golden Wing","player_choice":"Card Removal","floor":4.0,"gold_loss":0.0,"damage_taken":7.0},{"damage_healed":0.0,"max_hp_gain":0.0,"max_hp_loss":0.0,"gold_gain":0.0,"event_name":"Match and Keep!","player_choice":"3 cards matched","floor":5.0,"gold_loss":0.0,"damage_taken":0.0,"cards_obtained":["Bash","Shrug It Off","Fiend Fire"]},{"damage_healed":0.0,"max_hp_gain":0.0,"max_hp_loss":0.0,"gold_gain":0.0,"event_name":"Wheel of Change","player_choice":"Damaged","floor":19.0,"gold_loss":0.0,"damage_taken":7.0},{"damage_healed":0.0,"max_hp_gain":0.0,"max_hp_loss":0.0,"gold_gain":0.0,"event_name":"Addict","player_choice":"Obtained Relic","floor":21.0,"gold_loss":85.0,"damage_taken":0.0,"relics_obtained":["Self Forming Clay"]},{"damage_healed":0,"gold_gain":0,"player_choice":"Copied","damage_taken":0,"max_hp_gain":0,"max_hp_loss":0,"event_name":"Duplicator","floor":27,"gold_loss":0,"cards_obtained":["Berserk"]}],"is_beta":false,"boss_relics":[{"not_picked":["Cursed Key","Busted Crown"],"picked":"Philosopher\u0027s Stone"}],"items_purged_floors":[],"is_endless":false,"potions_floor_spawned":[7,10,13,22,24,31],"killed_by":"Automaton","ascension_level":1}}