{"host":"8e3sp1tozjyrh64l","time":1608408945,"event":{"mods":["BaseMod","Better Altar","Better Match","Better Sensory Stone","Better Silent Start","Better Skull","Better Third Choice","BetterRewards","Defuse TimeMaze Blight","Infinite Spire","Minty Spire (QoL Compilation)","Permanent Neow","Rare Cards Sparkle","Relic Sorter","Shop Mod","Spicy Shops","StSLib","SuperFastMode"],"gold_per_floor":[114,114,37,212,227,227,262,262,287,316,316,339,359,390,390,490,490,490],"floor_reached":17,"playtime":367,"items_purged":[],"score":285,"play_id":"82710bd6-5f6e-49f8-9739-a9ddc72c999e","local_time":"20201219131545","is_ascension_mode":true,"campfire_choices":[{"floor":6,"key":"REST"},{"floor":8,"key":"REST"},{"data":"Caltrops","floor":15,"key":"SMITH"}],"circlet_count":0,"master_deck":["Strike_G","Strike_G","Strike_G+1","Strike_G+1","Defend_G","Defend_G+1","Defend_G","Defend_G+1","Survivor","Neutralize+1","Infinite Blades","Terror+1","Caltrops+1","Adrenaline","Malaise"],"relics":["Ring of the Snake","ClockworkSouvenir","Ginger","Orichalcum","Ornamental Fan","Regal Pillow","Question Card","Anchor","Matryoshka","Whetstone","Happy Flower","War Paint"],"acts_visited":["Exordium","TheCity"],"potions_floor_usage":[16],"damage_taken":[{"damage":0,"enemies":"2 Louse","floor":1,"turns":2},{"damage":0,"enemies":"Jaw Worm","floor":5,"turns":3},{"damage":31,"enemies":"Lagavulin","floor":7,"turns":8},{"damage":11,"enemies":"Gremlin Nob","floor":10,"turns":5},{"damage":0,"enemies":"infinitespire:Voidling","floor":13,"turns":3},{"damage":6,"enemies":"Lagavulin","floor":14,"turns":6},{"damage":9,"enemies":"Hexaghost","floor":16,"turns":7}],"seed_played":"4234874337658839883","potions_obtained":[{"floor":10,"key":"CultistPotion"},{"floor":14,"key":"Strength Potion"},{"floor":16,"key":"Poison Potion"}],"is_trial":false,"path_per_floor":["M","?","$","?","M","R","E","R","T","E","?","T","M","E","R","B",null],"character_chosen":"THE_SILENT","items_purchased":["ClockworkSouvenir","Ginger","Orichalcum","Ornamental Fan","Infinite Blades","Energy Potion","Regal Pillow"],"campfire_rested":2,"item_purchase_floors":[0,0,0,0,0,0,3],"current_hp_per_floor":[38,24,24,24,24,60,29,65,65,54,54,54,54,48,48,39,70,70],"gold":490,"neow_bonus":"","is_daily":false,"chose_seed":false,"campfire_upgraded":1,"win_rate":0.0,"timestamp":1608408945,"path_taken":["M","?","$","?","M","R","E","R","T","E","?","?","?","E","R","BOSS"],"items_purchased_type":["Relic","Relic","Relic","Relic","Card","Potion","Relic"],"build_version":"2020-12-13","purchased_purges":0,"victory":false,"max_hp_per_floor":[70,70,70,70,70,70,70,70,70,70,70,70,70,70,70,70,70,70],"card_choices":[{"not_picked":["Flying Knee","Catalyst"],"picked":"Terror","floor":1},{"not_picked":["Sucker Punch","Catalyst","Dagger Throw"],"picked":"SKIP","floor":5},{"not_picked":["Skewer","Quick Slash","Terror"],"picked":"SKIP","floor":7},{"not_picked":["Calculated Gamble","Poisoned Stab","Eviscerate"],"picked":"Caltrops","floor":10},{"not_picked":["Grand Finale","Deadly Poison","All Out Attack","Deflect"],"picked":"SKIP","floor":13},{"not_picked":["Flechettes","Choke","Underhanded Strike"],"picked":"Adrenaline","floor":14},{"not_picked":["Unload","Glass Knife","Storm of Steel"],"picked":"Malaise","floor":16}],"player_experience":887433,"relics_obtained":[{"floor":7,"key":"Question Card"},{"floor":9,"key":"Anchor"},{"floor":10,"key":"Matryoshka"},{"floor":12,"key":"Whetstone"},{"floor":12,"key":"Happy Flower"},{"floor":14,"key":"War Paint"}],"event_choices":[{"damage_healed":38,"gold_gain":0,"player_choice":"Upgrade","damage_taken":14,"max_hp_gain":0,"max_hp_loss":70,"event_name":"betterThird:BetterShining","floor":2,"gold_loss":0,"cards_upgraded":["Strike_G","Defend_G"]},{"damage_healed":0,"gold_gain":175,"player_choice":"AGREE","damage_taken":37,"max_hp_gain":0,"max_hp_loss":0,"event_name":"betterThird:BetterSerpent","floor":4,"gold_loss":0},{"cards_removed":["Doubt"],"damage_healed":0,"gold_gain":0,"player_choice":"Forget","damage_taken":0,"max_hp_gain":0,"max_hp_loss":0,"event_name":"Living Wall","floor":11,"gold_loss":0}],"is_beta":false,"boss_relics":[{"not_picked":[]}],"items_purged_floors":[],"is_endless":false,"potions_floor_spawned":[10,14,16],"ascension_level":1}}