{"host":"f1miojwxaupu79sp","time":1608345400,"event":{"mods":["BaseMod","Better Vampires","Minty Spire (QoL Compilation)","Shop Mod"],"gold_per_floor":[109,126,201,52,52,52,70,70,95,115,115,149,149,176,176,271,271,287,23,37,87,107,107,107],"floor_reached":23,"playtime":3570,"items_purged":[],"score":302,"play_id":"6f9516fb-f7e9-4fe3-acf7-fa4a9dbf2e14","local_time":"20201218213640","is_ascension_mode":true,"campfire_choices":[{"data":"Noxious Fumes","floor":6,"key":"SMITH"},{"floor":8,"key":"REST"},{"data":"Deflect","floor":11,"key":"SMITH"},{"floor":13,"key":"REST"},{"data":"Neutralize","floor":15,"key":"SMITH"}],"circlet_count":0,"master_deck":["AscendersBane","Strike_G","Strike_G","Defend_G","Defend_G","Defend_G","Defend_G","Defend_G","Survivor","Neutralize+1","Noxious Fumes+1","Deflect+1","Escape Plan","Bullet Time","Mayhem","Adrenaline","Escape Plan","Deflect","Calculated Gamble"],"relics":["Ring of the Snake","Incense Burner","TwistedFunnel","Omamori","White Beast Statue","Pear","Empty Cage"],"acts_visited":["Exordium","TheCity"],"potions_floor_usage":[14,16,16,21,23,23],"damage_taken":[{"damage":5,"enemies":"Jaw Worm","floor":1,"turns":6},{"damage":3,"enemies":"2 Louse","floor":2,"turns":3},{"damage":0,"enemies":"Cultist","floor":7,"turns":4},{"damage":14,"enemies":"Lots of Slimes","floor":10,"turns":3},{"damage":10,"enemies":"3 Sentries","floor":12,"turns":7},{"damage":10,"enemies":"Lagavulin","floor":14,"turns":9},{"damage":26,"enemies":"Slime Boss","floor":16,"turns":15},{"damage":13,"enemies":"Chosen","floor":18,"turns":7},{"damage":7,"enemies":"Spheric Guardian","floor":20,"turns":6},{"damage":14,"enemies":"3 Cultists","floor":21,"turns":6},{"damage":29,"enemies":"Centurion and Healer","floor":22,"turns":9},{"damage":0,"enemies":"Slavers","floor":23,"turns":1}],"seed_played":"7238949208121980827","potions_obtained":[{"floor":1,"key":"Dexterity Potion"},{"floor":10,"key":"Dexterity Potion"},{"floor":14,"key":"GhostInAJar"},{"floor":16,"key":"CultistPotion"},{"floor":18,"key":"FearPotion"},{"floor":20,"key":"ColorlessPotion"},{"floor":21,"key":"CultistPotion"},{"floor":22,"key":"Fire Potion"}],"is_trial":false,"path_per_floor":["M","M","?","$","?","R","M","R","T","M","R","E","R","E","R","B",null,"M","$","M","M","M","E"],"character_chosen":"THE_SILENT","items_purchased":["TwistedFunnel","Mayhem","Adrenaline"],"campfire_rested":2,"item_purchase_floors":[4,19,19],"current_hp_per_floor":[40,37,26,26,26,26,26,47,47,33,33,23,44,44,44,18,65,52,52,45,31,2,2,2],"gold":107,"neow_bonus":"ONE_RARE_RELIC","is_daily":false,"chose_seed":false,"campfire_upgraded":3,"win_rate":0.0,"timestamp":1608345400,"path_taken":["M","M","?","$","?","R","M","R","T","M","R","E","R","E","R","BOSS","M","$","M","M","M","E"],"items_purchased_type":["Relic","Card","Card"],"build_version":"2020-12-13","purchased_purges":0,"victory":false,"max_hp_per_floor":[70,70,70,70,70,70,70,70,70,70,70,70,70,80,80,80,80,80,80,80,80,80,80,80],"card_choices":[{"not_picked":["Flying Knee","Sucker Punch"],"picked":"Noxious Fumes","floor":1},{"not_picked":["Slice","Predator","Poisoned Stab"],"picked":"SKIP","floor":2},{"not_picked":["Dagger Spray","Crippling Poison"],"picked":"Deflect","floor":7},{"not_picked":["Skewer","Backflip","Tactician"],"picked":"SKIP","floor":10},{"not_picked":["Well Laid Plans","Sucker Punch"],"picked":"Escape Plan","floor":12},{"not_picked":["Cloak And Dagger","Prepared","Blade Dance"],"picked":"SKIP","floor":14},{"not_picked":["Night Terror","Storm of Steel"],"picked":"Bullet Time","floor":16},{"not_picked":["Reflex","Poisoned Stab","Dodge and Roll"],"picked":"SKIP","floor":18},{"not_picked":["Finisher+1","Sucker Punch"],"picked":"Escape Plan","floor":20},{"not_picked":["Slice","Sucker Punch"],"picked":"Deflect","floor":21},{"not_picked":["Blade Dance+1","Infinite Blades"],"picked":"Calculated Gamble","floor":22}],"player_experience":627096,"relics_obtained":[{"floor":9,"key":"Omamori"},{"floor":12,"key":"White Beast Statue"},{"floor":14,"key":"Pear"}],"event_choices":[{"damage_healed":0,"gold_gain":75,"player_choice":"Gather Gold","damage_taken":11,"max_hp_gain":0,"max_hp_loss":0,"event_name":"World of Goop","floor":3,"gold_loss":0},{"cards_removed":["Strike_G"],"damage_healed":0,"gold_gain":0,"player_choice":"Offered Basic","damage_taken":0,"max_hp_gain":0,"max_hp_loss":0,"event_name":"Bonfire Elementals","floor":5,"gold_loss":0}],"is_beta":false,"boss_relics":[{"not_picked":["Fusion Hammer","Snecko Eye"],"picked":"Empty Cage"}],"items_purged_floors":[],"is_endless":false,"potions_floor_spawned":[1,10,14,16,18,20,21,22],"killed_by":"Slavers","ascension_level":10}}