{"host":"icrrc9b69c1a6188","time":1608394796,"event":{"mods":["Act Like it!","BaseMod","Bestiary","Better Altar","Better Match","Better Note","Better Sensory Stone","Better Skull","Better Third Choice","Block Reminder","Colored Map","Colored Powertips","Curses Come First","Displayed Cursed Tome","Faster Ascension Climbing","HexUI Lib","Jorbs\u0027s Wanderer Trilogy","Minty Spire (QoL Compilation)","Quick Restart","RNG Fix","Random Character Mod","Rare Cards Sparkle","Spicy Shops","StSLib","Unceasing Turn Reminder"],"gold_per_floor":[217,217,217,250,250,24,24,24,43,43,43,43],"floor_reached":27,"playtime":532,"items_purged":[],"score":149,"play_id":"e11ae222-e97a-4236-bd7a-fa465d281021","local_time":"20201219101956","is_ascension_mode":false,"campfire_choices":[{"data":"stsjorbsmod:CULLCard","floor":20,"key":"SMITH"},{"data":"stsjorbsmod:SpiritShield_Cull","floor":26,"key":"SMITH"}],"circlet_count":0,"master_deck":["stsjorbsmod:CULLCard+1","stsjorbsmod:Apparition_Cull","stsjorbsmod:Strike_Cull","stsjorbsmod:Strike_Cull","stsjorbsmod:Strike_Cull","stsjorbsmod:Strike_Cull","stsjorbsmod:Paralysis","stsjorbsmod:SpiritShield_Cull+1","stsjorbsmod:Exhale","stsjorbsmod:Withering","stsjorbsmod:Ritual","Bandage Up","Injury","stsjorbsmod:Melt+1","stsjorbsmod:Phantasm"],"relics":["Busted Crown","Golden Idol","Gremlin Horn","The Courier","Molten Egg 2"],"acts_visited":["Exordium"],"potions_floor_usage":[],"damage_taken":[{"damage":2,"enemies":"2 Louse","floor":1,"turns":2},{"damage":31,"enemies":"3 Sentries","floor":7,"turns":11},{"damage":3,"enemies":"Small Slimes","floor":23,"turns":3},{"damage":47,"enemies":"Hexaghost","floor":27,"turns":8}],"seed_played":"-8285964917210270647","potions_obtained":[{"floor":1,"key":"stsjorbsmod:GhostPoisonPotion"}],"is_trial":false,"path_per_floor":["M","?","?","E","T","$","R","$","M","R","B"],"character_chosen":"CULL","items_purchased":["Molten Egg 2","stsjorbsmod:Melt+1"],"campfire_rested":0,"item_purchase_floors":[19,19],"current_hp_per_floor":[67,67,67,39,39,39,39,39,40,40,0,0],"gold":43,"neow_bonus":"BOSS_RELIC","is_daily":false,"chose_seed":false,"campfire_upgraded":2,"win_rate":0.0,"timestamp":1608394796,"path_taken":["M","?","?","E","T","$","R","?","M","R","BOSS"],"items_purchased_type":["Relic","Card"],"build_version":"2020-12-13","purchased_purges":0,"victory":false,"max_hp_per_floor":[68,68,68,51,51,51,51,51,47,47,22,22],"card_choices":[{"not_picked":[],"picked":"stsjorbsmod:Ritual","floor":1},{"not_picked":[],"picked":"Bandage Up","floor":3},{"not_picked":["stsjorbsmod:Commune"],"picked":"SKIP","floor":7},{"not_picked":[],"picked":"stsjorbsmod:Phantasm","floor":23}],"player_experience":701105,"relics_obtained":[{"floor":7,"key":"Gremlin Horn"},{"floor":18,"key":"The Courier"}],"event_choices":[{"damage_healed":0,"gold_gain":1,"player_choice":"1","damage_taken":0,"max_hp_gain":0,"max_hp_loss":0,"event_name":"betterStone:BetterStone","floor":3,"gold_loss":0},{"damage_healed":0,"gold_gain":0,"player_choice":"Take Wound","damage_taken":0,"relics_obtained":["Golden Idol"],"max_hp_gain":0,"max_hp_loss":0,"event_name":"Golden Idol","floor":5,"gold_loss":0,"cards_obtained":["Injury"]}],"is_beta":false,"boss_relics":[],"items_purged_floors":[],"is_endless":false,"potions_floor_spawned":[1],"killed_by":"Hexaghost","ascension_level":0}}