{"host":"5gqrjli8yntg44l3","time":1608406897,"event":{"mods":["AchievementEnabler","BaseMod","Better Third Choice","Highlight Path","Minty Spire (QoL Compilation)","Relic Stats","StSLib"],"gold_per_floor":[117,127,145,145,165,214,231,263,309,320,339,339,353,373,373,470,470,490,23,23,38,56,56,90,110,162,261,291,291,471,11,11,108,108,122,140,158,158,158],"floor_reached":38,"playtime":1730,"items_purged":[],"score":583,"play_id":"85eef2c1-23aa-42ee-8091-56d2af4fdfb6","local_time":"20201219194137","is_ascension_mode":true,"campfire_choices":[{"data":"Whirlwind","floor":12,"key":"SMITH"},{"data":"Havoc","floor":15,"key":"SMITH"},{"data":"Double Tap","floor":23,"key":"SMITH"},{"data":"Inflame","floor":29,"key":"SMITH"},{"data":"Feel No Pain","floor":32,"key":"SMITH"}],"circlet_count":0,"master_deck":["Defend_R","Defend_R","Defend_R","Defend_R","Bash","Sword Boomerang+1","Havoc+1","Whirlwind+1","Feel No Pain+1","Thunderclap+1","Double Tap+1","Battle Trance","Reaper","Power Through","Metallicize","Bite","Bite","Bite","Bite","Bite","Inflame+1","Anger+1","Juggernaut","Havoc","Dual Wield"],"relics":["Coffee Dripper","Lantern","Kunai","Centennial Puzzle","SacredBark","Dead Branch","Ornamental Fan","Art of War","Whetstone","Frozen Eye","Charon\u0027s Ashes","Philosopher\u0027s Stone"],"acts_visited":["Exordium","TheCity","TheBeyond"],"potions_floor_usage":[6,8,11,18,22,25,33,33,33,33,35,38],"damage_taken":[{"damage":2,"enemies":"2 Louse","floor":1,"turns":3},{"damage":2,"enemies":"Jaw Worm","floor":2,"turns":3},{"damage":7,"enemies":"Small Slimes","floor":3,"turns":3},{"damage":8,"enemies":"Blue Slaver","floor":5,"turns":2},{"damage":8,"enemies":"3 Sentries","floor":6,"turns":3},{"damage":0,"enemies":"Lots of Slimes","floor":7,"turns":1},{"damage":14,"enemies":"Gremlin Nob","floor":8,"turns":4},{"damage":0,"enemies":"Large Slime","floor":10,"turns":5},{"damage":0,"enemies":"Blue Slaver","floor":11,"turns":1},{"damage":1,"enemies":"3 Louse","floor":13,"turns":2},{"damage":0,"enemies":"Lots of Slimes","floor":14,"turns":1},{"damage":0,"enemies":"Slime Boss","floor":16,"turns":5},{"damage":30,"enemies":"Shell Parasite","floor":18,"turns":5},{"damage":0,"enemies":"3 Byrds","floor":21,"turns":3},{"damage":0,"enemies":"Sentry and Sphere","floor":22,"turns":1},{"damage":0,"enemies":"Gremlin Leader","floor":24,"turns":4},{"damage":6,"enemies":"Snake Plant","floor":25,"turns":4},{"damage":20,"enemies":"Slavers","floor":28,"turns":3},{"damage":12,"enemies":"Champ","floor":33,"turns":3},{"damage":23,"enemies":"Orb Walker","floor":35,"turns":3},{"damage":0,"enemies":"3 Darklings","floor":36,"turns":1},{"damage":10,"enemies":"4 Shapes","floor":37,"turns":1},{"damage":84,"enemies":"Writhing Mass","floor":38,"turns":4}],"seed_played":"-3505981520359360052","potions_obtained":[{"floor":1,"key":"ColorlessPotion"},{"floor":6,"key":"Swift Potion"},{"floor":8,"key":"SteroidPotion"},{"floor":10,"key":"Weak Potion"},{"floor":13,"key":"Energy Potion"},{"floor":18,"key":"Ancient Potion"},{"floor":21,"key":"Block Potion"},{"floor":22,"key":"EntropicBrew"},{"floor":28,"key":"SteroidPotion"}],"is_trial":false,"path_per_floor":["M","M","M","?","M","E","M","E","T","M","M","R","M","M","R","B",null,"M","$","?","M","M","R","E","M","T","?","E","R","?","$","R","B",null,"M","M","M","M"],"character_chosen":"IRONCLAD","items_purchased":["Dead Branch","Blood Vial","Metallicize","Frozen Eye","Charon\u0027s Ashes"],"campfire_rested":0,"item_purchase_floors":[19,19,19,31,31],"current_hp_per_floor":[78,76,69,69,61,53,53,39,39,39,39,39,38,38,38,38,80,56,56,56,72,72,72,80,74,74,74,62,62,43,43,43,39,80,59,59,73,0,0],"gold":158,"neow_bonus":"BOSS_RELIC","is_daily":false,"chose_seed":false,"campfire_upgraded":5,"win_rate":0.0,"timestamp":1608406897,"path_taken":["M","M","M","?","M","E","M","E","T","M","M","R","M","M","R","BOSS","M","$","?","M","M","R","E","M","T","?","E","R","?","$","R","BOSS","M","M","M","M"],"items_purchased_type":["Relic","Relic","Card","Relic","Relic"],"build_version":"2020-12-13","purchased_purges":0,"victory":false,"max_hp_per_floor":[80,80,80,80,80,80,80,80,80,80,80,80,80,80,80,80,80,80,80,80,80,80,80,80,80,80,80,80,80,80,80,80,80,80,80,80,80,80,80],"relic_stats":{"Centennial Puzzle":[21],"counters":[23,65],"Ornamental Fan":[28],"Dead Branch":[13],"Charon\u0027s Ashes":[39],"Art of War":[0],"Kunai":[18],"Whetstone":["Thunderclap","Sword Boomerang"],"obtain_stats":[{"Lantern":6,"SacredBark":17,"Dead Branch":19,"Charon\u0027s Ashes":31,"Whetstone":28,"Burning Blood":0,"Blood Vial":19,"Frozen Eye":31,"Centennial Puzzle":9,"Ornamental Fan":24,"Philosopher\u0027s Stone":34,"Coffee Dripper":0,"Art of War":26,"Kunai":8},{"Lantern":5,"SacredBark":12,"Dead Branch":13,"Charon\u0027s Ashes":18,"Whetstone":18,"Burning Blood":0,"Blood Vial":13,"Frozen Eye":18,"Centennial Puzzle":7,"Ornamental Fan":16,"Philosopher\u0027s Stone":19,"Coffee Dripper":0,"Art of War":17,"Kunai":7},{"Lantern":14,"SacredBark":33,"Dead Branch":38,"Charon\u0027s Ashes":53,"Whetstone":53,"Burning Blood":0,"Blood Vial":38,"Frozen Eye":53,"Centennial Puzzle":19,"Ornamental Fan":46,"Philosopher\u0027s Stone":56,"Coffee Dripper":0,"Art of War":50,"Kunai":19}]},"card_choices":[{"not_picked":["Iron Wave","Flex"],"picked":"Sword Boomerang","floor":1},{"not_picked":["Clash","Sentinel"],"picked":"Havoc","floor":2},{"not_picked":["Rupture","Havoc"],"picked":"Whirlwind","floor":3},{"not_picked":["Fire Breathing","Bloodletting","Barricade"],"picked":"SKIP","floor":5},{"not_picked":["Dark Embrace","True Grit"],"picked":"Feel No Pain","floor":6},{"not_picked":["Anger","Searing Blow"],"picked":"Thunderclap","floor":7},{"not_picked":["Wild Strike","Headbutt","Twin Strike"],"picked":"SKIP","floor":8},{"not_picked":["Body Slam","Anger"],"picked":"Double Tap","floor":10},{"not_picked":["Reckless Charge","Body Slam"],"picked":"Battle Trance","floor":11},{"not_picked":["Flex","Sentinel","Anger"],"picked":"SKIP","floor":13},{"not_picked":["Battle Trance","Iron Wave","Sword Boomerang"],"picked":"SKIP","floor":14},{"not_picked":["Offering","Immolate"],"picked":"Reaper","floor":16},{"not_picked":["Anger","Uppercut+1"],"picked":"Power Through","floor":18},{"not_picked":["Cleave","Armaments"],"picked":"Inflame","floor":21},{"not_picked":["Clothesline","Iron Wave","Body Slam"],"picked":"SKIP","floor":22},{"not_picked":["Flex","Heavy Blade","Warcry"],"picked":"SKIP","floor":24},{"not_picked":["Flame Barrier","Body Slam"],"picked":"Anger+1","floor":25},{"not_picked":["Shrug It Off","Clash+1","Rage"],"picked":"SKIP","floor":28},{"not_picked":["Shrug It Off","Clash+1","Rage"],"picked":"SKIP","floor":28},{"not_picked":["Reaper","Exhume"],"picked":"Juggernaut","floor":33},{"not_picked":["Clothesline","Sword Boomerang+1"],"picked":"Havoc","floor":35},{"not_picked":["True Grit","Hemokinesis","Searing Blow"],"picked":"SKIP","floor":36},{"not_picked":["Cleave","Thunderclap+1"],"picked":"Dual Wield","floor":37}],"player_experience":183062,"relics_obtained":[{"floor":6,"key":"Lantern"},{"floor":8,"key":"Kunai"},{"floor":9,"key":"Centennial Puzzle"},{"floor":24,"key":"Ornamental Fan"},{"floor":26,"key":"Art of War"},{"floor":28,"key":"Whetstone"}],"event_choices":[{"damage_healed":0,"gold_gain":0,"player_choice":"Ignored","damage_taken":0,"max_hp_gain":0,"max_hp_loss":0,"event_name":"Golden Wing","floor":4,"gold_loss":0},{"damage_healed":0,"gold_gain":0,"player_choice":"Became a vampire (Vial)","damage_taken":0,"max_hp_gain":0,"max_hp_loss":0,"event_name":"Vampires","floor":20,"relics_lost":["Blood Vial"],"gold_loss":0,"cards_obtained":["Bite","Bite","Bite","Bite","Bite"]},{"damage_healed":0,"gold_gain":99,"player_choice":"Steal","damage_taken":0,"max_hp_gain":0,"max_hp_loss":0,"event_name":"betterThird:BetterNest","floor":27,"gold_loss":0},{"damage_healed":0,"gold_gain":180,"player_choice":"GOLD GOLD ","damage_taken":19,"max_hp_gain":0,"max_hp_loss":0,"event_name":"Knowing Skull","floor":30,"potions_obtained":[],"gold_loss":0,"cards_obtained":[]}],"is_beta":false,"boss_relics":[{"not_picked":["Ectoplasm","Pandora\u0027s Box"],"picked":"SacredBark"},{"not_picked":["Empty Cage","Runic Dome"],"picked":"Philosopher\u0027s Stone"}],"items_purged_floors":[],"is_endless":false,"potions_floor_spawned":[1,6,8,10,13,18,21,22,28],"killed_by":"Writhing Mass","ascension_level":2}}