{"host":"d8hh7rr4yzitjeuj","time":1608359542,"event":{"mods":["2.2 Compatiblity","AchievementEnabler","BaseMod","CapriCore","Colored Map","Colored Powertips","Highlight Path","Keyboard Shortcuts","Minty Spire (QoL Compilation)","Permanent Neow","Quick Restart","StSLib","SuperFastMode"],"gold_per_floor":[110,185,204,216,270,270,12,40,40,96,109,109,140,59,59,135,135,154,165,165,193,243,243,278,278,278,303,314,328,328,90,90,168,168,183,196,211,266,283,317,317,317,317,317,332,362,362,380,380,380,380,380],"floor_reached":51,"playtime":3235,"items_purged":["Writhe"],"score":1531,"play_id":"75a2996f-c985-468a-a79d-f59102346d0f","local_time":"20201219153222","is_ascension_mode":true,"campfire_choices":[{"data":"Streamline","floor":6.0,"key":"SMITH"},{"floor":12.0,"key":"REST"},{"floor":15.0,"key":"REST"},{"floor":23.0,"key":"REST"},{"data":"Seek","floor":25.0,"key":"SMITH"},{"data":"Hello World","floor":30.0,"key":"SMITH"},{"floor":32.0,"key":"REST"},{"floor":44.0,"key":"RECALL"},{"floor":49.0,"key":"REST"}],"circlet_count":0,"master_deck":["AscendersBane","Zap","Dualcast","Steam","Streamline+1","Sweeping Beam","Skim","Chill","Coolheaded","Defragment","All For One","Buffer","Reboot","Sweeping Beam","Seek+1","Seek","Multi-Cast","Gash","Steam Power","Sweeping Beam","Gash","Stack","Turbo","Turbo","Rebound","Hello World+1","Go for the Eyes+1","Seek+1","Echo Form","Beam Cell","Master of Strategy","Mayhem","Parasite","Conserve Battery","Madness","Madness","Coolheaded"],"relics":["Cursed Key","Centennial Puzzle","Symbiotic Virus","Bag of Preparation","Vajra","Anchor","Pandora\u0027s Box","Red Mask","Blood Vial","Meat on the Bone","DollysMirror","Busted Crown","Incense Burner","Strawberry","Toy Ornithopter"],"acts_visited":["Exordium","TheCity","TheBeyond"],"potions_floor_usage":[51],"damage_taken":[{"damage":9.0,"enemies":"2 Louse","floor":1.0,"turns":3.0},{"damage":1.0,"enemies":"Jaw Worm","floor":3.0,"turns":3.0},{"damage":0.0,"enemies":"Small Slimes","floor":4.0,"turns":3.0},{"damage":34.0,"enemies":"Lagavulin","floor":8.0,"turns":7.0},{"damage":8.0,"enemies":"Gremlin Nob","floor":10.0,"turns":3.0},{"damage":0.0,"enemies":"Looter","floor":11.0,"turns":2.0},{"damage":2.0,"enemies":"Gremlin Nob","floor":13.0,"turns":3.0},{"damage":34.0,"enemies":"The Guardian","floor":16.0,"turns":11.0},{"damage":0.0,"enemies":"3 Byrds","floor":18.0,"turns":3.0},{"damage":0.0,"enemies":"Spheric Guardian","floor":19.0,"turns":2.0},{"damage":0.0,"enemies":"Masked Bandits","floor":21.0,"turns":3.0},{"damage":18.0,"enemies":"Book of Stabbing","floor":24.0,"turns":3.0},{"damage":32.0,"enemies":"Gremlin Leader","floor":27.0,"turns":6.0},{"damage":0.0,"enemies":"Snake Plant","floor":28.0,"turns":3.0},{"damage":2.0,"enemies":"3 Cultists","floor":29.0,"turns":4.0},{"damage":39.0,"enemies":"Champ","floor":33.0,"turns":10.0},{"damage":0.0,"enemies":"Orb Walker","floor":35.0,"turns":2.0},{"damage":8.0,"enemies":"3 Shapes","floor":36.0,"turns":3.0},{"damage":0.0,"enemies":"Spire Growth","floor":37.0,"turns":3.0},{"damage":0.0,"enemies":"2 Orb Walkers","floor":38.0,"turns":2.0},{"damage":11.0,"enemies":"Sphere and 2 Shapes","floor":39.0,"turns":4.0},{"damage":0.0,"enemies":"Giant Head","floor":40.0,"turns":5.0},{"damage":0.0,"enemies":"Jaw Worm Horde","floor":45.0,"turns":3.0},{"damage":23.0,"enemies":"Reptomancer","floor":46.0,"turns":8.0},{"damage":10.0,"enemies":"Transient","floor":48.0,"turns":6.0},{"damage":45.0,"enemies":"Awakened One","floor":50.0,"turns":12.0},{"damage":56,"enemies":"Time Eater","floor":51,"turns":11}],"seed_played":"2905761891331140974","potions_obtained":[{"floor":1.0,"key":"EssenceOfSteel"},{"floor":8.0,"key":"LiquidMemories"},{"floor":10.0,"key":"ColorlessPotion"},{"floor":13.0,"key":"SkillPotion"},{"floor":16.0,"key":"Explosive Potion"},{"floor":27.0,"key":"Strength Potion"},{"floor":29.0,"key":"Fire Potion"},{"floor":36.0,"key":"ColorlessPotion"},{"floor":48.0,"key":"Energy Potion"}],"is_trial":false,"path_per_floor":["M","?","M","M","?","R","$","E","T","?","M","R","E","$","R","B",null,"M","M","?","?","?","R","E","R","T","E","M","M","R","$","R","B",null,"M","M","M","?","M","E","?","?","T","R","M","E","?","M","R","B","B"],"character_chosen":"DEFECT","items_purchased":["Skim","Centennial Puzzle","All For One","DollysMirror"],"campfire_rested":5,"item_purchase_floors":[7,7,14,31],"current_hp_per_floor":[55,44,43,43,43,43,43,9,9,1,1,22,20,20,41,7,55,55,55,35,35,35,57,39,39,39,9,23,35,35,35,57,32,65,67,61,63,65,56,65,65,55,55,55,57,48,33,37,61,35,0,0],"gold":380,"neow_bonus":"BOSS_RELIC","is_daily":false,"chose_seed":false,"campfire_upgraded":3,"win_rate":0.0,"timestamp":1608359542,"path_taken":["M","?","M","M","?","R","$","E","T","?","M","R","E","?","R","BOSS","M","M","?","?","?","R","E","R","T","E","?","M","R","?","R","BOSS","M","M","M","?","M","E","?","?","T","R","M","E","?","?","R","BOSS","BOSS"],"items_purchased_type":["Card","Relic","Card","Relic"],"build_version":"2020-12-13","purchased_purges":1,"victory":false,"max_hp_per_floor":[71,71,71,71,71,71,71,71,71,71,71,71,71,71,71,71,71,71,71,76,76,76,76,76,76,76,76,76,76,76,76,76,76,76,76,76,76,76,76,83,83,83,83,83,83,83,83,83,83,83,83,83],"card_choices":[{"not_picked":["Steam Power","Loop"],"picked":"Steam","floor":1.0},{"not_picked":["Rebound","Scrape"],"picked":"Streamline","floor":3.0},{"not_picked":["Tempest","Go for the Eyes"],"picked":"Sweeping Beam","floor":4.0},{"not_picked":["Aggregate","Beam Cell"],"picked":"Chill","floor":8.0},{"not_picked":["Beam Cell","Blizzard"],"picked":"Coolheaded","floor":10.0},{"not_picked":["Conserve Battery","Compile Driver"],"picked":"Rip and Tear","floor":11.0},{"not_picked":["Redo","Ball Lightning"],"picked":"Defragment","floor":13.0},{"not_picked":["Creative AI","Meteor Strike"],"picked":"Buffer","floor":16.0},{"not_picked":["Cold Snap","Static Discharge"],"picked":"Gash","floor":18.0},{"not_picked":["Heatsinks+1","Consume"],"picked":"Stack","floor":19.0},{"not_picked":["Glacier","Rebound"],"picked":"Turbo","floor":21.0},{"not_picked":["Creative AI","Lockon"],"picked":"Turbo","floor":24.0},{"not_picked":["Conserve Battery","Loop"],"picked":"Rebound","floor":27.0},{"not_picked":["Cold Snap","Barrage"],"picked":"Hello World","floor":28.0},{"not_picked":["Steam","Cold Snap"],"picked":"Go for the Eyes+1","floor":29.0},{"not_picked":["Reboot","Fission"],"picked":"Echo Form","floor":33.0},{"not_picked":[],"picked":"Beam Cell","floor":35.0},{"not_picked":["Steam"],"picked":"SKIP","floor":36.0},{"not_picked":["Streamline"],"picked":"SKIP","floor":37.0},{"not_picked":["Consume"],"picked":"SKIP","floor":39.0},{"not_picked":["Cold Snap"],"picked":"SKIP","floor":40.0},{"not_picked":[],"picked":"Master of Strategy","floor":42.0},{"not_picked":[],"picked":"Mayhem","floor":42.0},{"not_picked":[],"picked":"Conserve Battery","floor":45.0},{"not_picked":["Reinforced Body"],"picked":"SKIP","floor":46.0},{"not_picked":[],"picked":"Coolheaded","floor":48.0}],"player_experience":1363768,"relics_obtained":[{"floor":8.0,"key":"Symbiotic Virus"},{"floor":9.0,"key":"Bag of Preparation"},{"floor":10.0,"key":"Vajra"},{"floor":13.0,"key":"Anchor"},{"floor":21.0,"key":"Red Mask"},{"floor":24.0,"key":"Blood Vial"},{"floor":27.0,"key":"Meat on the Bone"},{"floor":38.0,"key":"Incense Burner"},{"floor":40.0,"key":"Strawberry"},{"floor":46.0,"key":"Toy Ornithopter"}],"event_choices":[{"damage_healed":0.0,"max_hp_gain":0.0,"max_hp_loss":0.0,"gold_gain":75.0,"event_name":"World of Goop","player_choice":"Gather Gold","floor":2.0,"gold_loss":0.0,"damage_taken":11.0},{"damage_healed":0.0,"max_hp_gain":0.0,"max_hp_loss":0.0,"gold_gain":54.0,"event_name":"Golden Wing","player_choice":"Gained Gold","floor":5.0,"gold_loss":0.0,"damage_taken":0.0},{"damage_healed":0.0,"max_hp_gain":0.0,"max_hp_loss":0.0,"gold_gain":0.0,"event_name":"Dead Adventurer","player_choice":"Searched \u00272\u0027 times","floor":10.0,"gold_loss":0.0,"damage_taken":0.0},{"damage_healed":0.0,"max_hp_gain":5.0,"max_hp_loss":0.0,"gold_gain":0.0,"event_name":"Forgotten Altar","player_choice":"Shed Blood","floor":20.0,"gold_loss":0.0,"damage_taken":25.0},{"damage_healed":0.0,"max_hp_gain":0.0,"max_hp_loss":0.0,"gold_gain":0.0,"event_name":"Masked Bandits","player_choice":"Fought Bandits","floor":21.0,"gold_loss":0.0,"damage_taken":0.0},{"damage_healed":0.0,"max_hp_gain":0.0,"max_hp_loss":0.0,"gold_gain":50.0,"event_name":"Nest","player_choice":"Stole From Cult","floor":22.0,"gold_loss":0.0,"damage_taken":0.0},{"damage_healed":0.0,"max_hp_gain":0.0,"max_hp_loss":0.0,"gold_gain":0.0,"event_name":"Mysterious Sphere","player_choice":"Fight","floor":38.0,"gold_loss":0.0,"damage_taken":0.0},{"cards_removed":["Rip and Tear"],"damage_healed":0.0,"max_hp_gain":0.0,"max_hp_loss":0.0,"gold_gain":0.0,"event_name":"Falling","player_choice":"Removed Attack","floor":41.0,"gold_loss":0.0,"damage_taken":0.0},{"damage_healed":0.0,"max_hp_gain":0.0,"max_hp_loss":0.0,"gold_gain":0.0,"event_name":"SensoryStone","player_choice":"Memory 3","floor":42.0,"gold_loss":0.0,"damage_taken":10.0},{"damage_healed":0.0,"max_hp_gain":0.0,"max_hp_loss":0.0,"gold_gain":0.0,"event_name":"Winding Halls","player_choice":"Embrace Madness","floor":47.0,"gold_loss":0.0,"damage_taken":15.0,"cards_obtained":["Madness","Madness"]}],"is_beta":false,"boss_relics":[{"not_picked":["Coffee Dripper","Ectoplasm"],"picked":"Pandora\u0027s Box"},{"not_picked":["Inserter","SlaversCollar"],"picked":"Busted Crown"}],"items_purged_floors":[31],"is_endless":false,"potions_floor_spawned":[1,8,10,13,16,18,27,29,33,36,39,48],"killed_by":"Time Eater","ascension_level":20}}