{"host":"m16cty6bffmtplhu","time":1608404528,"event":{"mods":["BaseMod","DeckTracker","Highlight Path","Minty Spire (QoL Compilation)","Permanent Neow","Quick Restart","StSLib","everything is the same but u backflip on backflip"],"gold_per_floor":[119,131,83,183,194,194,228,228,309,329,329,355,370,395,395,495,495,506,63,78,78,78,107,107,142,166,179,211,57,74,74,74,173,173,188,238,238,25,40,67,67,97,97,97,124,135,183,198,198,198],"floor_reached":51,"playtime":1587,"items_purged":["Strike_R"],"score":950,"play_id":"6f6eebeb-6a4b-42fc-829f-cb391f3def85","local_time":"20201220040208","is_ascension_mode":true,"campfire_choices":[{"data":"Bash","floor":6.0,"key":"SMITH"},{"data":"Inflame","floor":8.0,"key":"SMITH"},{"data":"Reaper","floor":11.0,"key":"SMITH"},{"data":"Flex","floor":15,"key":"SMITH"},{"floor":24,"key":"REST"},{"data":"Limit Break","floor":32,"key":"SMITH"},{"floor":41,"key":"RECALL"},{"floor":44,"key":"REST"},{"floor":49,"key":"DIG"}],"circlet_count":0,"master_deck":["Strike_R","Strike_R+1","Strike_R+1","Strike_R","Defend_R","Defend_R","Defend_R","Defend_R","Bash+1","Warcry","Inflame+1","Flex","Reaper+1","Sword Boomerang","Flex+1","Flex","Pummel","Double Tap","Pummel","Trip+1","Sword Boomerang","Armaments+1","Limit Break+1","Offering","Madness","Madness","Exhume","Trip+1","Heavy Blade+1","Pummel","PiercingWail"],"relics":["Burning Blood","NeowsBlessing","Bag of Preparation","Meat on the Bone","Shuriken","Blue Candle","Philosopher\u0027s Stone","Mango","PrismaticShard","Bottled Tornado","Happy Flower","Nunchaku","Blood Vial","Fusion Hammer","Incense Burner","Letter Opener","Vajra","Ornamental Fan","Whetstone","Shovel","Pocketwatch"],"acts_visited":["Exordium","TheCity","TheBeyond"],"potions_floor_usage":[16,16],"damage_taken":[{"damage":0.0,"enemies":"Small Slimes","floor":1.0,"turns":1.0},{"damage":0.0,"enemies":"Cultist","floor":2.0,"turns":1.0},{"damage":0.0,"enemies":"Jaw Worm","floor":5.0,"turns":1.0},{"damage":45.0,"enemies":"3 Sentries","floor":7.0,"turns":10.0},{"damage":6.0,"enemies":"Exordium Wildlife","floor":10.0,"turns":2.0},{"damage":16.0,"enemies":"Gremlin Nob","floor":12.0,"turns":3.0},{"damage":0.0,"enemies":"Large Slime","floor":13.0,"turns":4.0},{"damage":40,"enemies":"3 Sentries","floor":14,"turns":7},{"damage":59,"enemies":"The Guardian","floor":16,"turns":15},{"damage":36,"enemies":"2 Thieves","floor":18,"turns":3},{"damage":15,"enemies":"3 Byrds","floor":20,"turns":4},{"damage":50,"enemies":"Book of Stabbing","floor":23,"turns":4},{"damage":34,"enemies":"Gremlin Leader","floor":25,"turns":4},{"damage":23,"enemies":"Centurion and Healer","floor":27,"turns":4},{"damage":30,"enemies":"Book of Stabbing","floor":28,"turns":3},{"damage":0,"enemies":"Snecko","floor":30,"turns":2},{"damage":59,"enemies":"Automaton","floor":33,"turns":7},{"damage":2,"enemies":"Orb Walker","floor":35,"turns":2},{"damage":21,"enemies":"Mind Bloom Boss Battle","floor":36,"turns":5},{"damage":22,"enemies":"3 Shapes","floor":39,"turns":2},{"damage":21,"enemies":"Giant Head","floor":40,"turns":5},{"damage":85,"enemies":"Reptomancer","floor":42,"turns":5},{"damage":26,"enemies":"Giant Head","floor":45,"turns":5},{"damage":1,"enemies":"Spire Growth","floor":46,"turns":2},{"damage":23,"enemies":"2 Orb Walkers","floor":47,"turns":3},{"damage":1,"enemies":"Jaw Worm Horde","floor":48,"turns":3},{"damage":58,"enemies":"Awakened One","floor":50,"turns":5}],"seed_played":"7201279439448998154","potions_obtained":[{"floor":2.0,"key":"EntropicBrew"},{"floor":5.0,"key":"EssenceOfSteel"},{"floor":7.0,"key":"Block Potion"},{"floor":12.0,"key":"DuplicationPotion"},{"floor":14,"key":"Strength Potion"},{"floor":18,"key":"Energy Potion"},{"floor":27,"key":"Energy Potion"},{"floor":45,"key":"Swift Potion"}],"is_trial":false,"path_per_floor":["M","M","$","?","M","R","E","R","T","M","R","E","M","E","R","B",null,"M","$","M","?","?","E","R","E","T","M","E","$","M","$","R","B",null,"M","?","?","$","M","E","R","E","T","R","E","M","?","M","R","B",null],"character_chosen":"IRONCLAD","items_purchased":["Flex","Mango","PrismaticShard","Limit Break","Exhume"],"campfire_rested":2,"item_purchase_floors":[3,19,19,29,38],"current_hp_per_floor":[80,80,80,80,80,80,57,57,57,61,61,63,73,56,56,25,80,50,64,64,64,64,32,60,57,57,68,65,65,73,73,73,83,94,94,93,81,81,86,85,85,42,42,70,61,68,65,72,72,59],"gold":198,"neow_bonus":"THREE_ENEMY_KILL","is_daily":false,"chose_seed":false,"campfire_upgraded":5,"win_rate":0.0,"timestamp":1608404528,"path_taken":["M","M","$","?","?","R","E","R","T","M","R","E","M","E","R","BOSS","M","$","M","?","?","E","R","E","T","M","E","$","M","?","R","BOSS","M","?","?","$","?","E","R","E","T","R","E","M","?","M","R","BOSS"],"items_purchased_type":["Card","Relic","Relic","Card","Card"],"build_version":"2020-12-13","purchased_purges":1,"victory":true,"max_hp_per_floor":[80,80,80,80,80,80,80,80,80,80,80,80,80,80,80,80,80,80,94,94,94,94,94,94,94,94,94,94,94,94,94,94,94,94,94,94,94,94,94,94,94,94,94,94,94,94,94,94,94,94],"card_choices":[{"not_picked":["Armaments","Body Slam"],"picked":"Warcry","floor":1.0},{"not_picked":["Headbutt","Burning Pact"],"picked":"Inflame","floor":2.0},{"not_picked":["Havoc","Carnage"],"picked":"Reaper","floor":5.0},{"not_picked":["Searing Blow","Anger"],"picked":"Sword Boomerang","floor":7.0},{"not_picked":["Burning Pact","Thunderclap"],"picked":"Flex","floor":10.0},{"not_picked":["Carnage","Bloodletting","Clothesline"],"picked":"SKIP","floor":12.0},{"not_picked":["Body Slam","Pommel Strike"],"picked":"Flex","floor":13.0},{"not_picked":["Disarm","Havoc"],"picked":"Pummel","floor":14},{"not_picked":["Reaper","Fiend Fire"],"picked":"Double Tap","floor":16},{"not_picked":["Blood for Blood","Wild Strike","Seeing Red"],"picked":"SKIP","floor":18},{"not_picked":["Bane","Flying Knee+1","Backflip"],"picked":"SKIP","floor":20},{"not_picked":["Flex","Cold Snap"],"picked":"Trip+1","floor":23},{"not_picked":["Sucker Punch+1","PanicButton+1","Fire Breathing"],"picked":"SKIP","floor":25},{"not_picked":["SignatureMove+1","Stack"],"picked":"Sword Boomerang","floor":27},{"not_picked":["Barrage","Study"],"picked":"Armaments+1","floor":28},{"not_picked":["JustLucky+1","Deadly Poison","WindmillStrike"],"picked":"SKIP","floor":30},{"not_picked":["Master of Strategy","Wraith Form v2"],"picked":"Offering","floor":33},{"not_picked":["Go for the Eyes","Cleave+1","Beam Cell+1"],"picked":"SKIP","floor":35},{"not_picked":["BowlingBash","Backflip","JustLucky+1"],"picked":"SKIP","floor":39},{"not_picked":["SignatureMove","Bane+1"],"picked":"Trip+1","floor":40},{"not_picked":["Metamorphosis","Transmutation","Dodge and Roll"],"picked":"SKIP","floor":42},{"not_picked":["Sunder+1","Sweeping Beam+1"],"picked":"Heavy Blade+1","floor":45},{"not_picked":["Dodge and Roll","Genetic Algorithm","FearNoEvil+1"],"picked":"SKIP","floor":46},{"not_picked":["Prostrate","Sweeping Beam"],"picked":"Pummel","floor":47},{"not_picked":["Cleave+1","Perfected Strike"],"picked":"PiercingWail","floor":48}],"player_experience":89915,"relics_obtained":[{"floor":7.0,"key":"Bag of Preparation"},{"floor":9.0,"key":"Meat on the Bone"},{"floor":12.0,"key":"Shuriken"},{"floor":14,"key":"Blue Candle"},{"floor":23,"key":"Bottled Tornado"},{"floor":25,"key":"Happy Flower"},{"floor":26,"key":"Nunchaku"},{"floor":28,"key":"Blood Vial"},{"floor":36,"key":"Incense Burner"},{"floor":40,"key":"Letter Opener"},{"floor":42,"key":"Vajra"},{"floor":43,"key":"Ornamental Fan"},{"floor":45,"key":"Whetstone"},{"floor":47,"key":"Shovel"},{"floor":49,"key":"Pocketwatch"}],"event_choices":[{"damage_healed":0.0,"max_hp_gain":0.0,"max_hp_loss":0.0,"gold_gain":100.0,"event_name":"Golden Shrine","player_choice":"Pray","floor":4.0,"gold_loss":0.0,"damage_taken":0.0},{"damage_healed":0,"gold_gain":0,"player_choice":"Read","damage_taken":0,"max_hp_gain":0,"max_hp_loss":0,"event_name":"The Library","floor":21,"gold_loss":0,"cards_obtained":["Pummel"]},{"damage_healed":0,"gold_gain":0,"player_choice":"Ignored","damage_taken":0,"max_hp_gain":0,"max_hp_loss":0,"event_name":"Vampires","floor":22,"gold_loss":0},{"damage_healed":0,"gold_gain":0,"player_choice":"Fight","damage_taken":0,"max_hp_gain":0,"max_hp_loss":0,"event_name":"MindBloom","floor":36,"gold_loss":0},{"damage_healed":0,"gold_gain":0,"player_choice":"Embrace Madness","damage_taken":12,"max_hp_gain":0,"max_hp_loss":0,"event_name":"Winding Halls","floor":37,"gold_loss":0,"cards_obtained":["Madness","Madness"]},{"damage_healed":0,"gold_gain":0,"player_choice":"Fight","damage_taken":0,"max_hp_gain":0,"max_hp_loss":0,"event_name":"Mysterious Sphere","floor":47,"gold_loss":0}],"is_beta":false,"boss_relics":[{"not_picked":["Snecko Eye","Ectoplasm"],"picked":"Philosopher\u0027s Stone"},{"not_picked":["Black Star","Astrolabe"],"picked":"Fusion Hammer"}],"items_purged_floors":[38],"is_endless":false,"potions_floor_spawned":[2,5,7,12,14,18,27,30,35,39,45,47],"ascension_level":3}}