{"host":"e1hsr9gtjq2d74pi","time":1608341193,"event":{"mods":["Act Like it!","BaseMod","Beaked The Cultist","BetterRewards","Clockwork Mod","Conspire","Downfall","Hermit","Hero for Fun","Hubris","Marisa????????","Minty Spire (QoL Compilation)","Shop Mod","Spicy Shops","StSLib","The Animator","The Construct","The Cursed","The Servant 0.9.4","UnlockEverythingMod"],"gold_per_floor":[111,111,111,11,11,11,58,90,143,143,162,202,234,201,213,225,225],"floor_reached":16,"playtime":519,"items_purged":[],"score":108,"play_id":"c1a3d220-f677-499c-bfa8-175e88e35b6d","local_time":"20201218172633","is_ascension_mode":false,"campfire_choices":[{"data":"Clockwork:ChargingBlade","floor":6,"key":"SMITH"},{"data":"Clockwork:RevUp","floor":10,"key":"SMITH"},{"data":"Clockwork:CraftVarja","floor":15,"key":"SMITH"}],"circlet_count":0,"master_deck":["Clockwork:Strike","Clockwork:Strike","Clockwork:Strike","Clockwork:Strike","Clockwork:Shield","Clockwork:Shield","Clockwork:Shield","Clockwork:Shield","Clockwork:Tinker","Clockwork:WarmUp","Clockwork:ChargingBlade+1","conspire:SpireCoStock","conspire:SpireCoStock","Clockwork:RevUp+1","Clockwork:Roundhouse","Clockwork:CraftVarja+1"],"relics":["Clockwork:MomentumEngine","NeowsBlessing","Golden Idol","StoneCalendar","hubris:Metronome","HornCleat","Pen Nib","Clockwork:Varja","MawBank"],"acts_visited":["Exordium"],"potions_floor_usage":[12,16],"damage_taken":[{"damage":0,"enemies":"Jaw Worm","floor":1,"turns":1},{"damage":3,"enemies":"3 Sentries","floor":7,"turns":2},{"damage":0,"enemies":"2 Louse","floor":8,"turns":3},{"damage":0,"enemies":"Cultist","floor":11,"turns":6},{"damage":25,"enemies":"Gremlin Nob","floor":12,"turns":6},{"damage":8,"enemies":"Blue Slaver","floor":13,"turns":3},{"damage":3,"enemies":"Looter","floor":14,"turns":5},{"damage":32,"enemies":"Hexaghost","floor":16,"turns":10}],"seed_played":"-7298407506557493517","potions_obtained":[{"floor":1,"key":"GamblersBrew"},{"floor":11,"key":"Ancient Potion"},{"floor":13,"key":"SkillPotion"}],"is_trial":false,"path_per_floor":["M","?","T","?","T","R","E","M","T","R","M","E","M","M","R","B"],"character_chosen":"CLOCKWORK","items_purchased":[],"campfire_rested":0,"item_purchase_floors":[],"current_hp_per_floor":[85,64,64,64,64,64,61,61,61,61,61,36,28,25,25,0,0],"gold":225,"neow_bonus":"THREE_ENEMY_KILL","is_daily":false,"chose_seed":false,"campfire_upgraded":3,"win_rate":0.0,"timestamp":1608341193,"path_taken":["M","?","?","?","?","R","E","M","T","R","M","E","M","?","R","BOSS"],"items_purchased_type":[],"build_version":"2020-12-13","purchased_purges":0,"victory":false,"max_hp_per_floor":[85,85,85,85,85,85,85,85,85,85,85,85,85,85,85,85,85],"card_choices":[{"not_picked":["Clockwork:CogBarrier","Clockwork:ChargingShield"],"picked":"Clockwork:ChargingBlade","floor":1},{"not_picked":["Clockwork:OccamsRazor","Clockwork:CogToss"],"picked":"Clockwork:CraftVarja","floor":7},{"not_picked":["Clockwork:SnapKeep","Clockwork:Redundancy"],"picked":"Clockwork:RevUp","floor":8},{"not_picked":["Clockwork:SnapKeep","Clockwork:AdaptiveCannon","Clockwork:CogBarrier"],"picked":"SKIP","floor":11},{"not_picked":["Clockwork:SearingStrike","Clockwork:ReserveSystems"],"picked":"Clockwork:CraftVarja","floor":12},{"not_picked":["Clockwork:ChargingBlade","Clockwork:SystemHardening"],"picked":"Clockwork:Roundhouse","floor":13},{"not_picked":["Clockwork:SearchingStrike","Clockwork:InertialShield"],"picked":"Clockwork:CraftVarja","floor":14}],"player_experience":449229,"relics_obtained":[{"floor":3,"key":"StoneCalendar"},{"floor":5,"key":"hubris:Metronome"},{"floor":7,"key":"HornCleat"},{"floor":9,"key":"Pen Nib"},{"floor":12,"key":"MawBank"}],"event_choices":[{"damage_healed":0,"gold_gain":0,"player_choice":"Take Damage","damage_taken":21,"relics_obtained":["Golden Idol"],"max_hp_gain":0,"max_hp_loss":0,"event_name":"Golden Idol","floor":2,"gold_loss":0},{"damage_healed":0,"gold_gain":0,"player_choice":"Invest 2","damage_taken":0,"max_hp_gain":0,"max_hp_loss":0,"event_name":"conspire:Investor","floor":4,"gold_loss":0}],"is_beta":false,"boss_relics":[],"items_purged_floors":[],"is_endless":false,"potions_floor_spawned":[1,11,13],"killed_by":"Hexaghost","ascension_level":0}}