{"host":"kubkimaky0n54ws8","time":1608386929,"event":{"mods":["BaseMod","Marisa£®ÏF”Í°°ƒß¿Ì…≥£©","Minty Spire (QoL Compilation)","Quick Restart","Reimu£®≤©¿ˆ¡È√Œ£©","Remilia£®¿Ÿ√◊¿Ú—«£©","StSLib","The Cursed","The Senshi","The Servant 0.9.4"],"gold_per_floor":[117,50,70,70,82,82,98,116,116,127,127,137,156,176,176,278,278,290,290,290,308,20,55,55,74,74,74,92,109,129,160,160,257,257,277,277,1276,966,983,983,998,1033,1110,1110,1110],"floor_reached":44,"playtime":6887,"items_purged":["Normality"],"score":551,"play_id":"a6ddd4ba-5333-4425-854f-b19b22451d69","local_time":"20201219220849","is_ascension_mode":false,"campfire_choices":[{"data":"TheCursedMod:CircleOfCorruption","floor":6,"key":"SMITH"},{"floor":15,"key":"REST"},{"data":"TheCursedMod:NeowsMight","floor":24,"key":"SMITH"},{"data":"TheCursedMod:ReleasedKnowledge","floor":27,"key":"SMITH"},{"floor":32,"key":"REST"},{"data":"TheCursedMod:Neurasthenia","floor":40,"key":"SMITH"}],"circlet_count":0,"master_deck":["TheCursedMod:Strike_TheCursed","TheCursedMod:Defend_TheCursed","TheCursedMod:Defend_TheCursed","TheCursedMod:Defend_TheCursed","TheCursedMod:Defend_TheCursed","TheCursedMod:CursedWand","TheCursedMod:CleanUpWorkshop+1","TheCursedMod:Dregs","TheCursedMod:CircleOfCorruption+1","TheCursedMod:LuckyCharm","TheCursedMod:SurpriseAttack","TheCursedMod:CursedAmulet","TheCursedMod:AbyssShockwave","TheCursedMod:CircleOfCorruption","TheCursedMod:SpitefulPlan","TheCursedMod:CircleOfBlood","TheCursedMod:CursedMace","TheCursedMod:Neurasthenia+1","TheCursedMod:SpitefulStrike+1","TheCursedMod:OutForBlood+1","TheCursedMod:HellfireBreathing+1","TheCursedMod:SaltUponWound+1","TheCursedMod:CursedBoomerang","TheCursedMod:HellsGateOpen","TheCursedMod:NeowsMight+1","TheCursedMod:ReleasedKnowledge+1","TheCursedMod:WearCloak","TheCursedMod:ReleasedKnowledge+1","TheCursedMod:StunningStrike","TheCursedMod:CursedAmulet+1","TheCursedMod:DemonSword","TheCursedMod:ManaBullet+1","Normality","TheCursedMod:SpitefulPlan","TheCursedMod:WearCloak+1","TheCursedMod:SmokeScreen+1","TheCursedMod:CursedBlade+1","Writhe"],"relics":["TheCursedMod:BlackMagic101","NeowsBlessing","MealTicket","theSenshi:SailorFukuRelic","Astrolabe","Mummified Hand","Mercury Hourglass","Question Card","Tea:ReiMu","Cursed Key","HandDrill","Ginger","InkBottle"],"acts_visited":["Exordium","TheCity","TheBeyond"],"potions_floor_usage":[18,23,33,44,44,44],"damage_taken":[{"damage":0,"enemies":"Cultist","floor":1,"turns":1},{"damage":0,"enemies":"Jaw Worm","floor":3,"turns":1},{"damage":0,"enemies":"2 Louse","floor":5,"turns":1},{"damage":5,"enemies":"Gremlin Gang","floor":7,"turns":5},{"damage":0,"enemies":"Looter","floor":8,"turns":2},{"damage":1,"enemies":"Red Slaver","floor":10,"turns":4},{"damage":8,"enemies":"Lots of Slimes","floor":12,"turns":2},{"damage":3,"enemies":"3 Louse","floor":13,"turns":2},{"damage":11,"enemies":"Large Slime","floor":14,"turns":6},{"damage":48,"enemies":"The Guardian","floor":16,"turns":13},{"damage":39,"enemies":"Spheric Guardian","floor":18,"turns":6},{"damage":14,"enemies":"3 Byrds","floor":21,"turns":5},{"damage":29,"enemies":"Gremlin Leader","floor":23,"turns":6},{"damage":0,"enemies":"Cultist and Chosen","floor":25,"turns":4},{"damage":27,"enemies":"Snecko","floor":28,"turns":5},{"damage":2,"enemies":"Shelled Parasite and Fungi","floor":29,"turns":4},{"damage":0,"enemies":"Centurion and Healer","floor":30,"turns":5},{"damage":21,"enemies":"Book of Stabbing","floor":31,"turns":4},{"damage":55,"enemies":"Collector","floor":33,"turns":7},{"damage":45,"enemies":"3 Shapes","floor":35,"turns":4},{"damage":4,"enemies":"Orb Walker","floor":39,"turns":4},{"damage":0,"enemies":"Transient","floor":41,"turns":5},{"damage":49,"enemies":"Giant Head","floor":42,"turns":9},{"damage":30,"enemies":"Nemesis","floor":44,"turns":5}],"seed_played":"-1934348204956814624","potions_obtained":[{"floor":7,"key":"Fire Potion"},{"floor":10,"key":"ZuzhouPotion:ReiMu"},{"floor":12,"key":"LiquidBronze"},{"floor":13,"key":"PowerPotion"},{"floor":18,"key":"Dexterity Potion"},{"floor":30,"key":"Ancient Potion"},{"floor":35,"key":"TheCursedMod:DregsPotion"}],"is_trial":false,"path_per_floor":["M","$","M","?","M","R","M","M","T","M","?","M","M","M","R","B",null,"M","?","?","M","$","E","R","M","T","R","M","M","M","E","R","B",null,"M","?","?","$","M","R","M","E","T","E"],"character_chosen":"THE_CURSED","items_purchased":["TheCursedMod:LuckyCharm","TheCursedMod:HellsGateOpen","Mummified Hand","HandDrill","TheCursedMod:SpitefulPlan"],"campfire_rested":2,"item_purchase_floors":[2,22,22,38,38],"current_hp_per_floor":[75,75,75,75,75,75,70,70,70,71,71,63,60,53,76,32,81,42,27,96,84,96,67,67,73,73,73,48,46,48,33,61,10,96,55,55,55,70,70,70,74,25,25,0,0],"gold":1110,"neow_bonus":"THREE_ENEMY_KILL","is_daily":false,"chose_seed":false,"campfire_upgraded":4,"win_rate":0.0,"timestamp":1608386929,"path_taken":["M","$","?","?","?","R","M","M","T","M","?","?","M","?","R","BOSS","M","?","?","M","$","E","R","?","T","R","M","?","M","E","R","BOSS","M","?","?","$","M","R","M","E","T","E"],"items_purchased_type":["Card","Card","Relic","Relic","Card"],"build_version":"2020-12-13","purchased_purges":1,"victory":false,"max_hp_per_floor":[75,75,75,75,75,75,75,75,75,77,77,77,77,79,79,81,81,81,86,96,96,96,96,96,96,96,96,96,96,96,96,96,96,96,96,96,96,96,96,96,96,96,96,96,96],"card_choices":[{"not_picked":["TheCursedMod:Stretching","TheCursedMod:Evocation"],"picked":"TheCursedMod:CircleOfCorruption","floor":1},{"not_picked":["TheCursedMod:RapidMovement","TheCursedMod:EmpowerCircles"],"picked":"TheCursedMod:SurpriseAttack","floor":3},{"not_picked":["TheCursedMod:PrepareRite","TheCursedMod:CursedStaff"],"picked":"TheCursedMod:CursedAmulet","floor":5},{"not_picked":["TheCursedMod:CircleOfFlame","TheCursedMod:SpitefulStrike"],"picked":"TheCursedMod:AbyssShockwave","floor":7},{"not_picked":["TheCursedMod:SaltUponWound","TheCursedMod:Stretching"],"picked":"TheCursedMod:AntiAging","floor":8},{"not_picked":["TheCursedMod:SoulReap","TheCursedMod:RapidMovement"],"picked":"TheCursedMod:CircleOfCorruption","floor":10},{"not_picked":["TheCursedMod:FuryStrike","TheCursedMod:Obscuration"],"picked":"TheCursedMod:SpitefulPlan","floor":12},{"not_picked":["TheCursedMod:Mangle","TheCursedMod:AshesToAshes"],"picked":"TheCursedMod:CircleOfBlood","floor":13},{"not_picked":["TheCursedMod:SurpriseAttack","TheCursedMod:Evocation"],"picked":"TheCursedMod:CursedMace","floor":14},{"not_picked":["TheCursedMod:ShockAndAwe","TheCursedMod:OutForBlood"],"picked":"TheCursedMod:Neurasthenia","floor":16},{"not_picked":["TheCursedMod:Evocation+1","TheCursedMod:ReleasedKnowledge"],"picked":"TheCursedMod:SaltUponWound+1","floor":18},{"not_picked":["TheCursedMod:Obscuration","TheCursedMod:CursedStaff"],"picked":"TheCursedMod:CursedBoomerang","floor":21},{"not_picked":["TheCursedMod:CursedShiv","TheCursedMod:CursedMace"],"picked":"TheCursedMod:NeowsMight","floor":23},{"not_picked":["TheCursedMod:Stigma","TheCursedMod:WearCloak"],"picked":"TheCursedMod:ReleasedKnowledge","floor":25},{"not_picked":["TheCursedMod:FleshFromBone+1","TheCursedMod:CursedSpellbook","TheCursedMod:ReleasedStrength"],"picked":"TheCursedMod:WearCloak","floor":28},{"not_picked":["TheCursedMod:CursedMace+1","TheCursedMod:SpitefulStrike+1","TheCursedMod:Hemoplague"],"picked":"TheCursedMod:ReleasedKnowledge+1","floor":29},{"not_picked":["TheCursedMod:StingEye","TheCursedMod:SaltUponWound+1","TheCursedMod:Torture"],"picked":"TheCursedMod:StunningStrike","floor":30},{"not_picked":["TheCursedMod:CircleOfFlame","TheCursedMod:SaltUponWound","TheCursedMod:Obscuration+1"],"picked":"TheCursedMod:CursedAmulet+1","floor":31},{"not_picked":["TheCursedMod:ManaCirculation","TheCursedMod:OutForBlood","TheCursedMod:VoidForm"],"picked":"TheCursedMod:DemonSword","floor":33},{"not_picked":["TheCursedMod:CursedShiv","TheCursedMod:FleshFromBone","TheCursedMod:Torture"],"picked":"TheCursedMod:ManaBullet+1","floor":35},{"not_picked":["TheCursedMod:SpreadPlague","TheCursedMod:RapidMovement+1","TheCursedMod:Stretching+1"],"picked":"TheCursedMod:WearCloak+1","floor":39},{"not_picked":["TheCursedMod:SurpriseAttack","TheCursedMod:DemonicPact","TheCursedMod:Wield"],"picked":"TheCursedMod:SmokeScreen+1","floor":41},{"not_picked":["TheCursedMod:VitalStrike","TheCursedMod:CursedMace","TheCursedMod:HellsGateOpen+1"],"picked":"TheCursedMod:CursedBlade+1","floor":42}],"player_experience":492936,"relics_obtained":[{"floor":4,"key":"MealTicket"},{"floor":9,"key":"theSenshi:SailorFukuRelic"},{"floor":23,"key":"Mercury Hourglass"},{"floor":26,"key":"Question Card"},{"floor":31,"key":"Tea:ReiMu"},{"floor":42,"key":"Ginger"},{"floor":43,"key":"InkBottle"}],"event_choices":[{"damage_healed":0,"gold_gain":0,"player_choice":"Relic","damage_taken":0,"max_hp_gain":0,"max_hp_loss":0,"event_name":"Wheel of Change","floor":4,"gold_loss":0},{"damage_healed":0,"gold_gain":0,"player_choice":"Upgraded","damage_taken":0,"max_hp_gain":0,"max_hp_loss":0,"event_name":"Upgrade Shrine","floor":11,"gold_loss":0,"cards_upgraded":["TheCursedMod:CleanUpWorkshop"]},{"damage_healed":0,"gold_gain":0,"player_choice":"Shed Blood","damage_taken":20,"max_hp_gain":5,"max_hp_loss":0,"event_name":"Forgotten Altar","floor":19,"gold_loss":0},{"cards_removed":["TheCursedMod:AntiAging"],"damage_healed":59,"gold_gain":0,"player_choice":"Offered Rare","damage_taken":0,"max_hp_gain":10,"max_hp_loss":0,"event_name":"Bonfire Elementals","floor":20,"gold_loss":0},{"damage_healed":0,"gold_gain":0,"player_choice":"Ignored","damage_taken":0,"max_hp_gain":0,"max_hp_loss":0,"event_name":"Tomb of Lord Red Mask","floor":36,"gold_loss":0},{"damage_healed":0,"gold_gain":999,"player_choice":"Gold","damage_taken":0,"max_hp_gain":0,"max_hp_loss":0,"event_name":"MindBloom","floor":37,"gold_loss":0,"cards_obtained":["Normality","Normality"]}],"is_beta":false,"boss_relics":[{"not_picked":["Empty Cage","Runic Dome"],"picked":"Astrolabe"},{"not_picked":["Snecko Eye","Tiny House"],"picked":"Cursed Key"}],"items_purged_floors":[38],"is_endless":false,"potions_floor_spawned":[7,10,12,13,16,18,21,30,35,41],"killed_by":"Nemesis","ascension_level":0}}