{"host":"llpusn9usp8rznkj","time":1608414564,"event":{"mods":["2.2 Compatiblity","BaseMod","Colored Map","Colored Powertips","Conspire","Downfall","Hubris","Minty Spire (QoL Compilation)","Rare Cards Sparkle","Replay The Spire","StSLib","The Cursed"],"gold_per_floor":[111,28,28,28,28,55,71,99,99,99,48,62,78,113,113,191,191,209,209,227,227,65,100,113,140,164,164,184,184,196,228,228,228,228],"floor_reached":33,"playtime":1325,"items_purged":[],"score":796,"play_id":"2c83d833-3511-4ebe-aa66-d542b8dbf5f0","local_time":"20201219164924","is_ascension_mode":true,"campfire_choices":[{"data":"Accuracy","floor":15.0,"key":"SMITH"},{"data":"Prepared","floor":27.0,"key":"SMITH"},{"data":"Blade Dance","floor":32.0,"key":"SMITH"},{"data":"Blade Dance","floor":32.0,"key":"SMITH"}],"circlet_count":0,"master_deck":["AscendersBane","Strike_G","Strike_G","Strike_G","Strike_G","Defend_G","Defend_G","Defend_G","Defend_G","Defend_G","Survivor","Neutralize","Blade Dance+1","Accuracy+1","Prepared+1","Escape Plan","Escape Plan","Hidden Blade","Blade Dance","Replay:Bag of Tricks","Blade Dance+1","ReplayTheSpireMod:Scrap Shanks","Cloak And Dagger+1","Hidden Blade+1"],"relics":["Ring of the Snake","NeowsBlessing","hubris:Towel","hubris:Icosahedron","Onion Ring","hubris:OldNail","FossilizedHelix","Blue Doll","HoveringKite","conspire:TreasureMap","Replay:Baseball","Ornamental Fan","Tiny Chest","MutagenicStrength","Replay:Arrowhead"],"acts_visited":["Exordium","TheCity"],"potions_floor_usage":[33],"damage_taken":[{"damage":0.0,"enemies":"2 Louse","floor":1.0,"turns":1.0},{"damage":0.0,"enemies":"Gremlin Nob","floor":6.0,"turns":1.0},{"damage":0.0,"enemies":"Jaw Worm","floor":7.0,"turns":1.0},{"damage":10.0,"enemies":"3 Sentries","floor":8.0,"turns":4.0},{"damage":0.0,"enemies":"Small Slimes","floor":12.0,"turns":1.0},{"damage":0.0,"enemies":"Looter","floor":13.0,"turns":1.0},{"damage":4.0,"enemies":"Lagavulin","floor":14.0,"turns":5.0},{"damage":25.0,"enemies":"The Guardian","floor":16.0,"turns":12.0},{"damage":0.0,"enemies":"Chosen","floor":18.0,"turns":3.0},{"damage":0.0,"enemies":"2 Thieves","floor":20.0,"turns":3.0},{"damage":0.0,"enemies":"Gremlin Leader","floor":23.0,"turns":5.0},{"damage":12.0,"enemies":"Shelled Parasite and Fungi","floor":24.0,"turns":3.0},{"damage":14.0,"enemies":"Book of Stabbing","floor":25.0,"turns":3.0},{"damage":0.0,"enemies":"Snecko","floor":28.0,"turns":3.0},{"damage":0.0,"enemies":"3 Cultists","floor":30.0,"turns":2.0},{"damage":0.0,"enemies":"Slavers","floor":31.0,"turns":3.0},{"damage":29,"enemies":"Pondfish","floor":33,"turns":6}],"seed_played":"-7112732862581958743","potions_obtained":[{"floor":6.0,"key":"Explosive Potion"},{"floor":7.0,"key":"Fire Potion"},{"floor":25.0,"key":"Energy Potion"},{"floor":30.0,"key":"CunningPotion"},{"floor":31.0,"key":"LiquidMemories"}],"is_trial":false,"path_per_floor":["M","$","?","?","?","E","M","E","T","?","$","M","M","E","R","B",null,"M","?","M","?","$","E","M","E","T","R","M","?","M","E","R","B"],"character_chosen":"THE_SILENT","items_purchased":["Accuracy","Blade Dance","conspire:TreasureMap"],"campfire_rested":0,"item_purchase_floors":[2,11,22],"current_hp_per_floor":[59,59,59,59,59,59,59,49,49,49,49,49,49,45,45,20,55,55,55,55,55,55,55,43,29,29,29,29,29,29,29,29,0,0],"gold":228,"neow_bonus":"THREE_ENEMY_KILL","is_daily":false,"chose_seed":false,"campfire_upgraded":4,"win_rate":0.0,"timestamp":1608414564,"path_taken":["M","$","?","?","?","E","M","E","T","?","?","M","?","E","R","BOSS","M","?","M","?","?","E","M","E","T","R","?","?","M","E","R","BOSS"],"items_purchased_type":["Card","Card","Relic"],"build_version":"2020-12-13","purchased_purges":0,"victory":false,"max_hp_per_floor":[66,66,66,66,66,66,66,66,66,66,66,66,66,66,66,66,66,66,66,66,66,66,66,66,66,66,66,66,66,66,66,66,66,66],"card_choices":[{"not_picked":["Flying Knee","Dagger Throw"],"picked":"Blade Dance","floor":1.0},{"not_picked":["Malaise","Deflect"],"picked":"Escape Plan","floor":6.0},{"not_picked":["hubris:SlightOfHand","Calculated Gamble"],"picked":"Escape Plan","floor":7.0},{"not_picked":["Draining Mist","Dagger Spray"],"picked":"Hidden Blade","floor":8.0},{"not_picked":["Dagger Spray","Toxin Wave","Slice"],"picked":"SKIP","floor":12.0},{"not_picked":["Choke","Sucker Punch","Quick Slash"],"picked":"SKIP","floor":13.0},{"not_picked":["Outmaneuver","Cloak And Dagger","Expertise"],"picked":"SKIP","floor":14.0},{"not_picked":["Bullet Time","Poison Darts"],"picked":"Replay:Bag of Tricks","floor":16.0},{"not_picked":["Acrobatics","Slice","Dagger Throw"],"picked":"SKIP","floor":18.0},{"not_picked":["Poisoned Stab","Prepared"],"picked":"Blade Dance","floor":20.0},{"not_picked":["Dagger Throw","Sucker Punch"],"picked":"ReplayTheSpireMod:Scrap Shanks","floor":23.0},{"not_picked":["Finisher","Skewer","Cloak And Dagger"],"picked":"SKIP","floor":24.0},{"not_picked":["Deadly Poison","ReplayTheSpireMod:Shiv Toss"],"picked":"Cloak And Dagger+1","floor":25.0},{"not_picked":["Noxious Fumes","Blur"],"picked":"Hidden Blade+1","floor":28.0},{"not_picked":["Dagger Throw","Bane","hubris:Counter"],"picked":"SKIP","floor":30.0},{"not_picked":["Masterful Stab+1","hubris:SlightOfHand","Phantasmal Killer"],"picked":"SKIP","floor":31.0}],"player_experience":1094026,"relics_obtained":[{"floor":6.0,"key":"Onion Ring"},{"floor":8.0,"key":"hubris:OldNail"},{"floor":9.0,"key":"FossilizedHelix"},{"floor":14.0,"key":"Blue Doll"},{"floor":23.0,"key":"Replay:Baseball"},{"floor":25.0,"key":"Ornamental Fan"},{"floor":26.0,"key":"Tiny Chest"},{"floor":31.0,"key":"Replay:Arrowhead"}],"event_choices":[{"cards_removed":["Strike_G"],"damage_healed":0.0,"max_hp_gain":0.0,"max_hp_loss":0.0,"gold_gain":0.0,"event_name":"Living Wall","player_choice":"Forget","floor":10.0,"gold_loss":0.0,"damage_taken":0.0},{"damage_healed":0.0,"max_hp_gain":0.0,"max_hp_loss":0.0,"gold_gain":0.0,"event_name":"Cursed Tome","player_choice":"Ignored","floor":21.0,"gold_loss":0.0,"damage_taken":0.0},{"damage_healed":0.0,"max_hp_gain":0.0,"max_hp_loss":0.0,"gold_gain":0.0,"event_name":"Drug Dealer","player_choice":"Inject Mutagens","floor":29.0,"gold_loss":0.0,"damage_taken":0.0,"relics_obtained":["MutagenicStrength"]}],"is_beta":false,"boss_relics":[{"not_picked":["Coffee Dripper","Kintsugi"],"picked":"HoveringKite"}],"items_purged_floors":[],"is_endless":false,"potions_floor_spawned":[6,7,25,30,31],"killed_by":"Pondfish","ascension_level":20}}