{"host":"rafqzjktzofwzqpn","time":1608348045,"event":{"mods":["BaseMod","Downfall","Minty Spire (QoL Compilation)","StSLib"],"gold_per_floor":[114,114,114,127,14,45,64,64,111,111,111,111],"floor_reached":11,"playtime":386,"items_purged":["Strike_R"],"score":75,"play_id":"0af33115-fb61-4e50-9fb7-f5efedd7986d","local_time":"20201218212045","is_ascension_mode":true,"campfire_choices":[{"floor":8,"key":"RECALL"},{"data":"Seeing Red","floor":10,"key":"SMITH"}],"circlet_count":0,"master_deck":["Strike_R","Strike_R","Defend_R","Defend_R","Defend_R","Defend_R","Bash","Dropkick","Rage","Flex","Sentinel","Inflame","Dark Embrace","Seeing Red+1"],"relics":["Burning Blood","MealTicket"],"acts_visited":["Exordium"],"potions_floor_usage":[6],"damage_taken":[{"damage":0,"enemies":"2 Louse","floor":1,"turns":2},{"damage":0,"enemies":"Small Slimes","floor":4,"turns":6},{"damage":46,"enemies":"3 Sentries","floor":6,"turns":16},{"damage":4,"enemies":"Cultist","floor":7,"turns":4},{"damage":67,"enemies":"Gremlin Nob","floor":11,"turns":5}],"seed_played":"9092539772550588821","potions_obtained":[{"floor":1,"key":"Block Potion"}],"is_trial":false,"path_per_floor":["M","?","?","M","$","E","M","R","T","R","E"],"character_chosen":"IRONCLAD","items_purchased":["Inflame"],"campfire_rested":0,"item_purchase_floors":[5],"current_hp_per_floor":[72,72,72,72,72,32,34,34,34,34,0,0],"gold":111,"neow_bonus":"TRANSFORM_TWO_CARDS","is_daily":false,"chose_seed":false,"campfire_upgraded":1,"win_rate":0.0,"timestamp":1608348045,"path_taken":["M","?","?","M","$","E","M","R","T","R","E"],"items_purchased_type":["Card"],"build_version":"2020-12-13","purchased_purges":1,"victory":false,"max_hp_per_floor":[72,72,72,72,72,72,72,72,72,72,72,72],"card_choices":[{"not_picked":["Havoc","Twin Strike"],"picked":"Flex","floor":1},{"not_picked":["Twin Strike","Thunderclap"],"picked":"Sentinel","floor":4},{"not_picked":["Sword Boomerang","Flex"],"picked":"Dark Embrace","floor":6},{"not_picked":["Heavy Blade","Flex"],"picked":"Seeing Red","floor":7}],"player_experience":349165,"relics_obtained":[{"floor":6,"key":"MealTicket"}],"event_choices":[{"damage_healed":0,"gold_gain":0,"player_choice":"Ignored","damage_taken":0,"max_hp_gain":0,"max_hp_loss":0,"event_name":"Liars Game","floor":2,"gold_loss":0},{"damage_healed":0,"gold_gain":0,"player_choice":"Bought 0 Potions","damage_taken":0,"max_hp_gain":0,"max_hp_loss":0,"event_name":"The Woman in Blue","floor":3,"gold_loss":0}],"is_beta":false,"boss_relics":[],"items_purged_floors":[5],"is_endless":false,"potions_floor_spawned":[1],"killed_by":"Gremlin Nob","ascension_level":1}}