{"host":"z60ck2mpr6goyib8","time":1608395530,"event":{"mods":["BaseMod","Best Route Mod","Bestiary","Better Third Choice","Block Reminder","Colored Map","Colored Powertips","Googly Eyes","Minty Spire (QoL Compilation)","Quick Restart","Relic Stats","Slay-I","StSLib","everything is the same but u backflip on backflip"],"gold_per_floor":[117,192,204,222,297,297,326,326,326,351,369,386,386,386],"floor_reached":13,"playtime":406,"items_purged":[],"score":143,"play_id":"b2c7ae8d-bf12-4b1c-ab61-c851b7ee9a02","local_time":"20201219163210","is_ascension_mode":true,"campfire_choices":[{"data":"Metallicize","floor":6.0,"key":"SMITH"},{"floor":8.0,"key":"REST"}],"circlet_count":0,"master_deck":["AscendersBane","Strike_R","Strike_R","Strike_R","Strike_R","Strike_R","Defend_R","Defend_R","Defend_R","Defend_R","Bash","Armaments","Metallicize+1","Barricade","Flex","Shrug It Off","Heavy Blade"],"relics":["Philosopher\u0027s Stone","Blood Vial","Bottled Lightning","Bird Faced Urn"],"acts_visited":["Exordium"],"potions_floor_usage":[11,13],"damage_taken":[{"damage":0.0,"enemies":"2 Louse","floor":1.0,"turns":3.0},{"damage":0.0,"enemies":"Cultist","floor":3.0,"turns":3.0},{"damage":3.0,"enemies":"Jaw Worm","floor":4.0,"turns":3.0},{"damage":49.0,"enemies":"Gremlin Nob","floor":7.0,"turns":5.0},{"damage":25.0,"enemies":"Lagavulin","floor":10.0,"turns":8.0},{"damage":5,"enemies":"2 Fungi Beasts","floor":11,"turns":5},{"damage":0,"enemies":"Looter","floor":12,"turns":3},{"damage":42,"enemies":"Gremlin Nob","floor":13,"turns":5}],"seed_played":"3565376044472724789","potions_obtained":[{"floor":7.0,"key":"Ancient Potion"},{"floor":10.0,"key":"Regen Potion"},{"floor":11,"key":"Energy Potion"}],"is_trial":false,"path_per_floor":["M","?","M","M","?","R","E","R","T","E","M","M","E"],"character_chosen":"IRONCLAD","items_purchased":[],"campfire_rested":1,"item_purchase_floors":[],"current_hp_per_floor":[72,64,64,61,50,50,1,25,25,2,15,19,0,0],"gold":386,"neow_bonus":"BOSS_RELIC","is_daily":false,"chose_seed":false,"campfire_upgraded":1,"win_rate":0.0,"timestamp":1608395530,"path_taken":["M","?","M","?","?","R","E","R","T","E","M","M","E"],"items_purchased_type":[],"build_version":"2020-12-13","purchased_purges":0,"victory":false,"max_hp_per_floor":[80,80,80,80,80,80,80,80,80,80,80,80,80,80],"relic_stats":{"Blood Vial":8,"counters":[8,35],"Bird Faced Urn":[6],"obtain_stats":[{"Blood Vial":7,"Bird Faced Urn":10,"Philosopher\u0027s Stone":0,"Bottled Lightning":9,"Burning Blood":0},{"Blood Vial":4,"Bird Faced Urn":5,"Philosopher\u0027s Stone":0,"Bottled Lightning":4,"Burning Blood":0},{"Blood Vial":14,"Bird Faced Urn":22,"Philosopher\u0027s Stone":0,"Bottled Lightning":14,"Burning Blood":0}]},"card_choices":[{"not_picked":["Wild Strike","Warcry"],"picked":"Armaments","floor":1.0},{"not_picked":["Headbutt","Dual Wield","Wild Strike"],"picked":"SKIP","floor":3.0},{"not_picked":["Anger","Infernal Blade"],"picked":"Metallicize","floor":4.0},{"not_picked":["Perfected Strike","Sentinel"],"picked":"Barricade","floor":7.0},{"not_picked":["Combust","Armaments"],"picked":"Flex","floor":10.0},{"not_picked":["Fire Breathing","Cleave"],"picked":"Shrug It Off","floor":11},{"not_picked":["Iron Wave","Wild Strike"],"picked":"Heavy Blade","floor":12}],"player_experience":506497,"relics_obtained":[{"floor":7.0,"key":"Blood Vial"},{"floor":9.0,"key":"Bottled Lightning"},{"floor":10.0,"key":"Bird Faced Urn"}],"event_choices":[{"damage_healed":0.0,"max_hp_gain":0.0,"max_hp_loss":0.0,"gold_gain":75.0,"event_name":"FaceTrader","player_choice":"Touch","floor":2.0,"gold_loss":0.0,"damage_taken":8.0},{"damage_healed":0.0,"max_hp_gain":0.0,"max_hp_loss":0.0,"gold_gain":75.0,"event_name":"betterThird:BetterGoop","player_choice":"Gold","floor":5.0,"gold_loss":0.0,"damage_taken":11.0}],"is_beta":false,"boss_relics":[],"items_purged_floors":[],"is_endless":false,"potions_floor_spawned":[7,10,11],"killed_by":"Gremlin Nob","ascension_level":10}}