{"host":"1tl36azeqm6yhdgj","time":1608379006,"event":{"mods":["AchievementEnabler","BaseMod","Minty Spire (QoL Compilation)","StSLib","The IronCluck","everything is the same but u backflip on backflip"],"gold_per_floor":[111,126,201,214,194,225,52,52,75,93,93,93],"floor_reached":11,"playtime":247,"items_purged":[],"score":131,"play_id":"27b843b4-c761-406a-932c-fe4f721bbf29","local_time":"20201219065646","is_ascension_mode":true,"campfire_choices":[{"data":"Barricade","floor":8.0,"key":"SMITH"}],"circlet_count":0,"master_deck":["AscendersBane","Strike_R","Strike_R","Strike_R","Strike_R","Strike_R+1","Defend_R","Defend_R","Defend_R","Defend_R","Bash+1","Anger","Disarm","Shrug It Off","Barricade+1"],"relics":["Burning Blood","NeowsBlessing","Whetstone","Blood Vial","Toy Ornithopter"],"acts_visited":["Exordium"],"potions_floor_usage":[11],"damage_taken":[{"damage":0.0,"enemies":"2 Louse","floor":1.0,"turns":1.0},{"damage":0.0,"enemies":"Cultist","floor":2.0,"turns":1.0},{"damage":0.0,"enemies":"Small Slimes","floor":4.0,"turns":1.0},{"damage":76.0,"enemies":"3 Sentries","floor":6.0,"turns":12.0},{"damage":11.0,"enemies":"Looter","floor":10.0,"turns":2.0},{"damage":42,"enemies":"Lagavulin","floor":11,"turns":6}],"seed_played":"-3160238089385764270","potions_obtained":[{"floor":2.0,"key":"Regen Potion"},{"floor":5.0,"key":"Regen Potion"},{"floor":6.0,"key":"SpeedPotion"}],"is_trial":false,"path_per_floor":["M","M","?","M","?","E","$","R","T","M","E"],"character_chosen":"IRONCLAD","items_purchased":["Blood Vial"],"campfire_rested":0,"item_purchase_floors":[7],"current_hp_per_floor":[74,75,64,70,70,31,31,31,31,28,0,0],"gold":93,"neow_bonus":"THREE_ENEMY_KILL","is_daily":false,"chose_seed":false,"campfire_upgraded":1,"win_rate":0.0,"timestamp":1608379006,"path_taken":["M","M","?","M","?","E","$","R","T","M","E"],"items_purchased_type":["Relic"],"build_version":"2020-12-13","purchased_purges":0,"victory":false,"max_hp_per_floor":[75,75,75,75,75,75,75,75,75,75,75,75],"card_choices":[{"not_picked":["Thunderclap","Shrug It Off"],"picked":"Anger","floor":1.0},{"not_picked":["Whirlwind","Fire Breathing"],"picked":"Disarm","floor":2.0},{"not_picked":["Perfected Strike","Body Slam"],"picked":"Shrug It Off","floor":4.0},{"not_picked":["Headbutt","Clothesline"],"picked":"Barricade","floor":6.0},{"not_picked":["Perfected Strike","Sword Boomerang","True Grit"],"picked":"SKIP","floor":10.0}],"player_experience":1969288,"relics_obtained":[{"floor":6.0,"key":"Whetstone"},{"floor":9.0,"key":"Toy Ornithopter"}],"event_choices":[{"damage_healed":0.0,"max_hp_gain":0.0,"max_hp_loss":0.0,"gold_gain":75.0,"event_name":"World of Goop","player_choice":"Gather Gold","floor":3.0,"gold_loss":0.0,"damage_taken":11.0},{"damage_healed":0.0,"max_hp_gain":0.0,"max_hp_loss":0.0,"gold_gain":0.0,"event_name":"The Woman in Blue","player_choice":"Bought 1 Potion","floor":5.0,"gold_loss":0.0,"damage_taken":0.0}],"is_beta":false,"boss_relics":[],"items_purged_floors":[],"is_endless":false,"potions_floor_spawned":[2,6],"killed_by":"Lagavulin","ascension_level":16}}