{"host":"poixavpewvabi3b6","time":1608390567,"event":{"mods":["BaseMod","DeckTracker","Minty Spire (QoL Compilation)","Replay The Spire","StSLib"],"gold_per_floor":[113,133,133,58,73,73,404,404,404,404,421,435,435,549,549,668,668,682,682,697,721,745,784,804,804,804,804,508,527,174,187,187,187,187],"floor_reached":33,"playtime":1627,"items_purged":["Strike_B","Strike_B","Defend_B"],"score":269,"play_id":"4883ea10-a075-44ea-a546-8653fe0861f6","local_time":"20201220000926","is_ascension_mode":false,"campfire_choices":[{"data":"Dualcast","floor":6,"key":"SMITH"},{"data":"Zap","floor":8,"key":"SMITH"},{"data":"Streamline","floor":10,"key":"SMITH"},{"floor":15,"key":"REST"},{"floor":27,"key":"REST"},{"floor":32,"key":"REST"}],"circlet_count":0,"master_deck":["Strike_B","Strike_B","Defend_B+1","Defend_B+1","Zap+1","Dualcast+1","Ball Lightning","Beam Cell+1","Streamline+1","Hologram","Conserve Battery","Scrape","Recycle","Conserve Battery","Streamline+1","Hologram","Rebound","Redo+1","Beam Cell","Beam Cell","Auto Shields","All For One","FTL","Hologram"],"relics":["Cracked Core","Old Coin","StoneCalendar","Golden Idol","War Paint","Honey Jar","Letter Opener","NlothsMask","HandDrill"],"acts_visited":["Exordium","TheCity"],"potions_floor_usage":[16,16,22,29],"damage_taken":[{"damage":1,"enemies":"Jaw Worm","floor":1,"turns":3},{"damage":0,"enemies":"2 Louse","floor":2,"turns":2},{"damage":0,"enemies":"Cultist","floor":5,"turns":2},{"damage":8,"enemies":"Gremlin Nob","floor":7,"turns":3},{"damage":0,"enemies":"3 Louse","floor":11,"turns":2},{"damage":27,"enemies":"Exordium Thugs","floor":12,"turns":3},{"damage":29,"enemies":"Hexaghost","floor":16,"turns":7},{"damage":7,"enemies":"Shell Parasite","floor":18,"turns":3},{"damage":0,"enemies":"Spheric Guardian","floor":20,"turns":2},{"damage":0,"enemies":"Centurion and Healer","floor":21,"turns":5},{"damage":0,"enemies":"Snecko","floor":22,"turns":5},{"damage":40,"enemies":"Slavers","floor":23,"turns":4},{"damage":2,"enemies":"Shelled Parasite and Fungi","floor":24,"turns":3},{"damage":6,"enemies":"Cultist and Chosen","floor":29,"turns":4},{"damage":11,"enemies":"Snake Plant","floor":31,"turns":2},{"damage":76,"enemies":"Automaton","floor":33,"turns":6}],"seed_played":"-8130199645690494854","potions_obtained":[{"floor":7,"key":"Regen Potion"},{"floor":11,"key":"Elixir"},{"floor":18,"key":"Block Potion"},{"floor":21,"key":"Regen Potion"},{"floor":22,"key":"Ancient Potion"},{"floor":31,"key":"Toxic Potion"}],"is_trial":false,"path_per_floor":["M","M","?","$","M","R","E","R","T","R","M","M","?","?","R","B",null,"M","?","M","M","M","E","M","?","T","R","$","M","$","M","R","B"],"character_chosen":"DEFECT","items_purchased":["Beam Cell","HandDrill","All For One","FTL"],"campfire_rested":3,"item_purchase_floors":[28,28,30,30],"current_hp_per_floor":[81,81,81,81,81,81,73,73,73,73,73,46,46,16,38,18,76,69,69,69,69,69,29,27,27,27,49,49,52,52,41,63,0,0],"gold":187,"neow_bonus":"TEN_PERCENT_HP_BONUS","is_daily":false,"chose_seed":false,"campfire_upgraded":3,"win_rate":0.0,"timestamp":1608390566,"path_taken":["M","M","?","$","M","R","E","R","T","R","M","M","?","?","R","BOSS","M","?","?","M","M","E","M","?","T","R","?","M","$","M","R","BOSS"],"items_purchased_type":["Card","Relic","Card","Card"],"build_version":"2020-12-13","purchased_purges":3,"victory":false,"max_hp_per_floor":[82,82,82,82,82,82,82,82,82,82,82,82,76,76,76,76,76,76,76,76,76,76,76,76,76,76,76,76,76,76,76,76,76,76],"card_choices":[{"not_picked":["ReplaySort","Turbo"],"picked":"Ball Lightning","floor":1},{"not_picked":["Cold Snap","Hologram"],"picked":"Beam Cell","floor":2},{"not_picked":["Redo","Hello World"],"picked":"Streamline","floor":5},{"not_picked":["Panic Button","Meteor Strike"],"picked":"Hologram","floor":7},{"not_picked":["Compile Driver","Ball Lightning","Leap"],"picked":"SKIP","floor":11},{"not_picked":["Leap","Consume","Coolheaded"],"picked":"SKIP","floor":12},{"not_picked":["Recycle","Coolheaded"],"picked":"Conserve Battery","floor":14},{"not_picked":["Storm","Streamline"],"picked":"Scrape","floor":14},{"not_picked":["ReplayTheSpireMod:Repulse","Chill","ReplayTheSpireMod:Reroute Power+1"],"picked":"Recycle","floor":18},{"not_picked":["Sweeping Beam","Stack","Turbo"],"picked":"Conserve Battery","floor":20},{"not_picked":["ReplaySort+1","Chaos","Reprogram+1"],"picked":"Streamline+1","floor":21},{"not_picked":["Steam Power+1","Steam","Leap+1"],"picked":"Hologram","floor":22},{"not_picked":["FIFO Queue+1","Sweeping Beam","Skim"],"picked":"Rebound","floor":23},{"not_picked":["Storm+1","Doom and Gloom","ReplayTheSpireMod:System Scan"],"picked":"Redo+1","floor":24},{"not_picked":["Time Bomb","Coolheaded","BasicCrystalCard"],"picked":"Auto Shields","floor":29},{"not_picked":["Turbo","Mirror Shield","Coolheaded+1"],"picked":"Hologram","floor":31}],"player_experience":133820,"relics_obtained":[{"floor":7,"key":"Old Coin"},{"floor":9,"key":"StoneCalendar"},{"floor":14,"key":"War Paint"},{"floor":23,"key":"Letter Opener"}],"event_choices":[{"damage_healed":0,"gold_gain":0,"player_choice":"Lose Max HP","damage_taken":0,"relics_obtained":["Golden Idol"],"max_hp_gain":0,"max_hp_loss":6,"event_name":"Golden Idol","floor":13,"gold_loss":0},{"cards_removed":["Defend_B"],"damage_healed":0,"gold_gain":0,"player_choice":"Purged","damage_taken":0,"max_hp_gain":0,"max_hp_loss":0,"event_name":"Purifier","floor":19,"gold_loss":0},{"damage_healed":0,"gold_gain":0,"player_choice":"Trade","damage_taken":0,"relics_obtained":["NlothsMask"],"max_hp_gain":0,"max_hp_loss":0,"event_name":"FaceTrader","floor":25,"gold_loss":0}],"is_beta":false,"boss_relics":[{"not_picked":["Runic Dome","Philosopher\u0027s Stone"],"picked":"Honey Jar"}],"items_purged_floors":[4,28,30],"is_endless":false,"potions_floor_spawned":[7,11,18,21,22,31],"killed_by":"Automaton","ascension_level":0}}