{"host":"tpad8qsc9e0g0pa5","time":1608382305,"event":{"mods":["BaseMod","Minty Spire (QoL Compilation)","Quick Restart","StSLib","The Bug Knight","The Servant 0.9.4"],"gold_per_floor":[114,129,99,24,37,37,54,54,54,70,83,83,83,112,112,216,216,216],"floor_reached":17,"playtime":503,"items_purged":["HollowMod:FocusHealStart"],"score":157,"play_id":"d3b7ea7d-e6c6-42f1-9f80-f0342c057cbb","local_time":"20201219205145","is_ascension_mode":false,"campfire_choices":[{"data":"HollowMod:MantisMark","floor":6.0,"key":"SMITH"},{"data":"HollowMod:NailStrikeStart","floor":13.0,"key":"SMITH"},{"data":"HollowMod:MantisMark","floor":15,"key":"SMITH"}],"circlet_count":0,"master_deck":["HollowMod:NailStrikeStart","HollowMod:NailStrikeStart+1","HollowMod:QuickDashStart","HollowMod:QuickDashStart","HollowMod:QuickDashStart","HollowMod:PogoStrike+1","HollowMod:MantisMark+1","HollowMod:MantisMark+1","HollowMod:SlysStrikes","HollowMod:InfectedCysts+1","HollowMod:GrimmsGift+1","HollowMod:NewInfectedGuardian+1"],"relics":["Busted Crown","Blue Candle","Pear","Astrolabe"],"acts_visited":["Exordium","TheCity"],"potions_floor_usage":[14],"damage_taken":[{"damage":0.0,"enemies":"Small Slimes","floor":1.0,"turns":2.0},{"damage":1.0,"enemies":"Cultist","floor":2.0,"turns":3.0},{"damage":1.0,"enemies":"Jaw Worm","floor":5.0,"turns":2.0},{"damage":3.0,"enemies":"Red Slaver","floor":7.0,"turns":2.0},{"damage":0.0,"enemies":"Lots of Slimes","floor":10.0,"turns":3.0},{"damage":2.0,"enemies":"Blue Slaver","floor":11.0,"turns":2.0},{"damage":6,"enemies":"Lagavulin","floor":14,"turns":6},{"damage":53,"enemies":"The Guardian","floor":16,"turns":8}],"seed_played":"-4628680047735399772","potions_obtained":[{"floor":3.0,"key":"CultistPotion"},{"floor":3.0,"key":"SteroidPotion"},{"floor":5.0,"key":"Explosive Potion"},{"floor":14,"key":"Block Potion"},{"floor":16,"key":"Swift Potion"}],"is_trial":false,"path_per_floor":["M","M","?","$","M","R","M","?","T","M","M","?","R","E","R","B",null],"character_chosen":"THE_BUGKNIGHT","items_purchased":[],"campfire_rested":0,"item_purchase_floors":[],"current_hp_per_floor":[75,74,74,74,73,73,70,70,70,70,68,68,68,72,72,19,85,85],"gold":216,"neow_bonus":"BOSS_RELIC","is_daily":false,"chose_seed":false,"campfire_upgraded":3,"win_rate":0.0,"timestamp":1608382305,"path_taken":["M","M","?","?","M","R","M","?","T","?","M","?","R","E","R","BOSS"],"items_purchased_type":[],"build_version":"2020-12-13","purchased_purges":1,"victory":false,"max_hp_per_floor":[75,75,75,75,75,75,75,75,75,75,75,75,75,85,85,85,85,85],"card_choices":[{"not_picked":["HollowMod:DashSlash"],"picked":"SKIP","floor":1.0},{"not_picked":["HollowMod:LifebloodCocoon"],"picked":"SKIP","floor":2.0},{"not_picked":[],"picked":"HollowMod:MantisMark","floor":5.0},{"not_picked":["HollowMod:InfectedCysts"],"picked":"SKIP","floor":7.0},{"not_picked":["HollowMod:SoulSplash"],"picked":"SKIP","floor":10.0},{"not_picked":["HollowMod:SoulShaman"],"picked":"SKIP","floor":11.0},{"not_picked":[],"picked":"HollowMod:MantisMark","floor":14},{"not_picked":[],"picked":"HollowMod:SlysStrikes","floor":16}],"player_experience":243777,"relics_obtained":[{"floor":9.0,"key":"Blue Candle"},{"floor":14,"key":"Pear"}],"event_choices":[{"damage_healed":0.0,"max_hp_gain":0.0,"max_hp_loss":0.0,"gold_gain":0.0,"event_name":"The Woman in Blue","player_choice":"Bought 2 Potions","floor":3.0,"gold_loss":0.0,"damage_taken":0.0},{"damage_healed":0.0,"max_hp_gain":0.0,"max_hp_loss":0.0,"gold_gain":0.0,"event_name":"Lab","player_choice":"Got Potions","floor":8.0,"gold_loss":0.0,"damage_taken":0.0},{"damage_healed":0.0,"max_hp_gain":0.0,"max_hp_loss":0.0,"gold_gain":0.0,"event_name":"Accursed Blacksmith","player_choice":"Forge","floor":12.0,"gold_loss":0.0,"damage_taken":0.0,"cards_upgraded":["HollowMod:PogoStrike"]}],"is_beta":false,"boss_relics":[{"not_picked":["Tiny House","Calling Bell"],"picked":"Astrolabe"}],"items_purged_floors":[4],"is_endless":false,"potions_floor_spawned":[5,14,16],"ascension_level":0}}