{"host":"Aysed","time":1608421575,"event":{"mods":["AchievementEnabler","BaseMod","Colored Powertips","Downfall","Faster Ascension Climbing","Minty Spire (QoL Compilation)","Quick Restart","StSLib","SuperFastMode"],"gold_per_floor":[110,385,400,414,414,414,424,103,185,198,98,115,131,6,6,105,105,125,50,84,97,107,107,107,121,171,187,187,204,204,54,54,149,149,159,209,261,277,277,304,304,319,319,331,331,331,331,331,331,331],"floor_reached":51,"playtime":1329,"items_purged":["Regret","Strike_B","Strike_B","Defend_B"],"score":744,"play_id":"f7e9e3be-90ee-4d64-85e4-8e9e1535a705","local_time":"20201220004615","is_ascension_mode":false,"campfire_choices":[{"data":"Zap","floor":6.0,"key":"SMITH"},{"data":"FTL","floor":15.0,"key":"SMITH"},{"data":"Gash","floor":23.0,"key":"SMITH"},{"data":"Scrape","floor":30.0,"key":"SMITH"},{"data":"Gash","floor":32.0,"key":"SMITH"},{"floor":41,"key":"REST"},{"floor":45,"key":"REST"},{"floor":47,"key":"REST"},{"floor":49,"key":"REST"}],"circlet_count":0,"master_deck":["Defend_B","Defend_B","Zap+1","Go for the Eyes","Gash","FTL+1","All For One","Go for the Eyes","Go for the Eyes","Flash of Steel","Gash+1","Rebound+1","Gash+1","Auto Shields+1","Beam Cell","Gash+1","Scrape+1","Gash","Gash+1","Madness","Gash+1"],"relics":["Cracked Core","NeowsBlessing","Orrery","Kunai","Astrolabe","Red Mask","Pen Nib","Fusion Hammer","Prayer Wheel","Thread and Needle","Strawberry","Lizard Tail","Darkstone Periapt"],"acts_visited":["Exordium","TheCity","TheBeyond"],"potions_floor_usage":[40,40,40,50,50],"damage_taken":[{"damage":0.0,"enemies":"2 Louse","floor":1.0,"turns":1.0},{"damage":0.0,"enemies":"Cultist","floor":3.0,"turns":1.0},{"damage":0.0,"enemies":"Jaw Worm","floor":4.0,"turns":1.0},{"damage":16.0,"enemies":"Gremlin Gang","floor":7.0,"turns":4.0},{"damage":8.0,"enemies":"3 Louse","floor":10.0,"turns":2.0},{"damage":0.0,"enemies":"Looter","floor":12.0,"turns":2.0},{"damage":2.0,"enemies":"2 Fungi Beasts","floor":13.0,"turns":2.0},{"damage":26.0,"enemies":"The Guardian","floor":16.0,"turns":8.0},{"damage":0.0,"enemies":"Shell Parasite","floor":18.0,"turns":4.0},{"damage":7.0,"enemies":"Masked Bandits","floor":20.0,"turns":4.0},{"damage":0.0,"enemies":"Spheric Guardian","floor":21.0,"turns":2.0},{"damage":18.0,"enemies":"Centurion and Healer","floor":22.0,"turns":4.0},{"damage":0.0,"enemies":"Cultist and Chosen","floor":25.0,"turns":4.0},{"damage":15.0,"enemies":"Snecko","floor":27.0,"turns":3.0},{"damage":10.0,"enemies":"Snake Plant","floor":29.0,"turns":3.0},{"damage":30.0,"enemies":"Champ","floor":33.0,"turns":5.0},{"damage":9.0,"enemies":"Orb Walker","floor":35.0,"turns":3.0},{"damage":0.0,"enemies":"Mind Bloom Boss Battle","floor":36.0,"turns":2.0},{"damage":18.0,"enemies":"2 Orb Walkers","floor":37.0,"turns":4.0},{"damage":13.0,"enemies":"3 Shapes","floor":38.0,"turns":2.0},{"damage":18,"enemies":"Reptomancer","floor":40,"turns":5},{"damage":7,"enemies":"Writhing Mass","floor":42,"turns":2},{"damage":0,"enemies":"Jaw Worm Horde","floor":44,"turns":3},{"damage":69,"enemies":"Time Eater","floor":50,"turns":8}],"seed_played":"-3950633339203994637","potions_obtained":[{"floor":1.0,"key":"hexamod:EctoCoolerPotion"},{"floor":10.0,"key":"Guardian:BlockOnCardUsePotion"},{"floor":12.0,"key":"Fruit Juice"},{"floor":18.0,"key":"SpeedPotion"},{"floor":25.0,"key":"Regen Potion"},{"floor":33.0,"key":"Block Potion"},{"floor":35.0,"key":"EssenceOfSteel"},{"floor":38.0,"key":"Swift Potion"},{"floor":42,"key":"EntropicBrew"}],"is_trial":false,"path_per_floor":["M","?","M","M","?","R","M","$","T","M","$","M","M","$","R","B",null,"M","?","?","M","M","R","?","M","T","M","?","M","R","$","R","B",null,"M","?","?","M","?","E","R","M","T","M","R","?","R","T","R","B",null],"character_chosen":"DEFECT","items_purchased":["Orrery","Flash of Steel"],"campfire_rested":4,"item_purchase_floors":[8,8],"current_hp_per_floor":[75,75,75,75,68,68,52,52,52,44,44,44,42,42,42,21,80,80,80,73,73,55,55,55,55,55,40,40,30,30,30,30,14,80,71,71,53,40,30,19,45,38,38,38,64,64,87,87,87,27],"gold":331,"neow_bonus":"THREE_ENEMY_KILL","is_daily":false,"chose_seed":false,"campfire_upgraded":5,"win_rate":0.0,"timestamp":1608421575,"path_taken":["M","?","?","M","?","R","?","$","T","M","$","M","M","$","R","BOSS","M","?","?","M","M","R","?","M","T","M","?","M","R","$","R","BOSS","M","?","?","M","?","E","R","?","T","M","R","?","R","?","R","BOSS"],"items_purchased_type":["Relic","Card"],"build_version":"2020-12-18","purchased_purges":4,"victory":true,"max_hp_per_floor":[75,75,75,75,75,75,75,75,75,75,75,75,75,75,75,80,80,80,80,80,80,80,80,80,80,80,80,80,80,80,80,80,80,80,80,80,80,80,80,87,87,87,87,87,87,87,87,87,87,87],"card_choices":[{"not_picked":["Steam","Conserve Battery"],"picked":"Go for the Eyes","floor":1.0},{"not_picked":["Steam","Melter","Redo"],"picked":"SKIP","floor":3.0},{"not_picked":["Hologram","Chaos"],"picked":"Gash","floor":4.0},{"not_picked":["Ball Lightning","White Noise","Leap"],"picked":"SKIP","floor":7.0},{"not_picked":["Chill","Meteor Strike"],"picked":"FTL","floor":8.0},{"not_picked":["Beam Cell","Hyperbeam"],"picked":"All For One","floor":8.0},{"not_picked":["Steam","Blizzard"],"picked":"Go for the Eyes","floor":8.0},{"not_picked":["Compile Driver","Conserve Battery"],"picked":"Go for the Eyes","floor":8.0},{"not_picked":["Steam","Reprogram","Streamline"],"picked":"SKIP","floor":10.0},{"not_picked":["Recycle","Hello World"],"picked":"Gash","floor":12.0},{"not_picked":["Electrodynamics","Redo","Rebound"],"picked":"SKIP","floor":13.0},{"not_picked":["Sweeping Beam","Consume","Chill"],"picked":"SKIP","floor":18.0},{"not_picked":["Rebound","Hologram"],"picked":"Beam Cell","floor":21.0},{"not_picked":["Reboot","Leap","Chill"],"picked":"SKIP","floor":22.0},{"not_picked":["Cold Snap","Leap"],"picked":"Scrape","floor":25.0},{"not_picked":["Rip and Tear","Redo+1","Cold Snap"],"picked":"SKIP","floor":27.0},{"not_picked":["Force Field","Defragment","Rebound"],"picked":"SKIP","floor":29.0},{"not_picked":["Cold Snap+1","Hologram+1","Force Field+1"],"picked":"SKIP","floor":35.0},{"not_picked":["Coolheaded","Skim+1"],"picked":"Gash","floor":38.0},{"not_picked":["Redo","Darkness+1","Gash+1"],"picked":"SKIP","floor":38.0},{"not_picked":["Redo","Darkness+1"],"picked":"Gash+1","floor":38.0},{"not_picked":["Streamline","Self Repair+1"],"picked":"Gash+1","floor":40},{"not_picked":["Blizzard","Recycle","Cold Snap"],"picked":"SKIP","floor":42},{"not_picked":["Turbo","Rebound+1","Heatsinks"],"picked":"SKIP","floor":42},{"not_picked":["Redo","Defragment+1","Chaos+1"],"picked":"SKIP","floor":44},{"not_picked":["Skim","Conserve Battery","Beam Cell"],"picked":"SKIP","floor":44}],"player_experience":35842,"relics_obtained":[{"floor":9.0,"key":"Kunai"},{"floor":20.0,"key":"Red Mask"},{"floor":26.0,"key":"Pen Nib"},{"floor":36.0,"key":"Prayer Wheel"},{"floor":37.0,"key":"Thread and Needle"},{"floor":40,"key":"Strawberry"},{"floor":43,"key":"Lizard Tail"},{"floor":48,"key":"Darkstone Periapt"}],"event_choices":[{"damage_healed":0.0,"max_hp_gain":0.0,"max_hp_loss":0.0,"gold_gain":275.0,"event_name":"Golden Shrine","player_choice":"Desecrate","floor":2.0,"gold_loss":0.0,"damage_taken":0.0,"cards_obtained":["Regret"]},{"damage_healed":0.0,"max_hp_gain":0.0,"max_hp_loss":0.0,"gold_gain":0.0,"event_name":"Wheel of Change","player_choice":"Damaged","floor":5.0,"gold_loss":0.0,"damage_taken":7.0},{"cards_removed":["Dualcast"],"damage_healed":0.0,"max_hp_gain":0.0,"max_hp_loss":0.0,"gold_gain":0.0,"event_name":"Beggar","player_choice":"Gave Gold","floor":19.0,"gold_loss":75.0,"damage_taken":0.0},{"damage_healed":0.0,"max_hp_gain":0.0,"max_hp_loss":0.0,"gold_gain":0.0,"event_name":"Masked Bandits","player_choice":"Fought Bandits","floor":20.0,"gold_loss":0.0,"damage_taken":0.0},{"damage_healed":0.0,"max_hp_gain":0.0,"max_hp_loss":0.0,"gold_gain":0.0,"event_name":"The Library","player_choice":"Read","floor":24.0,"gold_loss":0.0,"damage_taken":0.0,"cards_obtained":["Gash"]},{"damage_healed":0.0,"max_hp_gain":0.0,"max_hp_loss":0.0,"gold_gain":0.0,"event_name":"Ghosts","player_choice":"Ignored","floor":28.0,"gold_loss":0.0,"damage_taken":0.0},{"damage_healed":0.0,"max_hp_gain":0.0,"max_hp_loss":0.0,"gold_gain":0.0,"event_name":"MindBloom","player_choice":"Fight","floor":36.0,"gold_loss":0.0,"damage_taken":0.0},{"damage_healed":0.0,"max_hp_gain":0.0,"max_hp_loss":0.0,"gold_gain":0.0,"event_name":"Mysterious Sphere","player_choice":"Fight","floor":37.0,"gold_loss":0.0,"damage_taken":0.0},{"damage_healed":0.0,"max_hp_gain":0.0,"max_hp_loss":0.0,"gold_gain":0.0,"event_name":"Winding Halls","player_choice":"Embrace Madness","floor":39.0,"gold_loss":0.0,"damage_taken":10.0,"cards_obtained":["Madness","Madness"]},{"cards_removed":["Madness"],"damage_healed":0,"gold_gain":0,"player_choice":"Removed Skill","damage_taken":0,"max_hp_gain":0,"max_hp_loss":0,"event_name":"Falling","floor":46,"gold_loss":0}],"is_beta":true,"boss_relics":[{"not_picked":["Velvet Choker","Ectoplasm"],"picked":"Astrolabe"},{"not_picked":["Cursed Key","Nuclear Battery"],"picked":"Fusion Hammer"}],"items_purged_floors":[8,11,14,31],"is_endless":false,"potions_floor_spawned":[1,10,12,18,21,25,29,33,35,38,42],"ascension_level":0}}