{"host":"bxn2em57qlx5u4i0","time":1608356906,"event":{"mods":["BaseMod","Colored Map","Colored Powertips","Highlight Path","Minty Spire (QoL Compilation)","Random Character Button","Relic Sorter","Relic Stats","StSLib","SuperFastMode"],"gold_per_floor":[118,137,22,38,58,58,93,93,93,93,125,125,11,22,22,95,95,115,115,126,26,36,62,62,91,116,150,25,35,35,35],"floor_reached":30,"playtime":1189,"items_purged":["Strike_G","Strike_G","Strike_G"],"score":596,"play_id":"3a99dcf4-33a2-4957-8e79-1257536685fc","local_time":"20201219004826","is_ascension_mode":true,"campfire_choices":[{"data":"Crippling Poison","floor":6.0,"key":"SMITH"},{"floor":8.0,"key":"REST"},{"data":"Cloak And Dagger","floor":10.0,"key":"SMITH"},{"data":"Neutralize","floor":12.0,"key":"SMITH"},{"data":"After Image","floor":15.0,"key":"SMITH"},{"floor":24.0,"key":"REST"}],"circlet_count":0,"master_deck":["AscendersBane","Strike_G","Strike_G","Defend_G","Defend_G","Defend_G","Defend_G","Defend_G","Survivor","Neutralize+1","Endless Agony","Poisoned Stab","Footwork","Well Laid Plans","Cloak And Dagger+1","After Image+1","Infinite Blades","After Image","Slice","Escape Plan"],"relics":["Ring of the Serpent","Ginger","Kunai","Ornamental Fan","Bottled Lightning","Strawberry","Pear","Boot"],"acts_visited":["Exordium","TheCity"],"potions_floor_usage":[30],"damage_taken":[{"damage":7.0,"enemies":"Small Slimes","floor":1.0,"turns":4.0},{"damage":1.0,"enemies":"Cultist","floor":2.0,"turns":4.0},{"damage":0.0,"enemies":"2 Louse","floor":4.0,"turns":3.0},{"damage":1.0,"enemies":"Blue Slaver","floor":5.0,"turns":5.0},{"damage":29.0,"enemies":"Gremlin Nob","floor":7.0,"turns":4.0},{"damage":6.0,"enemies":"3 Sentries","floor":11.0,"turns":12.0},{"damage":0.0,"enemies":"Exordium Wildlife","floor":14.0,"turns":5.0},{"damage":7.0,"enemies":"Hexaghost","floor":16.0,"turns":15.0},{"damage":8.0,"enemies":"Shell Parasite","floor":18.0,"turns":7.0},{"damage":5.0,"enemies":"3 Byrds","floor":20.0,"turns":9.0},{"damage":12.0,"enemies":"Cultist and Chosen","floor":22.0,"turns":10.0},{"damage":46.0,"enemies":"Slavers","floor":23.0,"turns":10.0},{"damage":7.0,"enemies":"Book of Stabbing","floor":25.0,"turns":10.0},{"damage":33.0,"enemies":"Slavers","floor":27.0,"turns":6.0},{"damage":0.0,"enemies":"Centurion and Healer","floor":29.0,"turns":9.0},{"damage":15,"enemies":"Snecko","floor":30,"turns":4}],"seed_played":"-6777733885679541865","potions_obtained":[{"floor":1.0,"key":"SpeedPotion"},{"floor":5.0,"key":"Swift Potion"},{"floor":7.0,"key":"Strength Potion"},{"floor":22.0,"key":"CultistPotion"},{"floor":25.0,"key":"LiquidBronze"},{"floor":27.0,"key":"AttackPotion"}],"is_trial":false,"path_per_floor":["M","M","$","M","M","R","E","R","T","R","E","R","$","M","R","B",null,"M","?","M","$","M","E","R","E","T","E","$","M","M"],"character_chosen":"THE_SILENT","items_purchased":["Crippling Poison","Footwork","Infinite Blades"],"campfire_rested":2,"item_purchase_floors":[3,3,13],"current_hp_per_floor":[37,36,36,36,35,35,6,25,25,25,19,19,19,19,19,12,53,45,66,61,61,49,10,31,34,34,1,1,1,0,0],"gold":35,"neow_bonus":"ONE_RARE_RELIC","is_daily":false,"chose_seed":false,"campfire_upgraded":4,"win_rate":0.0,"timestamp":1608356906,"path_taken":["M","M","$","M","M","R","E","R","T","R","E","R","$","M","R","BOSS","M","?","M","?","?","E","R","E","T","E","$","M","M"],"items_purchased_type":["Card","Card","Card"],"build_version":"2020-12-13","purchased_purges":3,"victory":false,"max_hp_per_floor":[66,66,66,66,66,66,66,66,66,66,66,66,66,66,66,66,66,66,66,66,66,66,73,73,83,83,83,83,83,83,83],"relic_stats":{"counters":[16,117],"Ornamental Fan":[268],"Ginger":[22],"Kunai":[67],"Boot":[27],"obtain_stats":[{"Pear":25,"Ornamental Fan":9,"Strawberry":23,"Ginger":0,"Kunai":7,"Bottled Lightning":11,"Boot":27,"Ring of the Serpent":17,"Ring of the Snake":0},{"Pear":13,"Ornamental Fan":5,"Strawberry":12,"Ginger":0,"Kunai":5,"Bottled Lightning":6,"Boot":14,"Ring of the Serpent":8,"Ring of the Snake":0},{"Pear":98,"Ornamental Fan":20,"Strawberry":88,"Ginger":0,"Kunai":20,"Bottled Lightning":32,"Boot":104,"Ring of the Serpent":52,"Ring of the Snake":0}]},"card_choices":[{"not_picked":["Cloak And Dagger","Setup"],"picked":"Endless Agony","floor":1.0},{"not_picked":["Backstab","Flying Knee"],"picked":"Poisoned Stab","floor":2.0},{"not_picked":["Riddle With Holes","Backstab"],"picked":"Well Laid Plans","floor":4.0},{"not_picked":["Sucker Punch","Prepared","Deflect"],"picked":"SKIP","floor":5.0},{"not_picked":["Infinite Blades","Sucker Punch"],"picked":"Cloak And Dagger","floor":7.0},{"not_picked":["Slice","Dagger Throw"],"picked":"After Image","floor":11.0},{"not_picked":["Acrobatics","Bane","Outmaneuver"],"picked":"SKIP","floor":14.0},{"not_picked":["Grand Finale","Tools of the Trade"],"picked":"After Image","floor":16.0},{"not_picked":["Predator","Prepared","Dagger Throw"],"picked":"SKIP","floor":18.0},{"not_picked":["Flechettes","Prepared","PiercingWail"],"picked":"SKIP","floor":20.0},{"not_picked":["Skewer","Footwork+1"],"picked":"Slice","floor":22.0},{"not_picked":["PiercingWail","Reflex","Caltrops"],"picked":"SKIP","floor":23.0},{"not_picked":["Dodge and Roll","Deflect"],"picked":"Escape Plan","floor":25.0},{"not_picked":["Dash","Skewer+1","Dagger Throw"],"picked":"SKIP","floor":27.0},{"not_picked":["Caltrops","Dagger Spray","Bane"],"picked":"SKIP","floor":29.0}],"player_experience":2811529,"relics_obtained":[{"floor":7.0,"key":"Kunai"},{"floor":9.0,"key":"Ornamental Fan"},{"floor":11.0,"key":"Bottled Lightning"},{"floor":23.0,"key":"Strawberry"},{"floor":25.0,"key":"Pear"},{"floor":27.0,"key":"Boot"}],"event_choices":[{"cards_removed":["Crippling Poison"],"damage_healed":21.0,"max_hp_gain":0.0,"max_hp_loss":0.0,"gold_gain":0.0,"event_name":"Bonfire Elementals","player_choice":"Offered Uncommon","floor":19.0,"gold_loss":0.0,"damage_taken":0.0}],"is_beta":false,"boss_relics":[{"not_picked":["Empty Cage","SacredBark"],"picked":"Ring of the Serpent"}],"items_purged_floors":[13,21,28],"is_endless":false,"potions_floor_spawned":[1,5,7,14,22,25,27],"killed_by":"Snecko","ascension_level":20}}