{"host":"tyfpg4h531zkrrpn","time":1608343580,"event":{"mods":["Act Like it!","BaseMod","CapriCore","Card Filter","Colored Map","Minty Spire (QoL Compilation)","MostiFishMod","Permanent Neow","Quick Restart","Relic Filter","StSLib","Waifu the Spire"],"gold_per_floor":[112,131,131,151,165,203,203,237,289,289,307,326,366,384,384,479,479,503,503,528,547,67,103,103,147,147,186,210,260,296,221,221,314,314,338,363,363,363,386,430,430,461,512,578,600,642,642,642,642,642,642,642,642,24,73,73],"floor_reached":57,"playtime":1685,"items_purged":["Strike_R"],"score":3755,"play_id":"cbe73a96-7f66-477c-af0b-e2681feda7fc","local_time":"20201218180620","is_ascension_mode":true,"campfire_choices":[{"data":"MostiFishMod:NeverNightCountry","floor":7,"key":"SMITH"},{"data":"Clothesline","floor":10,"key":"SMITH"},{"data":"Pommel Strike","floor":15,"key":"SMITH"},{"data":"MostiFishMod:HellRitual","floor":24,"key":"SMITH"},{"floor":32,"key":"RECALL"},{"data":"Panacea","floor":41,"key":"SMITH"},{"data":"Disarm","floor":47,"key":"SMITH"},{"data":"Rage","floor":49,"key":"SMITH"},{"data":"Defend_R","floor":53,"key":"SMITH"}],"circlet_count":0,"master_deck":["AscendersBane","Strike_R","Strike_R","Strike_R","Strike_R","Defend_R","Defend_R","Defend_R+1","Bash+1","Clothesline+1","Cleave","Twin Strike","Thunderclap","Pommel Strike+1","Sword Boomerang+1","MostiFishMod:HellRitual+1","Pommel Strike+1","Rage+1","MostiFishMod:ButterFly+1","Body Slam+1","Disarm+1","Panacea+1","MostiFishMod:ButterFly+1","MostiFishMod:ButterFly+1","Iron Wave+1","Feel No Pain+1","MostiFishMod:CullingBlade+1","MostiFishMod:CullingBlade+1","Body Slam+1"],"relics":["Burning Blood","DaveBox","FeatherPendant","Question Card","Golden Idol","Omamori","MealTicket","Molten Egg 2","ImportantClient","GuanYuAspect","Torii","Bag of Preparation","Centennial Puzzle","Gambling Chip","Sundial","TungstenRod","FossilizedHelix","ShadowXiaoBlade","CeramicFish","The Courier","Potion Belt","DaCapo","Art of War","ThornShield","BionicSphere","DollysMirror","Happy Flower"],"acts_visited":["Exordium","TheCity","TheBeyond","TheEnding"],"potions_floor_usage":[56],"damage_taken":[{"damage":0,"enemies":"2 Louse","floor":1,"turns":3},{"damage":0,"enemies":"Jaw Worm","floor":2,"turns":3},{"damage":0,"enemies":"Small Slimes","floor":4,"turns":2},{"damage":1,"enemies":"Looter","floor":5,"turns":2},{"damage":10,"enemies":"3 Sentries","floor":6,"turns":5},{"damage":0,"enemies":"Lagavulin","floor":8,"turns":4},{"damage":0,"enemies":"2 Fungi Beasts","floor":11,"turns":2},{"damage":4,"enemies":"3 Louse","floor":12,"turns":2},{"damage":20,"enemies":"3 Sentries","floor":13,"turns":4},{"damage":0,"enemies":"Large Slime","floor":14,"turns":4},{"damage":40,"enemies":"Hexaghost","floor":16,"turns":5},{"damage":0,"enemies":"Spheric Guardian","floor":18,"turns":2},{"damage":0,"enemies":"Chosen","floor":20,"turns":2},{"damage":21,"enemies":"Shelled Parasite and Fungi","floor":21,"turns":2},{"damage":32,"enemies":"Slavers","floor":23,"turns":5},{"damage":0,"enemies":"Gremlin Leader","floor":25,"turns":1},{"damage":0,"enemies":"Slavers","floor":27,"turns":1},{"damage":0,"enemies":"Chosen and Byrds","floor":28,"turns":3},{"damage":0,"enemies":"Gremlin Leader","floor":30,"turns":2},{"damage":7,"enemies":"Automaton","floor":33,"turns":3},{"damage":0,"enemies":"3 Darklings","floor":35,"turns":1},{"damage":0,"enemies":"Orb Walker","floor":36,"turns":1},{"damage":6,"enemies":"4 Shapes","floor":39,"turns":3},{"damage":0,"enemies":"Reptomancer","floor":40,"turns":1},{"damage":6,"enemies":"Nemesis","floor":42,"turns":2},{"damage":0,"enemies":"2 Orb Walkers","floor":44,"turns":1},{"damage":0,"enemies":"Transient","floor":45,"turns":1},{"damage":0,"enemies":"Giant Head","floor":46,"turns":3},{"damage":0,"enemies":"Donu and Deca","floor":50,"turns":1},{"damage":0,"enemies":"Awakened One","floor":51,"turns":2},{"damage":0,"enemies":"Shield and Spear","floor":55,"turns":1},{"damage":0,"enemies":"The Heart","floor":56,"turns":2}],"seed_played":"-28925698229314986","potions_obtained":[{"floor":2,"key":"SkillPotion"},{"floor":5,"key":"LiquidMemories"},{"floor":6,"key":"Swift Potion"},{"floor":20,"key":"DuplicationPotion"},{"floor":44,"key":"FairyPotion"}],"is_trial":false,"path_per_floor":["M","M","?","M","M","E","R","E","T","R","M","M","E","M","R","B",null,"M","?","M","M","$","E","R","E","T","E","M","?","E","?","R","B",null,"M","M","?","?","M","E","R","E","T","?","M","E","R","?","R","B","B",null,"R","$","E","B",null],"character_chosen":"IRONCLAD","items_purchased":["Torii","Bag of Preparation","MostiFishMod:ButterFly+1","ThornShield","BionicSphere","DollysMirror"],"campfire_rested":0,"item_purchase_floors":[22,22,22,54,54,54],"current_hp_per_floor":[74,75,49,55,60,56,56,101,101,101,107,109,95,101,101,67,57,57,57,57,46,54,37,37,57,57,57,57,57,57,57,57,57,57,57,57,48,48,57,57,57,57,57,57,57,57,57,57,57,57,57,57,57,57,57,57],"gold":73,"neow_bonus":"UPGRADE_CARD","is_daily":false,"chose_seed":false,"campfire_upgraded":8,"win_rate":0.0,"timestamp":1608343580,"path_taken":["M","M","?","M","M","E","R","E","T","R","M","M","E","M","R","BOSS","M","?","M","M","$","E","R","E","T","E","M","?","E","?","R","BOSS","M","M","?","?","M","E","R","E","T","?","M","E","R","?","R","BOSS","BOSS","R","$","E","BOSS"],"items_purchased_type":["Relic","Relic","Card","Relic","Relic","Relic"],"build_version":"2020-12-13","purchased_purges":1,"victory":true,"max_hp_per_floor":[75,75,75,75,75,75,75,114,114,114,114,114,114,114,114,114,57,57,57,57,57,57,57,57,57,57,57,57,57,57,57,57,57,57,57,57,57,57,57,57,57,57,57,57,57,57,57,57,57,57,57,57,57,57,57,57],"card_choices":[{"not_picked":["Ghostly Armor","Flex"],"picked":"Twin Strike","floor":1},{"not_picked":["Entrench","Seeing Red","Havoc"],"picked":"Clothesline","floor":2},{"not_picked":["MostiFishMod:BrandingRite","Shrug It Off","Perfected Strike"],"picked":"Cleave","floor":4},{"not_picked":["Cleave","Rupture","Heavy Blade"],"picked":"Twin Strike","floor":5},{"not_picked":["Infernal Blade","Clothesline","Havoc"],"picked":"MostiFishMod:NeverNightCountry","floor":6},{"not_picked":["Cleave","Anger","Second Wind","Twin Strike"],"picked":"SKIP","floor":8},{"not_picked":["Perfected Strike","Havoc","Intimidate"],"picked":"Thunderclap","floor":11},{"not_picked":["Twin Strike","Thunderclap","Blood for Blood"],"picked":"Pommel Strike","floor":12},{"not_picked":["Warcry","Anger+1","Armaments"],"picked":"Sword Boomerang+1","floor":13},{"not_picked":["Spot Weakness","Anger+1","Metallicize","Offering"],"picked":"SKIP","floor":14},{"not_picked":["MostiFishMod:PerfectStrikeMKII+1","Brutality","Demon Form"],"picked":"MostiFishMod:HellRitual","floor":16},{"not_picked":["Twin Strike+1","Perfected Strike+1","Battle Trance","True Grit"],"picked":"SKIP","floor":18},{"not_picked":["Clothesline+1","Infernal Blade","Combust"],"picked":"Pommel Strike+1","floor":20},{"not_picked":["MostiFishMod:BrandingRite","Heavy Blade+1","Warcry","Rage"],"picked":"SKIP","floor":21},{"not_picked":["MostiFishMod:BrandingRite","Heavy Blade+1","Warcry"],"picked":"Rage","floor":21},{"not_picked":["Cleave+1","Shrug It Off","Brutality"],"picked":"Body Slam+1","floor":23},{"not_picked":["Clash+1","Cleave+1","Twin Strike+1","Fire Breathing"],"picked":"SKIP","floor":25},{"not_picked":["Rampage+1","Combust","MostiFishMod:UltimateDefense","Wild Strike+1"],"picked":"SKIP","floor":27},{"not_picked":["Entrench","Armaments","Havoc","Hemokinesis+1"],"picked":"SKIP","floor":28},{"not_picked":["Heavy Blade+1","Armaments","Rampage+1"],"picked":"Disarm","floor":30},{"not_picked":["Metallicize","Perfected Strike+1","Heavy Blade+1","True Grit"],"picked":"SKIP","floor":35},{"not_picked":["Flex","Carnage+1","Havoc","Metallicize"],"picked":"SKIP","floor":36},{"not_picked":["Blind","Madness","Bandage Up"],"picked":"Panacea","floor":37},{"not_picked":["Bandage Up","Panacea","Blind"],"picked":"MostiFishMod:ButterFly+1","floor":37},{"not_picked":["MostiFishMod:Awakening","Madness","Blind"],"picked":"MostiFishMod:ButterFly+1","floor":37},{"not_picked":["Thunderclap+1","Intimidate+1","Cleave+1"],"picked":"Iron Wave+1","floor":39},{"not_picked":["Twin Strike+1","Disarm","Metallicize","Rage"],"picked":"SKIP","floor":40},{"not_picked":["Bloodletting+1","Inflame","Dark Embrace","Power Through+1"],"picked":"SKIP","floor":42},{"not_picked":["Headbutt+1","Clothesline+1","Shockwave"],"picked":"Feel No Pain+1","floor":45},{"not_picked":["Perfected Strike+1","Havoc+1","Battle Trance"],"picked":"MostiFishMod:CullingBlade+1","floor":46},{"not_picked":["Flex+1","Shrug It Off","Reckless Charge+1"],"picked":"Body Slam+1","floor":55}],"player_experience":549317,"relics_obtained":[{"floor":1,"key":"Question Card"},{"floor":6,"key":"Omamori"},{"floor":8,"key":"MealTicket"},{"floor":13,"key":"Molten Egg 2"},{"floor":16,"key":"ImportantClient"},{"floor":23,"key":"Centennial Puzzle"},{"floor":25,"key":"Gambling Chip"},{"floor":26,"key":"Sundial"},{"floor":27,"key":"TungstenRod"},{"floor":30,"key":"FossilizedHelix"},{"floor":40,"key":"CeramicFish"},{"floor":42,"key":"The Courier"},{"floor":43,"key":"Potion Belt"},{"floor":44,"key":"DaCapo"},{"floor":46,"key":"Art of War"},{"floor":55,"key":"Happy Flower"}],"event_choices":[{"damage_healed":0,"gold_gain":0,"player_choice":"Take Damage","damage_taken":26,"relics_obtained":["Golden Idol"],"max_hp_gain":0,"max_hp_loss":0,"event_name":"Golden Idol","floor":3,"gold_loss":0},{"damage_healed":0,"gold_gain":0,"player_choice":"Ignored","damage_taken":0,"max_hp_gain":0,"max_hp_loss":0,"event_name":"Vampires","floor":19,"gold_loss":0},{"damage_healed":0,"gold_gain":50,"player_choice":"Stole From Cult","damage_taken":0,"max_hp_gain":0,"max_hp_loss":0,"event_name":"Nest","floor":29,"gold_loss":0},{"cards_removed":["Twin Strike"],"damage_healed":0,"gold_gain":0,"player_choice":"Gave Gold","damage_taken":0,"max_hp_gain":0,"max_hp_loss":0,"event_name":"Beggar","floor":31,"gold_loss":75},{"damage_healed":0,"gold_gain":0,"player_choice":"Memory 3","damage_taken":10,"max_hp_gain":0,"max_hp_loss":0,"event_name":"SensoryStone","floor":37,"gold_loss":0},{"damage_healed":0,"gold_gain":0,"player_choice":"Ignored","damage_taken":0,"max_hp_gain":0,"max_hp_loss":0,"event_name":"Tomb of Lord Red Mask","floor":38,"gold_loss":0},{"damage_healed":0,"gold_gain":0,"player_choice":"Fight","damage_taken":0,"max_hp_gain":0,"max_hp_loss":0,"event_name":"Mysterious Sphere","floor":44,"gold_loss":0},{"cards_removed":["Defend_R"],"damage_healed":0,"gold_gain":0,"player_choice":"Removed Skill","damage_taken":0,"max_hp_gain":0,"max_hp_loss":0,"event_name":"Falling","floor":48,"gold_loss":0}],"is_beta":false,"boss_relics":[{"not_picked":["Tiny House","BloodWine"],"picked":"GuanYuAspect"},{"not_picked":["Fusion Hammer","RhineCircuit"],"picked":"ShadowXiaoBlade"}],"items_purged_floors":[54],"is_endless":false,"potions_floor_spawned":[2,5,6,13,18,20,28,35,42,44,45],"ascension_level":20}}