{"host":"ya062ahhhuj9au1o","time":1608406212,"event":{"mods":["BaseMod","Better Third Choice","Filter the Spire","Hermit","Minty Spire (QoL Compilation)","Random Character Button","Robot Space Explorer","Somnambulant","StSLib","The Bug Knight","The Cursed","The Servant 0.9.4"],"gold_per_floor":[118,130,150,165,179,179,204,204,204,204,204,218,229,243,243,338,338,352,368,368,385,310,310,360,360,360,360,374,394,394,394,394,489,489,502,502,502,502],"floor_reached":37,"playtime":2088,"items_purged":["RobotSpaceExplorer:Defend"],"score":504,"play_id":"5bb32c5a-83eb-4506-9f52-39aefed183ef","local_time":"20201219143012","is_ascension_mode":true,"campfire_choices":[{"data":"RobotSpaceExplorer:PowerCollector","floor":6,"key":"SMITH"},{"floor":8,"key":"REST"},{"data":"RobotSpaceExplorer:Defend","floor":10,"key":"PURGE"},{"floor":15,"key":"REST"},{"data":"RobotSpaceExplorer:ShovelStrike","floor":23,"key":"SMITH"},{"data":"RobotSpaceExplorer:Defend","floor":25,"key":"PURGE"},{"data":"RobotSpaceExplorer:Defend","floor":27,"key":"PURGE"},{"data":"RobotSpaceExplorer:FreezeRay","floor":32,"key":"SMITH"}],"circlet_count":0,"master_deck":["RobotSpaceExplorer:Strike","RobotSpaceExplorer:Strike","RobotSpaceExplorer:Strike+1","RobotSpaceExplorer:Strike+1","RobotSpaceExplorer:Scan","RobotSpaceExplorer:MiniLasers","RobotSpaceExplorer:Multitool","RobotSpaceExplorer:SurgingStrike","RobotSpaceExplorer:Jetpack","RobotSpaceExplorer:PowerCollector+1","RobotSpaceExplorer:ExhaustFan","RobotSpaceExplorer:LuckyStrike","RobotSpaceExplorer:ShovelStrike+1","RobotSpaceExplorer:FreezeRay+1","RobotSpaceExplorer:StunGrenade","RobotSpaceExplorer:JunkDive","RobotSpaceExplorer:MetalStrike+1","RobotSpaceExplorer:Fix","RobotSpaceExplorer:Probe","RobotSpaceExplorer:ShockMissile"],"relics":["RobotSpaceExplorer:RoboCore","Ice Cream","Peace Pipe","RobotSpaceExplorer:SearchSpecs","Pocketwatch","HollowMod:PaleOreRelic","SlaversCollar"],"acts_visited":["Exordium","TheCity","TheBeyond"],"potions_floor_usage":[18,19,33],"damage_taken":[{"damage":2,"enemies":"2 Louse","floor":1,"turns":3},{"damage":6,"enemies":"Jaw Worm","floor":2,"turns":5},{"damage":0,"enemies":"Cultist","floor":3,"turns":4},{"damage":8,"enemies":"Large Slime","floor":4,"turns":6},{"damage":0,"enemies":"3 Louse","floor":5,"turns":5},{"damage":22,"enemies":"Gremlin Nob","floor":7,"turns":4},{"damage":4,"enemies":"Exordium Thugs","floor":12,"turns":3},{"damage":0,"enemies":"Large Slime","floor":13,"turns":4},{"damage":13,"enemies":"Blue Slaver","floor":14,"turns":3},{"damage":11,"enemies":"Hexaghost","floor":16,"turns":8},{"damage":5,"enemies":"Chosen","floor":18,"turns":3},{"damage":13,"enemies":"3 Byrds","floor":19,"turns":4},{"damage":6,"enemies":"Snake Plant","floor":21,"turns":3},{"damage":21,"enemies":"Cultist and Chosen","floor":28,"turns":5},{"damage":14,"enemies":"Centurion and Healer","floor":29,"turns":4},{"damage":12,"enemies":"Colosseum Slavers","floor":30,"turns":3},{"damage":12,"enemies":"Automaton","floor":33,"turns":6},{"damage":26,"enemies":"3 Darklings","floor":35,"turns":4},{"damage":29,"enemies":"Orb Walker","floor":37,"turns":4}],"seed_played":"518650714141606663","potions_obtained":[{"floor":4,"key":"PowerPotion"},{"floor":12,"key":"BlessingOfTheForge"},{"floor":13,"key":"RobotSpaceExplorer:RecyclePotion"},{"floor":16,"key":"Explosive Potion"},{"floor":28,"key":"Swift Potion"},{"floor":29,"key":"DuplicationPotion"},{"floor":35,"key":"EntropicBrew"}],"is_trial":false,"path_per_floor":["M","M","M","M","M","R","E","R","T","R","?","M","M","M","R","B",null,"M","M","?","M","$","R","?","R","T","R","M","M","?","?","R","B",null,"M","?","M"],"character_chosen":"RobotSpaceExplorer","items_purchased":[],"campfire_rested":2,"item_purchase_floors":[],"current_hp_per_floor":[48,42,42,34,34,34,12,34,34,34,19,15,15,2,24,13,60,55,42,42,36,36,36,36,36,36,36,19,9,1,26,26,18,61,35,35,6,6],"gold":502,"neow_bonus":"THREE_RARE_CARDS","is_daily":false,"chose_seed":false,"campfire_upgraded":3,"win_rate":0.0,"timestamp":1608406212,"path_taken":["M","M","M","M","M","R","E","R","T","R","?","M","M","M","R","BOSS","M","M","?","M","$","R","?","R","T","R","?","M","?","?","R","BOSS","M","?","M"],"items_purchased_type":[],"build_version":"2020-12-13","purchased_purges":1,"victory":false,"max_hp_per_floor":[75,75,75,75,75,75,75,75,75,75,75,75,75,75,75,75,75,75,75,75,75,75,75,75,75,75,75,75,75,75,75,75,75,75,75,75,75,75],"card_choices":[{"not_picked":["RobotSpaceExplorer:DroneSwarm","RobotSpaceExplorer:TrailblazerForm"],"picked":"RobotSpaceExplorer:Multitool","floor":0},{"not_picked":["RobotSpaceExplorer:GlueShot","RobotSpaceExplorer:Electropulse"],"picked":"RobotSpaceExplorer:SurgingStrike","floor":1},{"not_picked":["RobotSpaceExplorer:TurboDodge","RobotSpaceExplorer:FrostMissile"],"picked":"RobotSpaceExplorer:Jetpack","floor":2},{"not_picked":["RobotSpaceExplorer:SlimeMissile","RobotSpaceExplorer:SurgingStrike"],"picked":"RobotSpaceExplorer:PowerCollector","floor":3},{"not_picked":["RobotSpaceExplorer:MetalStrike","RobotSpaceExplorer:StunGrenade"],"picked":"RobotSpaceExplorer:ExhaustFan","floor":4},{"not_picked":["RobotSpaceExplorer:FranticSearch","RobotSpaceExplorer:LaserBurst"],"picked":"RobotSpaceExplorer:LuckyStrike","floor":5},{"not_picked":["RobotSpaceExplorer:Reload","RobotSpaceExplorer:ScrapShield"],"picked":"RobotSpaceExplorer:ShovelStrike","floor":7},{"not_picked":["RobotSpaceExplorer:Autoloader","RobotSpaceExplorer:ShockKick"],"picked":"RobotSpaceExplorer:FreezeRay","floor":12},{"not_picked":["RobotSpaceExplorer:ShockKick","RobotSpaceExplorer:ImprovisedAttack"],"picked":"RobotSpaceExplorer:GlueShot","floor":13},{"not_picked":["RobotSpaceExplorer:FrostMissile","RobotSpaceExplorer:MetalStrike"],"picked":"RobotSpaceExplorer:StunGrenade","floor":14},{"not_picked":["RobotSpaceExplorer:Electropulse","RobotSpaceExplorer:Counterblock"],"picked":"RobotSpaceExplorer:JunkDive","floor":18},{"not_picked":["RobotSpaceExplorer:Calculate","RobotSpaceExplorer:ShockKick"],"picked":"RobotSpaceExplorer:MetalStrike+1","floor":19},{"not_picked":["RobotSpaceExplorer:ShockKick","RobotSpaceExplorer:FranticSearch+1"],"picked":"RobotSpaceExplorer:Fix","floor":21},{"not_picked":["RobotSpaceExplorer:SlimeMissile+1","RobotSpaceExplorer:Calculate","RobotSpaceExplorer:FranticSearch+1"],"picked":"SKIP","floor":28},{"not_picked":["RobotSpaceExplorer:Counterblock","RobotSpaceExplorer:ImprovisedAttack"],"picked":"RobotSpaceExplorer:Probe","floor":29},{"not_picked":["RobotSpaceExplorer:Accelerator","RobotSpaceExplorer:Autoloader"],"picked":"RobotSpaceExplorer:ShockMissile","floor":33},{"not_picked":["RobotSpaceExplorer:ShockKick","RobotSpaceExplorer:Jetpack+1","RobotSpaceExplorer:ShovelStrike"],"picked":"SKIP","floor":35}],"player_experience":1649722,"relics_obtained":[{"floor":7,"key":"Ice Cream"},{"floor":9,"key":"Peace Pipe"},{"floor":26,"key":"HollowMod:PaleOreRelic"}],"event_choices":[{"damage_healed":34,"gold_gain":0,"player_choice":"Upgrade","damage_taken":15,"max_hp_gain":0,"max_hp_loss":75,"event_name":"betterThird:BetterShining","floor":11,"gold_loss":0,"cards_upgraded":["RobotSpaceExplorer:Strike","RobotSpaceExplorer:Strike"]},{"damage_healed":0,"gold_gain":0,"player_choice":"Opened","damage_taken":0,"relics_obtained":["Pocketwatch"],"max_hp_gain":0,"max_hp_loss":0,"event_name":"The Mausoleum","floor":20,"gold_loss":0},{"damage_healed":0,"gold_gain":100,"player_choice":"Bet on Murderer","damage_taken":0,"max_hp_gain":0,"max_hp_loss":0,"event_name":"The Joust","floor":24,"gold_loss":50},{"damage_healed":0,"gold_gain":0,"player_choice":"Fight","damage_taken":0,"max_hp_gain":0,"max_hp_loss":0,"event_name":"Colosseum","floor":30,"gold_loss":0},{"damage_healed":0,"gold_gain":0,"player_choice":"Fled From Nobs","damage_taken":0,"max_hp_gain":0,"max_hp_loss":0,"event_name":"Colosseum","floor":30,"gold_loss":0},{"damage_healed":25,"gold_gain":0,"player_choice":"Heal","damage_taken":0,"max_hp_gain":0,"max_hp_loss":0,"event_name":"The Library","floor":31,"gold_loss":0},{"cards_removed":["RobotSpaceExplorer:GlueShot"],"damage_healed":0,"gold_gain":0,"player_choice":"Removed Skill","damage_taken":0,"max_hp_gain":0,"max_hp_loss":0,"event_name":"Falling","floor":36,"gold_loss":0}],"is_beta":false,"boss_relics":[{"not_picked":["Tiny House","SacredBark"],"picked":"RobotSpaceExplorer:SearchSpecs"},{"not_picked":["Black Star","Busted Crown"],"picked":"SlaversCollar"}],"items_purged_floors":[22],"is_endless":false,"potions_floor_spawned":[4,12,13,16,28,29,30,35],"killed_by":"Orb Walker","ascension_level":7}}