{"host":"1mxf43y0hzpoj3pg","time":1608417698,"event":{"mods":["AchievementEnabler","BaseMod","BetterRewards","Colored Map","Conspire","Downfall","Hubris","Minty Spire (QoL Compilation)","Permanent Neow","Replay The Spire","Shop Mod","StSLib","The Jungle"],"gold_per_floor":[199,149,149,149,149,76,76,102,129,129,167,9,0,36,64,167,167,167,183,215,215,215,229,229,245,245,283,365,386,405,405,421,527,527,504,504,504,504,396,474,474,508,551,476,525,17,71,71,99,134],"floor_reached":51,"playtime":6838,"items_purged":["champ:Strike","Pain","hubris:Sloth"],"score":770,"play_id":"613b2a88-d7e5-4df5-a6bf-8f8e3b2c3c67","local_time":"20201219174138","is_ascension_mode":false,"campfire_choices":[{"floor":1,"key":"DIG"},{"floor":10,"key":"RECALL"},{"data":"champ:Improvising","floor":21,"key":"SMITH"},{"data":"champ:IgnorePain","floor":37,"key":"SMITH"},{"data":"champ:Improvising","floor":44,"key":"SMITH"}],"circlet_count":0,"master_deck":["champ:Strike","champ:Strike","champ:Strike","champ:Defend","champ:Defend","champ:Defend","champ:Execute","champ:Taunt+1","conspire:SpireCoStock","champ:Duel","champ:Backstep","champ:SkillfulDodge","champ:AdrenalArmor","champ:VampiricStrike","champ:AdrenalArmor","champ:GutPunch","champ:Improvising+1","champ:Encircle","champ:Encircle","champ:DefensiveStyle","RitualDagger","champ:IronFortress","champ:CrookedStrike","champ:AdrenalArmor","champ:Improvising+1","champ:GutPunch","champ:IgnorePain+1","expansioncontent:DefensiveStance","Replay:SS_hec_2","champ:ArenaPreparation","champ:HoldFirm+1","Voices"],"relics":["champ:ChampionCrown","Garlic","Blue Doll","hubris:SlimyHat","Shuriken","hubris:HollowSoul","downfall:HeartBlessingRed","Omamori","hubris:MysteriousPyramids","ReplayTheSpireMod:Lightbulb","Replay:Grab Bag","Cursed Key","Philosopher\u0027s Stone","champ:ChampionCrownUpgraded","Calling Bell","Dream Catcher","ReplayTheSpireMod:Shallot","downfall:HeartBlessingGreen","BranchBurnRelic","conspire:DeflatedDodgeball","Replay:Bandana","downfall:HeartBlessingBlue","Lizard Tail","Ring of Panic"],"acts_visited":["Exordium","TheCity","TheBeyond"],"potions_floor_usage":[16,16,25,27,29,33],"damage_taken":[{"damage":10,"enemies":"downfall:FleeingMerchant","floor":6,"turns":4},{"damage":0,"enemies":"conspire:RoseBush","floor":8,"turns":3},{"damage":12,"enemies":"Replay:BlueRogue","floor":9,"turns":8},{"damage":14,"enemies":"Jaw Worm","floor":11,"turns":4},{"damage":5,"enemies":"downfall:FleeingMerchant","floor":12,"turns":4},{"damage":5,"enemies":"downfall:FleeingMerchant","floor":13,"turns":4},{"damage":11,"enemies":"2 Louse","floor":14,"turns":6},{"damage":13,"enemies":"2 Fungi Beasts","floor":15,"turns":5},{"damage":98,"enemies":"downfall:Defect","floor":16,"turns":17},{"damage":54,"enemies":"Shell Parasite","floor":19,"turns":8},{"damage":21,"enemies":"3 Byrds","floor":20,"turns":5},{"damage":55,"enemies":"3 Cultists","floor":23,"turns":5},{"damage":15,"enemies":"Snecko","floor":25,"turns":4},{"damage":36,"enemies":"Replay:Snechameleon","floor":27,"turns":9},{"damage":45,"enemies":"Centurion and Healer","floor":29,"turns":8},{"damage":44,"enemies":"conspire:HollyBat","floor":30,"turns":6},{"damage":48,"enemies":"Snake Plant","floor":32,"turns":6},{"damage":136,"enemies":"downfall:Watcher","floor":33,"turns":12},{"damage":24,"enemies":"downfall:FleeingMerchant","floor":39,"turns":4},{"damage":63,"enemies":"Giant Head","floor":42,"turns":10},{"damage":40,"enemies":"3 Shapes","floor":43,"turns":9},{"damage":30,"enemies":"3 Darklings","floor":45,"turns":4},{"damage":11,"enemies":"downfall:FleeingMerchant","floor":46,"turns":4},{"damage":48,"enemies":"4 Shapes","floor":47,"turns":7},{"damage":57,"enemies":"Writhing Mass","floor":49,"turns":5},{"damage":63,"enemies":"downfall:Ironclad","floor":50,"turns":11}],"seed_played":"-4764833156884140291","potions_obtained":[{"floor":14,"key":"Dexterity Potion"},{"floor":15,"key":"Energy Potion"},{"floor":16,"key":"DistilledChaos"},{"floor":23,"key":"Regen Potion"},{"floor":25,"key":"Adrenaline Potion"},{"floor":27,"key":"DuplicationPotion"},{"floor":30,"key":"conspire:TimeTravelPotion"},{"floor":42,"key":"Strength Potion"},{"floor":43,"key":"Reflective Coating"}],"is_trial":false,"path_per_floor":["R_BF","?","?","?","?","$","T","M","E","R","M","$","$","M","M","B",null,"R_BF","M","M","R","?","M","T","M","?","E","?","M","M","?","M","B",null,"R_BF","?","R","?","$","T","T","E","M","R","M","$","M","?","M","B",null],"character_chosen":"THE_CHAMP","items_purchased":["champ:VampiricStrike","champ:HoldFirm+1","Lizard Tail"],"campfire_rested":0,"item_purchase_floors":[12,46,46],"current_hp_per_floor":[90,90,87,87,92,92,92,92,85,85,81,81,91,95,95,62,95,95,95,95,95,95,92,92,91,85,83,60,92,87,87,76,22,95,95,95,95,90,95,95,95,95,95,105,105,105,101,101,105,105],"gold":134,"neow_bonus":"HUNDRED_GOLD","is_daily":false,"chose_seed":false,"campfire_upgraded":3,"win_rate":0.0,"timestamp":1608417698,"path_taken":["R_BF","?","?","?","?","$","T","M","E","R","M","?","$","M","M","BOSS","R_BF","M","M","R","?","?","T","M","?","E","?","M","?","?","M","BOSS","R_BF","?","R","?","$","?","T","E","M","R","?","?","M","?","M","BOSS"],"items_purchased_type":["Card","Card","Relic"],"build_version":"2020-12-13","purchased_purges":3,"victory":true,"max_hp_per_floor":[90,90,90,90,95,95,95,95,95,95,95,95,95,95,95,95,95,95,95,95,95,95,95,95,95,95,95,95,95,95,95,95,95,95,95,95,95,95,95,95,95,95,95,105,105,105,105,105,105,105],"card_choices":[{"not_picked":["champ:AdrenalArmor","champ:DancingMaster"],"picked":"champ:Duel","floor":6},{"not_picked":["champ:DefensiveShout","champ:ShieldWall"],"picked":"champ:Backstep","floor":8},{"not_picked":["champ:Encircle","champ:EnragedBash"],"picked":"champ:SkillfulDodge","floor":9},{"not_picked":["champ:Circumvent","champ:BringItOn"],"picked":"champ:AdrenalArmor","floor":11},{"not_picked":["champ:FlashCut","champ:Circumvent","champ:GladiatorsShout"],"picked":"SKIP","floor":12},{"not_picked":["champ:SwordThrow","champ:BladeFlurry","champ:AdrenalArmor"],"picked":"SKIP","floor":13},{"not_picked":["champ:Backstep","champ:Lariat"],"picked":"champ:AdrenalArmor","floor":14},{"not_picked":["champ:StanceDance","champ:SkillfulDodge"],"picked":"champ:GutPunch","floor":15},{"not_picked":["champ:IgnorePain","champ:SteelEdge"],"picked":"champ:Improvising","floor":16},{"not_picked":["champ:DefensiveShout","champ:FlashCut+1"],"picked":"champ:Encircle","floor":19},{"not_picked":["champ:DefensiveStyle","champ:DefensiveShout+1","champ:PerfectedStrike"],"picked":"SKIP","floor":20},{"not_picked":["champ:FocusedGladiator+1","champ:GladiatorsShout"],"picked":"champ:Encircle","floor":23},{"not_picked":["champ:Duel","champ:Haymaker"],"picked":"champ:DefensiveStyle","floor":25},{"not_picked":["champ:FocusedBerserking","champ:BringItOn"],"picked":"champ:IronFortress","floor":27},{"not_picked":["champ:EnGarde+1","champ:BladeFlurry"],"picked":"champ:CrookedStrike","floor":28},{"not_picked":["champ:Haymaker","champ:BladeFlurry+1"],"picked":"champ:AdrenalArmor","floor":28},{"not_picked":["champ:DefensiveStyle","champ:GladiatorsShout","champ:FanOfKnives+1"],"picked":"SKIP","floor":29},{"not_picked":["champ:DeathBlow","champ:BringItOn+1"],"picked":"champ:Improvising","floor":30},{"not_picked":["champ:TornadoPunch","champ:SkillfulDodge"],"picked":"champ:GutPunch","floor":32},{"not_picked":["champ:MurderStrike","champ:SwordThrow"],"picked":"champ:IgnorePain","floor":33},{"not_picked":["expansioncontent:BronzeBeam","expansioncontent:GuardianWhirl"],"picked":"expansioncontent:DefensiveStance","floor":38},{"not_picked":["expansioncontent:Torchfire","expansioncontent:FaceSlap"],"picked":"Replay:SS_hec_2","floor":38},{"not_picked":["champ:Encircle+1","champ:FanOfKnives+1","champ:CrookedStrike"],"picked":"SKIP","floor":39},{"not_picked":["champ:SkillfulDodge","champ:ShieldThrow","champ:PerfectedStrike"],"picked":"SKIP","floor":42},{"not_picked":["champ:FocusedGladiator+1","champ:FanOfKnives","champ:BladeFlurry"],"picked":"SKIP","floor":43},{"not_picked":["champ:CrookedStrike+1","champ:ViciousMockery","champ:Haymaker"],"picked":"SKIP","floor":45},{"not_picked":["champ:VampiricStrike","champ:FightOn"],"picked":"champ:ArenaPreparation","floor":46},{"not_picked":["champ:FanOfKnives+1","champ:FaceSlap","champ:RecklessLeap"],"picked":"SKIP","floor":47},{"not_picked":["champ:Circumvent","champ:FanOfKnives+1","champ:PreciseThrust+1"],"picked":"SKIP","floor":49}],"player_experience":210769,"relics_obtained":[{"floor":1,"key":"Garlic"},{"floor":7,"key":"hubris:SlimyHat"},{"floor":9,"key":"Shuriken"},{"floor":24,"key":"hubris:MysteriousPyramids"},{"floor":27,"key":"ReplayTheSpireMod:Lightbulb"},{"floor":34,"key":"Dream Catcher"},{"floor":34,"key":"ReplayTheSpireMod:Shallot"},{"floor":34,"key":"Dead Branch"},{"floor":40,"key":"conspire:DeflatedDodgeball"},{"floor":42,"key":"Replay:Bandana"},{"floor":48,"key":"Ring of Panic"}],"event_choices":[{"damage_healed":0,"gold_gain":0,"player_choice":"Invest 1","damage_taken":0,"max_hp_gain":0,"max_hp_loss":0,"event_name":"conspire:Investor","floor":2,"gold_loss":0},{"damage_healed":0,"gold_gain":0,"player_choice":"Success","damage_taken":3,"relics_obtained":["Blue Doll"],"max_hp_gain":0,"max_hp_loss":0,"event_name":"Scrap Ooze","floor":3,"gold_loss":0},{"damage_healed":0,"gold_gain":0,"player_choice":"Donut","damage_taken":0,"max_hp_gain":5,"max_hp_loss":0,"event_name":"Big Fish","floor":5,"gold_loss":0},{"damage_healed":0,"gold_gain":0,"player_choice":"Ignored","damage_taken":0,"max_hp_gain":0,"max_hp_loss":0,"event_name":"Ghosts","floor":31,"gold_loss":0},{"cards_removed":["champ:Defend"],"damage_healed":0,"gold_gain":0,"player_choice":"Removed Skill","damage_taken":0,"max_hp_gain":0,"max_hp_loss":0,"event_name":"Falling","floor":36,"gold_loss":0}],"is_beta":false,"boss_relics":[{"not_picked":["Pandora\u0027s Box","hubris:Stopwatch"],"picked":"hubris:HollowSoul"},{"not_picked":["conspire:RoyalGoblet","Sozu"],"picked":"Replay:Grab Bag"},{"not_picked":["Fusion Hammer","ReplayTheSpireMod:Onyx Gauntlets"],"picked":"Cursed Key"},{"not_picked":["Busted Crown","Runic Dome"],"picked":"Philosopher\u0027s Stone"},{"not_picked":["Astrolabe","hubris:ScarierMask"],"picked":"champ:ChampionCrownUpgraded"},{"not_picked":["Empty Cage","hubris:BlackHole"],"picked":"Calling Bell"}],"items_purged_floors":[6,39,46],"is_endless":false,"potions_floor_spawned":[14,15,16,23,25,27,30,42,43],"ascension_level":0}}