{"host":"jzehok24c0182h89","time":1608347231,"event":{"mods":["Bard","BaseMod","Colored Map","Colored Powertips","Downfall","Hermit","Marisa????????","Minty Spire (QoL Compilation)","Random Character Button","Shade Mod","StSLib","The Alterego","The Blackbeard","The Bug Knight","The Construct","The Cursed","The Disciple","The Hierophant","The Necromancer","The Servant 0.9.4"],"gold_per_floor":[113,125,137,157,167,195,214,244,267,293,305,317,36,54,54,151,151,171,96,114,61,71,71,71],"floor_reached":23,"playtime":1901,"items_purged":["Shade:Awaken"],"score":247,"play_id":"473fad09-c8b5-4d90-8e50-a0565e20a286","local_time":"20201218220711","is_ascension_mode":false,"campfire_choices":[{"floor":15,"key":"REST"}],"circlet_count":0,"master_deck":["Shade:AnimateDead","Shade:CarefulCut","Shade:PoundOfFlesh","Shade:FleshLikeOak","Shade:Frenzy","Shade:CommandSoldier","Shade:SkeletonHug","Shade:Brains","Shade:ClawBack","Shade:WallOfFlesh","Shade:CommandSoldier","Shade:GraveStillness","Shade:Brains","Shade:Brains","Shade:SpontaneousRitual","Shade:Premonition","Shade:GraveStillness","Shade:AuraOfUnlife","Shade:ExtraLimbs","Shade:WallOfFlesh","Shade:GraveStillness","Shade:Brains","Shade:Trample","Shade:LichForm","Shade:GraveStillness+1","Shade:FuneraryArmor","Shade:FleshToFlesh"],"relics":["Pandora\u0027s Box","Pen Nib","Odd Mushroom","MawBank","Lantern","Bag of Preparation","Fusion Hammer"],"acts_visited":["TheCity"],"potions_floor_usage":[],"damage_taken":[{"damage":0,"enemies":"Jaw Worm","floor":1,"turns":3},{"damage":0,"enemies":"Small Slimes","floor":2,"turns":4},{"damage":0,"enemies":"2 Louse","floor":3,"turns":2},{"damage":4,"enemies":"Blue Slaver","floor":4,"turns":3},{"damage":13,"enemies":"Lots of Slimes","floor":5,"turns":5},{"damage":12,"enemies":"Lagavulin","floor":6,"turns":8},{"damage":4,"enemies":"2 Fungi Beasts","floor":7,"turns":4},{"damage":24,"enemies":"The Mushroom Lair","floor":8,"turns":6},{"damage":0,"enemies":"Blue Slaver","floor":10,"turns":4},{"damage":0,"enemies":"3 Louse","floor":14,"turns":4},{"damage":21,"enemies":"Slime Boss","floor":16,"turns":12},{"damage":0,"enemies":"Shell Parasite","floor":18,"turns":5},{"damage":12,"enemies":"3 Byrds","floor":20,"turns":5},{"damage":0,"enemies":"Centurion and Healer","floor":22,"turns":9},{"damage":64,"enemies":"Gremlin Leader","floor":23,"turns":9}],"seed_played":"5335809577266830290","potions_obtained":[{"floor":2,"key":"Ancient Potion"},{"floor":4,"key":"DuplicationPotion"},{"floor":8,"key":"Ancient Potion"},{"floor":10,"key":"Explosive Potion"},{"floor":16,"key":"Guardian:BlockOnCardUsePotion"}],"is_trial":false,"path_per_floor":["M","M","M","M","M","E","M","?","T","M","?","?","$","M","R","B",null,"M","$","M","$","M","E"],"character_chosen":"SHADE","items_purchased":["Lantern","Bag of Preparation","Shade:FuneraryArmor"],"campfire_rested":1,"item_purchase_floors":[13,13,21],"current_hp_per_floor":[65,65,65,61,48,36,32,8,8,8,8,8,8,8,27,6,65,65,65,53,53,53,0,0],"gold":71,"neow_bonus":"BOSS_RELIC","is_daily":false,"chose_seed":false,"campfire_upgraded":0,"win_rate":0.0,"timestamp":1608347231,"path_taken":["M","M","M","M","M","E","M","?","T","M","?","?","?","M","R","BOSS","M","$","M","?","M","E"],"items_purchased_type":["Relic","Relic","Card"],"build_version":"2020-12-13","purchased_purges":1,"victory":false,"max_hp_per_floor":[65,65,65,65,65,65,65,65,65,65,65,65,65,65,65,65,65,65,65,65,65,65,65,65],"card_choices":[{"not_picked":["Shade:ExtraLimbs","Shade:AncientSpear"],"picked":"Shade:CommandSoldier","floor":1},{"not_picked":["Shade:Asphyxiate","Shade:Premonition"],"picked":"Shade:GraveStillness","floor":2},{"not_picked":["Shade:DangerousRitual","Shade:Excise"],"picked":"Shade:Brains","floor":3},{"not_picked":["Shade:FingerOfDeath","Shade:Brains","Shade:ClawBack"],"picked":"SKIP","floor":4},{"not_picked":["Shade:Frenzy","Shade:FingerOfDeath"],"picked":"Shade:Brains","floor":5},{"not_picked":["Shade:OminousRitual","Shade:SkeletonHug"],"picked":"Shade:SpontaneousRitual","floor":6},{"not_picked":["Shade:CoffinDance","Shade:FingerOfDeath"],"picked":"Shade:Premonition","floor":7},{"not_picked":["Shade:Haruspicy","Shade:BoneShards"],"picked":"Shade:GraveStillness","floor":8},{"not_picked":["Shade:CloudOfShrapnel","Shade:FuneraryArmor"],"picked":"Shade:AuraOfUnlife","floor":10},{"not_picked":["Shade:ExtraLimbs","Shade:DangerousRitual"],"picked":"Shade:Trample","floor":14},{"not_picked":["Shade:OminousRitual","Shade:Consume"],"picked":"Shade:LichForm","floor":16},{"not_picked":["Shade:AncientSpear","Shade:SkeletonArmy","Shade:Frenzy"],"picked":"SKIP","floor":18},{"not_picked":["Shade:PotionOfRestlessness","Shade:AncientSpear"],"picked":"Shade:GraveStillness+1","floor":20},{"not_picked":["Shade:FuneraryArmor","Shade:SoulPierce"],"picked":"Shade:FleshToFlesh","floor":22}],"player_experience":803290,"relics_obtained":[{"floor":6,"key":"Pen Nib"},{"floor":8,"key":"Odd Mushroom"},{"floor":9,"key":"MawBank"}],"event_choices":[{"damage_healed":0,"gold_gain":0,"player_choice":"Fought Mushrooms","damage_taken":0,"max_hp_gain":0,"max_hp_loss":0,"event_name":"Mushrooms","floor":8,"gold_loss":0},{"damage_healed":0,"gold_gain":0,"player_choice":"Fled","damage_taken":0,"max_hp_gain":0,"max_hp_loss":0,"event_name":"Scrap Ooze","floor":12,"gold_loss":0}],"is_beta":false,"boss_relics":[{"not_picked":["Empty Cage","construct:WeddingRing"],"picked":"Fusion Hammer"}],"items_purged_floors":[19],"is_endless":false,"potions_floor_spawned":[2,4,8,10,16,20,22],"killed_by":"Gremlin Leader","ascension_level":0}}