{"host":"sav7uxregyirlf69","time":1608346554,"event":{"mods":["AchievementEnabler","BaseMod","Colored Map","DeckTracker","Keyboard Shortcuts","Minty Spire (QoL Compilation)","READ ME - Guardian Mod","StSLib","SuperFastMode"],"gold_per_floor":[114,125,125,50,63,63,78,91,91,91,119,119,130,143,143,218,218,237,85,85,85,85,85,85,85],"floor_reached":24,"playtime":512,"items_purged":["Riddle With Holes"],"score":372,"play_id":"8a6b430b-db6c-46c6-9025-5540994cd202","local_time":"20201219115554","is_ascension_mode":true,"campfire_choices":[{"data":"Crippling Poison","floor":6,"key":"SMITH"},{"data":"Dagger Spray","floor":10,"key":"SMITH"},{"floor":15,"key":"REST"},{"floor":23,"key":"REST"}],"circlet_count":0,"master_deck":["AscendersBane","Survivor","Neutralize+1","Crippling Poison+1","Backflip","Dagger Spray+1","Dagger Throw","Deflect","After Image","Venomology","Corpse Explosion","Blur","PiercingWail","Glass Knife","Dash","Underhanded Strike+1","Footwork","Backflip","Quick Slash"],"relics":["Ring of the Snake","Lizard Tail","Odd Mushroom","Pandora\u0027s Box","Nilry\u0027s Codex"],"acts_visited":["Exordium","TheCity"],"potions_floor_usage":[11,16,16,24,24],"damage_taken":[{"damage":3,"enemies":"2 Louse","floor":1,"turns":4},{"damage":4,"enemies":"Jaw Worm","floor":2,"turns":6},{"damage":3,"enemies":"Cultist","floor":5,"turns":4},{"damage":6,"enemies":"Exordium Wildlife","floor":7,"turns":5},{"damage":0,"enemies":"3 Louse","floor":8,"turns":2},{"damage":0,"enemies":"The Mushroom Lair","floor":11,"turns":3},{"damage":18,"enemies":"Large Slime","floor":13,"turns":6},{"damage":0,"enemies":"2 Fungi Beasts","floor":14,"turns":3},{"damage":64,"enemies":"Slime Boss","floor":16,"turns":14},{"damage":19,"enemies":"Spheric Guardian","floor":18,"turns":9},{"damage":34,"enemies":"Gremlin Leader","floor":24,"turns":6}],"seed_played":"7782745653729770208","potions_obtained":[{"floor":2,"key":"Block Potion"},{"floor":11,"key":"Poison Potion"},{"floor":12,"key":"Fire Potion"},{"floor":14,"key":"PowerPotion"}],"is_trial":false,"path_per_floor":["M","M","?","?","M","R","M","M","T","R","?","?","M","M","R","B",null,"M","$","?","?","?","R","E"],"character_chosen":"THE_SILENT","items_purchased":["Footwork"],"campfire_rested":2,"item_purchase_floors":[19],"current_hp_per_floor":[56,52,45,45,42,42,36,36,36,36,36,36,18,18,37,6,51,32,32,32,32,11,30,0,0],"gold":85,"neow_bonus":"UPGRADE_CARD","is_daily":false,"chose_seed":false,"campfire_upgraded":2,"win_rate":0.0,"timestamp":1608346554,"path_taken":["M","M","?","?","M","R","M","M","T","R","?","?","M","?","R","BOSS","M","$","?","?","?","R","E"],"items_purchased_type":["Card"],"build_version":"2020-12-13","purchased_purges":1,"victory":false,"max_hp_per_floor":[66,66,66,66,66,66,66,66,66,66,66,66,66,66,66,66,66,66,66,66,66,66,66,66,66],"card_choices":[{"not_picked":["Sucker Punch","Masterful Stab"],"picked":"Crippling Poison","floor":1},{"not_picked":["Poisoned Stab","Accuracy"],"picked":"Backflip","floor":2},{"not_picked":["Quick Slash","Expertise","PiercingWail"],"picked":"SKIP","floor":5},{"not_picked":["Acrobatics","Finisher"],"picked":"Underhanded Strike","floor":7},{"not_picked":["Eviscerate","Outmaneuver"],"picked":"Dagger Spray","floor":8},{"not_picked":["Slice","Backflip"],"picked":"Dagger Throw","floor":11},{"not_picked":["Bouncing Flask","Outmaneuver"],"picked":"Deflect","floor":13},{"not_picked":["Acrobatics","Flying Knee"],"picked":"After Image","floor":14},{"not_picked":["Unload","Doppelganger"],"picked":"Venomology","floor":16},{"not_picked":["Caltrops","Slice"],"picked":"Underhanded Strike+1","floor":18}],"player_experience":949453,"relics_obtained":[{"floor":9,"key":"Lizard Tail"},{"floor":11,"key":"Odd Mushroom"},{"floor":22,"key":"Nilry\u0027s Codex"}],"event_choices":[{"cards_removed":["Strike_G"],"damage_healed":0,"gold_gain":0,"player_choice":"Card Removal","damage_taken":7,"max_hp_gain":0,"max_hp_loss":0,"event_name":"Golden Wing","floor":3,"gold_loss":0},{"cards_removed":["Defend_G"],"damage_healed":0,"gold_gain":0,"player_choice":"Card Removal","damage_taken":0,"max_hp_gain":0,"max_hp_loss":0,"event_name":"The Cleric","floor":4,"gold_loss":75},{"damage_healed":0,"gold_gain":0,"player_choice":"Fought Mushrooms","damage_taken":0,"max_hp_gain":0,"max_hp_loss":0,"event_name":"Mushrooms","floor":11,"gold_loss":0},{"damage_healed":0,"gold_gain":0,"player_choice":"Got Potions","damage_taken":0,"max_hp_gain":0,"max_hp_loss":0,"event_name":"Lab","floor":12,"gold_loss":0},{"cards_removed":["Distraction"],"damage_healed":0,"gold_gain":0,"player_choice":"Elegance","damage_taken":0,"max_hp_gain":0,"max_hp_loss":0,"event_name":"Back to Basics","floor":20,"gold_loss":0},{"damage_healed":0,"gold_gain":0,"cards_transformed":["Setup","Underhanded Strike"],"player_choice":"Became Test Subject","damage_taken":0,"max_hp_gain":0,"max_hp_loss":0,"event_name":"Drug Dealer","floor":21,"gold_loss":0,"cards_obtained":["Backflip","Quick Slash"]},{"damage_healed":0,"gold_gain":0,"player_choice":"Obtained Book","damage_taken":21,"max_hp_gain":0,"max_hp_loss":0,"event_name":"Cursed Tome","floor":22,"gold_loss":0}],"is_beta":false,"boss_relics":[{"not_picked":["Busted Crown","Philosopher\u0027s Stone"],"picked":"Pandora\u0027s Box"}],"items_purged_floors":[19],"is_endless":false,"potions_floor_spawned":[2,11,13,14],"killed_by":"Gremlin Leader","ascension_level":20}}