{"host":"dntw6kil9p09eemm","time":1608417057,"event":{"mods":["AchievementEnabler","BaseMod","Become a monster €›?Œ÷","Colored Powertips","Minty Spire (QoL Compilation)","Permanent Neow","Shop Mod","StSLib","Waifu the Spire"],"gold_per_floor":[119,135,135,153,10,10,41,41,41,77,129,129,129,150,150,274,274,297,318,332,355,220,220,243,243,243,259,259,259,142,163,163,291,291,305,325,658,631,631,631,631,631,703,713,729,213,213,213,213,213],"floor_reached":51,"playtime":2370,"items_purged":["Strike_G","Strike_G","Strike_G"],"score":770,"play_id":"48974fab-c321-4deb-a5d8-14309a0abb2a","local_time":"20201220073057","is_ascension_mode":false,"campfire_choices":[{"floor":13,"key":"DIG"},{"floor":15,"key":"DIG"},{"floor":23,"key":"REST"},{"floor":25,"key":"DIG"},{"floor":32,"key":"REST"},{"floor":40,"key":"REST"},{"data":"Terror","floor":49,"key":"SMITH"}],"circlet_count":0,"master_deck":["Strike_G","Defend_G","Defend_G","Survivor","Neutralize","Flying Knee","Blur","Blade Dance","Well Laid Plans","Terror+1","Tools of the Trade","Dagger Throw","Venomology","Choke+1","Backstab","Dagger Spray","Heel Hook","Quick Slash+1","Flying Knee","Blade Dance+1","Flying Knee","Noxious Fumes","Riddle With Holes","Deadly Poison","Flying Knee","Writhe"],"relics":["Ring of the Snake","Lee\u0027s Waffle","Shovel","Ninja Scroll","Odd Mushroom","Orichalcum","Boot","Blood Vial","Busted Crown","MerchantsRug","The Specimen","Bag of Marbles","Smiling Mask","Empty Cage","Pear","InkBottle"],"acts_visited":["Exordium","TheCity","TheBeyond"],"potions_floor_usage":[7,7,16,18,19,20,20,21,21,31,33,33,36,44,44,50,50],"damage_taken":[{"damage":1.0,"enemies":"Jaw Worm","floor":1.0,"turns":5.0},{"damage":0,"enemies":"Small Slimes","floor":2,"turns":4},{"damage":2,"enemies":"2 Louse","floor":4,"turns":5},{"damage":16,"enemies":"3 Sentries","floor":7,"turns":11},{"damage":12,"enemies":"The Mushroom Lair","floor":10,"turns":5},{"damage":0,"enemies":"Looter","floor":14,"turns":1},{"damage":33,"enemies":"Slime Boss","floor":16,"turns":12},{"damage":0,"enemies":"3 Byrds","floor":18,"turns":2},{"damage":17,"enemies":"Shell Parasite","floor":19,"turns":4},{"damage":0,"enemies":"Snake Plant","floor":20,"turns":3},{"damage":18,"enemies":"Shelled Parasite and Fungi","floor":21,"turns":3},{"damage":0,"enemies":"Snecko","floor":24,"turns":3},{"damage":16,"enemies":"Snake Plant","floor":27,"turns":3},{"damage":32,"enemies":"Centurion and Healer","floor":31,"turns":5},{"damage":70,"enemies":"Automaton","floor":33,"turns":9},{"damage":39,"enemies":"3 Darklings","floor":35,"turns":6},{"damage":0,"enemies":"3 Shapes","floor":36,"turns":3},{"damage":10,"enemies":"Spire Growth","floor":44,"turns":4},{"damage":21,"enemies":"Maw","floor":45,"turns":6},{"damage":67,"enemies":"Donu and Deca","floor":50,"turns":5}],"seed_played":"-4938898191253510138","potions_obtained":[{"floor":2,"key":"Poison Potion"},{"floor":4,"key":"Regen Potion"},{"floor":10,"key":"Explosive Potion"},{"floor":14,"key":"Explosive Potion"},{"floor":16,"key":"SteroidPotion"},{"floor":18,"key":"GhostInAJar"},{"floor":19,"key":"Weak Potion"},{"floor":20,"key":"ColorlessPotion"},{"floor":21,"key":"Explosive Potion"},{"floor":35,"key":"Poison Potion"},{"floor":36,"key":"GhostInAJar"}],"is_trial":false,"path_per_floor":["M","M","?","M","$","?","E","$","T","?","T","?","R","M","R","B",null,"M","M","M","M","$","R","M","R","T","M","$","?","?","M","R","B",null,"M","M","?","$","?","R","?","?","T","M","M","$","?","?","R","B",null],"character_chosen":"THE_SILENT","items_purchased":["Lee\u0027s Waffle","MerchantsRug","Flying Knee","InkBottle","Noxious Fumes","Riddle With Holes","Deadly Poison","Flying Knee"],"campfire_rested":3,"item_purchase_floors":[5,22,38,46,46,46,46,46],"current_hp_per_floor":[69,69,52,50,77,65,64,64,64,52,52,45,45,45,45,14,77,77,60,62,46,46,69,71,71,71,57,57,57,57,41,64,23,77,38,40,40,40,40,63,63,63,73,65,46,46,46,68,68,3],"gold":213,"neow_bonus":"THREE_CARDS","is_daily":false,"chose_seed":false,"campfire_upgraded":1,"win_rate":0.0,"timestamp":1608417057,"path_taken":["M","M","?","M","$","?","E","$","T","?","?","?","R","M","R","BOSS","M","M","M","M","$","R","M","R","T","M","$","?","?","?","R","BOSS","M","M","?","$","?","R","?","?","T","M","?","$","?","?","R","BOSS"],"items_purchased_type":["Relic","Relic","Card","Relic","Card","Card","Card","Card"],"build_version":"2020-12-13","purchased_purges":3,"victory":true,"max_hp_per_floor":[70,70,70,70,77,77,77,77,77,77,77,77,77,77,77,77,77,77,77,77,77,77,77,77,77,77,77,77,77,77,77,77,77,77,77,77,77,77,77,77,77,77,87,87,87,87,87,87,87,87],"card_choices":[{"not_picked":["Accuracy","Bane"],"picked":"Flying Knee","floor":0.0},{"not_picked":["Acrobatics","Outmaneuver"],"picked":"Blur","floor":1.0},{"not_picked":["Flying Knee","Expertise"],"picked":"Blade Dance","floor":2},{"not_picked":["Caltrops","Dodge and Roll"],"picked":"Well Laid Plans","floor":4},{"not_picked":["Catalyst","Flying Knee"],"picked":"Terror","floor":7},{"not_picked":["Bouncing Flask","Tactician"],"picked":"Tools of the Trade","floor":10},{"not_picked":["Reflex","Poisoned Stab"],"picked":"Dagger Throw","floor":14},{"not_picked":["Corpse Explosion","Adrenaline"],"picked":"Venomology","floor":16},{"not_picked":["Underhanded Strike"],"picked":"SKIP","floor":18},{"not_picked":[],"picked":"Choke+1","floor":19},{"not_picked":["Backflip"],"picked":"SKIP","floor":20},{"not_picked":[],"picked":"Backstab","floor":21},{"not_picked":["Finisher"],"picked":"SKIP","floor":24},{"not_picked":[],"picked":"Dagger Spray","floor":27},{"not_picked":["Backflip"],"picked":"SKIP","floor":31},{"not_picked":[],"picked":"Heel Hook","floor":35},{"not_picked":[],"picked":"Quick Slash+1","floor":36},{"not_picked":[],"picked":"Blade Dance+1","floor":44},{"not_picked":[],"picked":"Flying Knee","floor":45}],"player_experience":140950,"relics_obtained":[{"floor":7,"key":"Ninja Scroll"},{"floor":9,"key":"White Beast Statue"},{"floor":10,"key":"Odd Mushroom"},{"floor":11,"key":"Orichalcum"},{"floor":13,"key":"Boot"},{"floor":15,"key":"Blood Vial"},{"floor":25,"key":"The Specimen"},{"floor":26,"key":"Bag of Marbles"},{"floor":43,"key":"Pear"}],"event_choices":[{"damage_healed":0,"gold_gain":0,"player_choice":"Take Damage","damage_taken":17,"relics_obtained":["Golden Idol"],"max_hp_gain":0,"max_hp_loss":0,"event_name":"Golden Idol","floor":3,"gold_loss":0},{"damage_healed":0,"gold_gain":0,"player_choice":"Success","damage_taken":12,"relics_obtained":["Shovel"],"max_hp_gain":0,"max_hp_loss":0,"event_name":"Scrap Ooze","floor":6,"gold_loss":0},{"damage_healed":0,"gold_gain":0,"player_choice":"Fought Mushrooms","damage_taken":0,"max_hp_gain":0,"max_hp_loss":0,"event_name":"Mushrooms","floor":10,"gold_loss":0},{"cards_removed":["Strike_G"],"damage_healed":0,"gold_gain":0,"player_choice":"Card Removal","damage_taken":7,"max_hp_gain":0,"max_hp_loss":0,"event_name":"Golden Wing","floor":12,"gold_loss":0},{"damage_healed":0,"gold_gain":0,"player_choice":"Ignored","damage_taken":0,"max_hp_gain":0,"max_hp_loss":0,"event_name":"The Mausoleum","floor":29,"gold_loss":0},{"damage_healed":0,"gold_gain":0,"player_choice":"Paid Gold","damage_taken":0,"relics_obtained":["Smiling Mask"],"max_hp_gain":0,"max_hp_loss":0,"event_name":"WeMeetAgain","floor":30,"gold_loss":117},{"damage_healed":0,"gold_gain":333,"player_choice":"Gave Idol","damage_taken":0,"max_hp_gain":0,"max_hp_loss":0,"event_name":"The Moai Head","floor":37,"relics_lost":["Golden Idol"],"gold_loss":0},{"cards_removed":["Defend_G"],"damage_healed":0,"gold_gain":0,"player_choice":"Removed Skill","damage_taken":0,"max_hp_gain":0,"max_hp_loss":0,"event_name":"Falling","floor":39,"gold_loss":0},{"damage_healed":0,"gold_gain":0,"player_choice":"Ignored","damage_taken":0,"max_hp_gain":0,"max_hp_loss":0,"event_name":"Tomb of Lord Red Mask","floor":41,"gold_loss":0},{"damage_healed":0,"gold_gain":0,"player_choice":"Bought 0 Potions","damage_taken":0,"max_hp_gain":0,"max_hp_loss":0,"event_name":"The Woman in Blue","floor":42,"gold_loss":0},{"damage_healed":0,"gold_gain":0,"player_choice":"Ignored","damage_taken":0,"max_hp_gain":0,"max_hp_loss":0,"event_name":"Mysterious Sphere","floor":47,"gold_loss":0},{"damage_healed":22,"gold_gain":0,"player_choice":"Writhe","damage_taken":0,"max_hp_gain":0,"max_hp_loss":0,"event_name":"Winding Halls","floor":48,"gold_loss":0,"cards_obtained":["Writhe"]}],"is_beta":false,"boss_relics":[{"not_picked":["Fusion Hammer","SlaversCollar"],"picked":"Busted Crown"},{"not_picked":["Runic Dome","WristBlade"],"picked":"Empty Cage"}],"items_purged_floors":[22,38,46],"is_endless":false,"potions_floor_spawned":[2,4,10,14,16,18,19,20,21,35,36],"ascension_level":0}}