{"host":"l4li6saph8sy2zni","time":1608412305,"event":{"mods":["AchievementEnabler","Aspiration","BaseMod","BetterRewards","CCEM","Colored Map","Colored Powertips","Conspire","Downfall","Energized Spire","GifTheSpireLib","Highlight Path","Hubris","Infinite Spire","Mimic Mod","Minty Spire (QoL Compilation)","Permanent Neow","Quick Restart","Relic Filter","Replay The Spire","Shop Mod","StSLib","Stuff the Spire","The Hierophant"],"gold_per_floor":[99,82,101,101,133,583,583,594,601,601,601,601,616,632,649,599,599],"floor_reached":16,"playtime":744,"items_purged":[],"score":104,"play_id":"fcda9a0e-7161-4197-8b66-923a6cb88c7f","local_time":"20201219211145","is_ascension_mode":false,"campfire_choices":[{"data":"hierophant:ChurchCoffers","floor":1,"key":"SMITH"},{"data":"hierophant:TollTheBells","floor":4,"key":"SMITH"},{"floor":10,"key":"REST"}],"circlet_count":0,"master_deck":["hierophant:Strike_Hierophant","hierophant:Strike_Hierophant","hierophant:Strike_Hierophant","hierophant:Strike_Hierophant","hierophant:Punish","hierophant:Defend_Hierophant","hierophant:Defend_Hierophant","hierophant:Defend_Hierophant","hierophant:Defend_Hierophant","hierophant:ChurchCoffers+1","hierophant:PassingBell","hierophant:TollTheBells+1","hierophant:DeathKnell","Slimebound:Icky","Slimebound:Icky","Slimebound:Icky","hierophant:FlamingChariot","hierophant:Smite","hierophant:PassingBell","hierophant:Sermon","hierophant:ThreeLashes"],"relics":["conspire:RunicOctahedron","CCEMRelics:SpiritsEdge","hubris:Icosahedron"],"acts_visited":["Exordium"],"potions_floor_usage":[16],"damage_taken":[{"damage":0,"enemies":"Cultist","floor":2,"turns":2},{"damage":0,"enemies":"2 Louse","floor":3,"turns":1},{"damage":45,"enemies":"Lagavulin","floor":5,"turns":6},{"damage":6,"enemies":"Jaw Worm","floor":8,"turns":3},{"damage":8,"enemies":"Large Slime","floor":9,"turns":4},{"damage":0,"enemies":"Exordium Thugs","floor":13,"turns":3},{"damage":13,"enemies":"Red Slaver","floor":14,"turns":2},{"damage":4,"enemies":"Exordium Wildlife","floor":15,"turns":2},{"damage":63,"enemies":"downfall:Defect","floor":16,"turns":6}],"seed_played":"-7168856238695948077","potions_obtained":[{"floor":3,"key":"Fire Potion"},{"floor":9,"key":"LiquidBronze"},{"floor":12,"key":"FairyPotion"},{"floor":12,"key":"EssenceOfSteel"}],"is_trial":false,"path_per_floor":["R","M","M","R","E","?","T","M","M","R","?","?","M","M","M","B"],"character_chosen":"HIEROPHANT","items_purchased":[],"campfire_rested":1,"item_purchase_floors":[],"current_hp_per_floor":[75,75,75,75,30,30,30,24,16,38,38,38,38,25,21,0,0],"gold":599,"neow_bonus":"BOSS_RELIC","is_daily":false,"chose_seed":false,"campfire_upgraded":2,"win_rate":0.0,"timestamp":1608412305,"path_taken":["R","?","M","R","E","?","T","M","M","R","?","?","?","M","M","BOSS"],"items_purchased_type":[],"build_version":"2020-12-13","purchased_purges":0,"victory":false,"max_hp_per_floor":[75,75,75,75,75,75,75,75,75,75,75,75,75,75,75,75,75],"card_choices":[{"not_picked":["hierophant:Dazzle","hierophant:HammerAndAnvil"],"picked":"hierophant:PassingBell","floor":2},{"not_picked":["hierophant:Dazzle","hierophant:Purify"],"picked":"hierophant:TollTheBells","floor":3},{"not_picked":["hierophant:Exaltation","hierophant:DisplayOfPower"],"picked":"hierophant:DeathKnell","floor":5},{"not_picked":["hierophant:Bribe","hierophant:Shelter"],"picked":"hierophant:FlamingChariot","floor":8},{"not_picked":["hierophant:FieryStrike","hierophant:MorningPrayer"],"picked":"hierophant:Smite","floor":9},{"not_picked":["hierophant:RepressedViolence","hierophant:Bribe"],"picked":"hierophant:PassingBell","floor":13},{"not_picked":["hierophant:Embezzle","hierophant:ConvertCurrency"],"picked":"hierophant:Sermon","floor":14},{"not_picked":["hierophant:Alms","hierophant:Prophecy"],"picked":"hierophant:ThreeLashes","floor":15}],"player_experience":89890,"relics_obtained":[{"floor":5,"key":"Toy Ornithopter"},{"floor":7,"key":"CCEMRelics:SpiritsEdge"}],"event_choices":[],"is_beta":false,"boss_relics":[],"items_purged_floors":[],"is_endless":false,"potions_floor_spawned":[3,9,15],"killed_by":"downfall:Defect","ascension_level":0}}