{"host":"zuc5xqvlhed5q6ad","time":1608419393,"event":{"mods":["BaseMod","Block Reminder","Colored Powertips","Halation","Highlight Path","Mimic Mod","Minty Spire (QoL Compilation)","Permanent Neow","Practice Mode","Quick Restart","Spikes Relics","StSLib","UnlockEverythingMod"],"gold_per_floor":[111,186,206,206,219,247,247,247,247,261,279,297,49,117,117,215,215,234,234,234,245,262,275,275,275,275,275,275,285,30,42,42,144,144,158,158,177,76,91,91,111,126,150,165,165,165,19,19,19,19],"floor_reached":51,"playtime":3047,"items_purged":[],"score":651,"play_id":"6fd45497-d639-413a-a149-0c143b6ecb51","local_time":"20201220020953","is_ascension_mode":false,"campfire_choices":[{"data":"Iron Wave","floor":7.0,"key":"SMITH"},{"data":"Armaments","floor":15.0,"key":"SMITH"},{"data":"Twin Strike","floor":24.0,"key":"SMITH"},{"data":"Iron Wave","floor":27.0,"key":"SMITH"},{"floor":32.0,"key":"REST"},{"floor":40.0,"key":"REST"},{"floor":45,"key":"REST"},{"floor":49,"key":"REST"}],"circlet_count":0,"master_deck":["Strike_R","Strike_R","Strike_R","Strike_R","Strike_R","Defend_R","Defend_R","Defend_R","Defend_R","Bash+1","Iron Wave+1","Twin Strike+1","Iron Wave+1","Armaments+1","Clash","Double Tap","Perfected Strike+1","Thunderclap+1","Armaments+1","Iron Wave+1","BarbarianYell+1","Berserk+1","Anger+1","Iron Wave+1","Bludgeon+1","Rampage+1"],"relics":["Burning Blood","Meat on the Bone","Mummified Hand","halation:BottledLove","Molten Egg 2","halation:LoveArrow","halation:EternalFortune","Frozen Egg 2","StoneCalendar","StrikeDummy","SlaversCollar","Bronze Scales","Vajra","halation:PinkSoulGem"],"acts_visited":["Exordium","TheCity","TheBeyond"],"potions_floor_usage":[44,44,44,50,50,50],"damage_taken":[{"damage":2.0,"enemies":"2 Louse","floor":1.0,"turns":3.0},{"damage":6.0,"enemies":"Jaw Worm","floor":3.0,"turns":4.0},{"damage":0.0,"enemies":"Small Slimes","floor":5.0,"turns":3.0},{"damage":49.0,"enemies":"Gremlin Nob","floor":6.0,"turns":5.0},{"damage":4.0,"enemies":"Blue Slaver","floor":10.0,"turns":4.0},{"damage":5.0,"enemies":"Looter","floor":11.0,"turns":3.0},{"damage":13.0,"enemies":"Large Slime","floor":12.0,"turns":7.0},{"damage":36.0,"enemies":"Hexaghost","floor":16.0,"turns":8.0},{"damage":11.0,"enemies":"2 Thieves","floor":18.0,"turns":4.0},{"damage":12.0,"enemies":"Shell Parasite","floor":21.0,"turns":5.0},{"damage":22.0,"enemies":"Snake Plant","floor":22.0,"turns":5.0},{"damage":14.0,"enemies":"3 Cultists","floor":23.0,"turns":6.0},{"damage":22.0,"enemies":"Shelled Parasite and Fungi","floor":29.0,"turns":7.0},{"damage":23.0,"enemies":"Centurion and Healer","floor":31.0,"turns":6.0},{"damage":55.0,"enemies":"Collector","floor":33.0,"turns":8.0},{"damage":9.0,"enemies":"3 Darklings","floor":35.0,"turns":7.0},{"damage":12.0,"enemies":"Orb Walker","floor":37.0,"turns":3.0},{"damage":36.0,"enemies":"Maw","floor":39.0,"turns":8.0},{"damage":77.0,"enemies":"Transient","floor":41.0,"turns":5.0},{"damage":19.0,"enemies":"4 Shapes","floor":42.0,"turns":7.0},{"damage":21,"enemies":"Spire Growth","floor":44,"turns":3},{"damage":67,"enemies":"Donu and Deca","floor":50,"turns":7}],"seed_played":"2652565923819965194","potions_obtained":[{"floor":6.0,"key":"DistilledChaos"},{"floor":11.0,"key":"Strength Potion"},{"floor":12.0,"key":"Energy Potion"},{"floor":29.0,"key":"DuplicationPotion"},{"floor":33.0,"key":"Block Potion"},{"floor":37.0,"key":"SteroidPotion"},{"floor":39.0,"key":"CultistPotion"},{"floor":46,"key":"SneckoOil"},{"floor":46,"key":"LiquidBronze"},{"floor":46,"key":"DuplicationPotion"}],"is_trial":false,"path_per_floor":["M","?","M","T","M","E","R","?","T","M","M","M","$","?","R","B",null,"M","?","$","M","M","M","R","?","T","R","?","M","$","M","R","B",null,"M","?","M","$","M","R","M","M","T","M","R","?","$","?","R","B",null],"character_chosen":"IRONCLAD","items_purchased":["Molten Egg 2","StrikeDummy","Iron Wave+1","Weak Potion","Vajra"],"campfire_rested":4,"item_purchase_floors":[13,30,38,38,47],"current_hp_per_floor":[80,69,69,69,75,44,44,44,44,58,59,52,52,52,52,34,80,75,75,75,69,53,57,57,60,60,60,60,56,56,51,75,38,83,80,80,74,74,59,84,28,30,30,27,54,54,54,54,81,32],"gold":19,"neow_bonus":"UPGRADE_CARD","is_daily":false,"chose_seed":false,"campfire_upgraded":4,"win_rate":0.0,"timestamp":1608419393,"path_taken":["M","?","M","?","M","E","R","?","T","M","M","M","$","?","R","BOSS","M","?","$","M","M","M","R","?","T","R","?","M","$","M","R","BOSS","M","?","M","$","M","R","?","M","T","M","R","?","?","?","R","BOSS"],"items_purchased_type":["Relic","Relic","Card","Potion","Relic"],"build_version":"2020-12-13","purchased_purges":0,"victory":true,"max_hp_per_floor":[80,80,80,80,80,80,80,80,80,80,80,80,80,80,80,80,80,80,80,80,80,80,80,80,83,83,83,83,83,83,83,83,83,83,83,83,83,83,86,86,89,92,92,92,92,92,92,92,92,92],"card_choices":[{"not_picked":["Pommel Strike","Sword Boomerang"],"picked":"Iron Wave","floor":1.0},{"not_picked":["Headbutt","Flame Barrier"],"picked":"Twin Strike","floor":3.0},{"not_picked":["True Grit","Clothesline","Hemokinesis"],"picked":"SKIP","floor":5.0},{"not_picked":["Disarm","Shrug It Off","Shockwave"],"picked":"SKIP","floor":6.0},{"not_picked":["Clothesline","Carnage"],"picked":"Iron Wave","floor":10.0},{"not_picked":["Pommel Strike","Rampage"],"picked":"Armaments","floor":11.0},{"not_picked":["Clothesline","Cleave"],"picked":"Clash","floor":12.0},{"not_picked":["Bludgeon+1","Corruption"],"picked":"Double Tap","floor":16.0},{"not_picked":["Cleave+1","Dark Embrace"],"picked":"Perfected Strike+1","floor":18.0},{"not_picked":["True Grit","Fire Breathing"],"picked":"Thunderclap+1","floor":21.0},{"not_picked":["Pommel Strike+1","Clothesline+1","Disarm"],"picked":"SKIP","floor":22.0},{"not_picked":["Evolve","Fire Breathing+1"],"picked":"Armaments+1","floor":23.0},{"not_picked":["Thunderclap+1","Dark Embrace+1"],"picked":"Iron Wave+1","floor":29.0},{"not_picked":["Pommel Strike+1","Headbutt+1"],"picked":"BarbarianYell+1","floor":31.0},{"not_picked":["Fiend Fire+1","Corruption+1"],"picked":"Berserk+1","floor":33.0},{"not_picked":["Cleave+1","Seeing Red+1"],"picked":"Anger+1","floor":35.0},{"not_picked":["Entrench","Reckless Charge+1","Sword Boomerang+1"],"picked":"SKIP","floor":37.0},{"not_picked":["Havoc","Sword Boomerang+1","Shrug It Off+1"],"picked":"SKIP","floor":39.0},{"not_picked":["Clothesline+1","Shockwave","Warcry"],"picked":"SKIP","floor":41.0},{"not_picked":["Second Wind","Clothesline+1"],"picked":"Bludgeon+1","floor":42.0},{"not_picked":["Headbutt+1","Bloodletting"],"picked":"Rampage+1","floor":44}],"player_experience":124373,"relics_obtained":[{"floor":4.0,"key":"Meat on the Bone"},{"floor":6.0,"key":"Mummified Hand"},{"floor":9.0,"key":"halation:BottledLove"},{"floor":26.0,"key":"Frozen Egg 2"},{"floor":39.0,"key":"halation:EternalFortune"},{"floor":41.0,"key":"halation:EternalFortune"},{"floor":42.0,"key":"halation:EternalFortune"},{"floor":43.0,"key":"Bronze Scales"}],"event_choices":[{"damage_healed":0.0,"max_hp_gain":0.0,"max_hp_loss":0.0,"gold_gain":75.0,"event_name":"World of Goop","player_choice":"Gather Gold","floor":2.0,"gold_loss":0.0,"damage_taken":11.0},{"damage_healed":0.0,"max_hp_gain":0.0,"max_hp_loss":0.0,"gold_gain":0.0,"event_name":"The Cleric","player_choice":"Leave","floor":8.0,"gold_loss":0.0,"damage_taken":0.0},{"damage_healed":0.0,"max_hp_gain":0.0,"max_hp_loss":0.0,"gold_gain":68.0,"event_name":"Golden Wing","player_choice":"Gained Gold","floor":14.0,"gold_loss":0.0,"damage_taken":0.0},{"damage_healed":0.0,"max_hp_gain":0.0,"max_hp_loss":0.0,"gold_gain":0.0,"event_name":"Vampires","player_choice":"Ignored","floor":19.0,"gold_loss":0.0,"damage_taken":0.0},{"damage_healed":0.0,"max_hp_gain":0.0,"max_hp_loss":0.0,"gold_gain":0.0,"event_name":"Addict","player_choice":"Stole Relic","floor":28.0,"gold_loss":0.0,"damage_taken":0.0,"relics_obtained":["StoneCalendar"],"cards_obtained":["Shame"]},{"cards_removed":["Shame"],"damage_healed":0.0,"max_hp_gain":0.0,"max_hp_loss":0.0,"gold_gain":0.0,"event_name":"Purifier","player_choice":"Purged","floor":36.0,"gold_loss":0.0,"damage_taken":0.0},{"damage_healed":0,"gold_gain":0,"player_choice":"Got Potions","damage_taken":0,"max_hp_gain":0,"max_hp_loss":0,"event_name":"Lab","floor":46,"gold_loss":0}],"is_beta":false,"boss_relics":[{"not_picked":["Sandwich","Runic Pyramid"],"picked":"halation:LoveArrow"},{"not_picked":["halation:Risk","halation:CatFaceCupcake"],"picked":"SlaversCollar"}],"items_purged_floors":[],"is_endless":false,"potions_floor_spawned":[6,11,12,29,33,37,39,42],"ascension_level":0}}