{"host":"axuns55dzq466eei","time":1608374074,"event":{"mods":["BaseMod","Colored Map","Keyboard Shortcuts","Minty Spire (QoL Compilation)","StSLib","SuperFastMode"],"gold_per_floor":[119,119,138,151,71,71,105,105,151,151,151,169,169,169,169,241,241,260,277,33,33,50,50,69,69,117,130,155,155,155,155],"floor_reached":30,"playtime":1658,"items_purged":["Strike_G"],"score":496,"play_id":"165ce6a4-0fd9-4904-bd28-6971fd677769","local_time":"20201219193434","is_ascension_mode":true,"campfire_choices":[{"data":"Crippling Poison","floor":6,"key":"SMITH"},{"data":"Noxious Fumes","floor":8,"key":"SMITH"},{"data":"Prepared","floor":13,"key":"SMITH"},{"data":"Crippling Poison","floor":15,"key":"SMITH"},{"floor":23,"key":"REST"},{"data":"Venomology","floor":25,"key":"SMITH"},{"data":"Noxious Fumes","floor":29,"key":"SMITH"}],"circlet_count":0,"master_deck":["AscendersBane","Strike_G","Strike_G","Defend_G","Defend_G","Defend_G","Defend_G","Defend_G","Survivor","Neutralize","Reflex","Noxious Fumes+1","Crippling Poison+1","Crippling Poison+1","Prepared+1","Venomology+1","Well Laid Plans","Noxious Fumes+1","Finisher","Noxious Fumes+1"],"relics":["Ring of the Snake","NeowsBlessing","Potion Belt","Bag of Preparation","StoneCalendar","Philosopher\u0027s Stone","TwistedFunnel","Oddly Smooth Stone","Blue Candle"],"acts_visited":["Exordium","TheCity"],"potions_floor_usage":[16,16,18,19,24,28,28],"damage_taken":[{"damage":0,"enemies":"Jaw Worm","floor":1,"turns":1},{"damage":0,"enemies":"Cultist","floor":3,"turns":1},{"damage":0,"enemies":"2 Louse","floor":4,"turns":1},{"damage":25,"enemies":"3 Sentries","floor":7,"turns":7},{"damage":2,"enemies":"Blue Slaver","floor":12,"turns":5},{"damage":9,"enemies":"The Guardian","floor":16,"turns":9},{"damage":12,"enemies":"Shell Parasite","floor":18,"turns":6},{"damage":24,"enemies":"2 Thieves","floor":19,"turns":5},{"damage":13,"enemies":"Centurion and Healer","floor":22,"turns":7},{"damage":0,"enemies":"Sentry and Sphere","floor":24,"turns":3},{"damage":0,"enemies":"Snecko","floor":27,"turns":5},{"damage":4,"enemies":"Gremlin Leader","floor":28,"turns":6},{"damage":23,"enemies":"Chosen and Byrds","floor":30,"turns":3}],"seed_played":"2593131020570356187","potions_obtained":[{"floor":2,"key":"Swift Potion"},{"floor":2,"key":"Block Potion"},{"floor":7,"key":"Fire Potion"},{"floor":28,"key":"Strength Potion"}],"is_trial":false,"path_per_floor":["M","?","M","M","$","R","E","R","T","?","?","M","R","T","R","B",null,"M","M","$","?","M","R","M","R","T","M","E","R","M"],"character_chosen":"THE_SILENT","items_purchased":["Crippling Poison","TwistedFunnel"],"campfire_rested":1,"item_purchase_floors":[5,20],"current_hp_per_floor":[59,59,59,59,59,59,34,34,34,34,27,25,25,25,25,16,54,42,18,18,18,5,24,24,24,24,24,20,20,0,0],"gold":155,"neow_bonus":"THREE_ENEMY_KILL","is_daily":false,"chose_seed":false,"campfire_upgraded":6,"win_rate":0.0,"timestamp":1608374074,"path_taken":["M","?","M","?","$","R","E","R","T","?","?","M","R","?","R","BOSS","M","M","$","?","M","R","?","R","T","M","E","R","M"],"items_purchased_type":["Card","Relic"],"build_version":"2020-12-13","purchased_purges":1,"victory":false,"max_hp_per_floor":[66,66,66,66,66,66,66,66,66,66,66,66,66,66,66,66,66,66,66,66,66,66,66,66,66,66,66,66,66,66,66],"card_choices":[{"not_picked":["Slice","Deadly Poison"],"picked":"Reflex","floor":1},{"not_picked":["Dagger Throw","Blade Dance"],"picked":"Noxious Fumes","floor":3},{"not_picked":["Expertise","Outmaneuver","Bane"],"picked":"SKIP","floor":4},{"not_picked":["Dodge and Roll","Caltrops"],"picked":"Crippling Poison","floor":7},{"not_picked":["Poisoned Stab","Deflect"],"picked":"Prepared","floor":12},{"not_picked":["Envenom","Night Terror"],"picked":"Venomology","floor":16},{"not_picked":["Accuracy","Quick Slash+1"],"picked":"Well Laid Plans","floor":18},{"not_picked":["Prepared","Well Laid Plans"],"picked":"Noxious Fumes","floor":19},{"not_picked":["Deflect","Riddle With Holes"],"picked":"Noxious Fumes+1","floor":22},{"not_picked":["Flechettes","Dash","Skewer"],"picked":"SKIP","floor":24},{"not_picked":["Underhanded Strike","Concentrate","Blade Dance+1"],"picked":"SKIP","floor":27},{"not_picked":["Bane","Poisoned Stab+1","Masterful Stab+1"],"picked":"SKIP","floor":28}],"player_experience":1033911,"relics_obtained":[{"floor":7,"key":"Potion Belt"},{"floor":9,"key":"Bag of Preparation"},{"floor":14,"key":"StoneCalendar"},{"floor":26,"key":"Oddly Smooth Stone"},{"floor":28,"key":"Blue Candle"}],"event_choices":[{"damage_healed":0,"gold_gain":0,"player_choice":"Got Potions","damage_taken":0,"max_hp_gain":0,"max_hp_loss":0,"event_name":"Lab","floor":2,"gold_loss":0},{"damage_healed":0,"gold_gain":0,"player_choice":"Ignored","damage_taken":0,"max_hp_gain":0,"max_hp_loss":0,"event_name":"Liars Game","floor":10,"gold_loss":0},{"cards_removed":["Strike_G"],"damage_healed":0,"gold_gain":0,"player_choice":"Card Removal","damage_taken":7,"max_hp_gain":0,"max_hp_loss":0,"event_name":"Golden Wing","floor":11,"gold_loss":0},{"damage_healed":0,"gold_gain":0,"cards_transformed":["Strike_G"],"player_choice":"Transformed","damage_taken":0,"max_hp_gain":0,"max_hp_loss":0,"event_name":"Transmorgrifier","floor":21,"gold_loss":0,"cards_obtained":["Finisher"]}],"is_beta":false,"boss_relics":[{"not_picked":["Black Star","Coffee Dripper"],"picked":"Philosopher\u0027s Stone"}],"items_purged_floors":[20],"is_endless":false,"potions_floor_spawned":[7,28],"killed_by":"Chosen and Byrds","ascension_level":20}}