{"host":"nn8dnwg7qu5hzjj2","time":1608409405,"event":{"mods":["AchievementEnabler","BaseMod","Better Match","Better Note","Better Sensory Stone","Better Vampires","Card Forge","Colored Map","Colored Powertips","Data Control","Highlight Path","Infinite Spire","Minty Spire (QoL Compilation)","Permanent Neow","Relic Filter","Replay The Spire","Shop Mod","StSLib","Synergy Search","The Jungle","Transform Curses"],"gold_per_floor":[110,110,110,125,482,482,509,206,206,206,458,478,506,523,523,621,621,638,638,638,638,409,438,438,458,458,458,468,247,247,263,263,365,365,379,379,155,170,189,189,224,224,247,247,275,289,299,319,319,319],"floor_reached":51,"playtime":4275,"items_purged":[],"score":1158,"play_id":"b60d0565-6b82-4217-8888-c54ec75172ce","local_time":"20201219132325","is_ascension_mode":false,"campfire_choices":[{"floor":6,"key":"REST"},{"floor":10,"key":"REST"},{"floor":15,"key":"REST"},{"floor":24,"key":"REST"},{"floor":32,"key":"REST"},{"data":"Defend_P","floor":40,"key":"SMITH"},{"data":"Defend_P","floor":44,"key":"SMITH"},{"data":"Defend_P","floor":49,"key":"SMITH"}],"circlet_count":0,"master_deck":["Strike_P","Defend_P+13","Eruption+1","Vigilance+1","Barricade+1","Body Slam+1","Feed+1","Exhume+1","Entrench+1","Impervious+1","infinitespire:OneForAll+1","Searing Blow+9","infinitespire:FutureSight+1","infinitespire:Execution+1","ReplayTheSpireMod:Echoes of Time+1","EmptyBody+1","ReplayTheSpireMod:Echoes of Time+1","DevaForm+1","Worship+1","Exhume+1","Entrench+1","Impervious+1","Entrench+1","Exhume+1","Impervious+1","EmptyBody+1","Replay:AtTheReady+1","DevaForm+1","EmptyMind+1","DevaForm+1","EmptyMind+1"],"relics":["HolyWater","Hammer of Thor","Seething Fire","Anvil of the Gods","NeowsBlessing","FossilizedHelix","Calipers","ClockworkSouvenir","Iron Hammer","infinitespire:Lucky Rock","Strange Spoon","Replay:Bottled Steam","Bag of Marbles","PreservedInsect","Membership Card","Oddly Smooth Stone","ReplayFunnel","Replay:Baseball","TheAbacus","Regal Pillow","HornCleat","Mercury Hourglass","infinitespire:Satchel","Blood Vial","HandDrill","infinitespire:Cupcake","Bird Faced Urn","Simple Rune","Bag of Preparation","ReplayTheSpireMod:Ring of Exchange","Ring of Hypnosis","infinitespire:PuzzleCube","Boot"],"acts_visited":["Exordium","Exordium","TheBeyond"],"potions_floor_usage":[],"damage_taken":[{"damage":0.0,"enemies":"Small Slimes","floor":1.0,"turns":1.0},{"damage":0.0,"enemies":"2 Louse","floor":4.0,"turns":1.0},{"damage":0,"enemies":"Replay:BlueRogue","floor":7,"turns":1},{"damage":0,"enemies":"Jaw Worm","floor":12,"turns":1},{"damage":0,"enemies":"Gremlin Nob","floor":13,"turns":6},{"damage":0,"enemies":"2 Fungi Beasts","floor":14,"turns":3},{"damage":0,"enemies":"The Guardian","floor":16,"turns":5},{"damage":30,"enemies":"theJungle:Flameango_and_Byrd","floor":18,"turns":9},{"damage":0,"enemies":"theJungle:MamaSnecko","floor":23,"turns":5},{"damage":0,"enemies":"theJungle:MUSHROOMGANG","floor":25,"turns":5},{"damage":17,"enemies":"theJungle:2_Snecko_Cultists","floor":28,"turns":4},{"damage":0,"enemies":"theJungle:2_Flameangoes","floor":31,"turns":7},{"damage":0,"enemies":"theJungle:TotemBoss","floor":33,"turns":9},{"damage":0,"enemies":"Orb Walker","floor":35,"turns":3},{"damage":0,"enemies":"3 Shapes","floor":38,"turns":9},{"damage":0,"enemies":"Jaw Worm Horde","floor":39,"turns":4},{"damage":0,"enemies":"R_Hoarder","floor":41,"turns":6},{"damage":0,"enemies":"Reptomancer","floor":45,"turns":4},{"damage":0,"enemies":"Spire Growth","floor":46,"turns":5},{"damage":0,"enemies":"Writhing Mass","floor":47,"turns":1},{"damage":0,"enemies":"Jaw Worm Horde","floor":48,"turns":7},{"damage":0,"enemies":"Awakened One","floor":50,"turns":8}],"seed_played":"-7271697062473864498","potions_obtained":[{"floor":1.0,"key":"Fruit Juice"},{"floor":7,"key":"AttackPotion"},{"floor":16,"key":"SkillPotion"}],"is_trial":false,"path_per_floor":["M","?","?","M","$","R","E","$","T","R","$","M","E","M","R","B",null,"M","?","?","?","$","E","R","M","T","AVR","M","$","?","M","R","B",null,"M","?","$","M","M","R","E","?","T","R","E","M","M","M","R","B",null],"character_chosen":"WATCHER","items_purchased":["Calipers","ClockworkSouvenir","infinitespire:Lucky Rock","Strange Spoon","Bag of Marbles","PreservedInsect","Membership Card","ReplayFunnel","Replay:Baseball","TheAbacus","infinitespire:Satchel","Blood Vial","HandDrill","Bird Faced Urn","Simple Rune"],"campfire_rested":5,"item_purchase_floors":[5,5,8,8,11,11,11,22,22,22,29,29,29,37,37],"current_hp_per_floor":[72,65,40,40,40,91,95,95,95,147,147,147,151,151,180,180,180,150,150,107,71,71,71,140,144,144,144,127,127,152,158,188,188,188,188,188,188,202,206,206,210,210,210,210,216,222,226,236,236,245],"gold":319,"neow_bonus":"THREE_ENEMY_KILL","is_daily":false,"chose_seed":false,"campfire_upgraded":3,"win_rate":0.0,"timestamp":1608409405,"path_taken":["M","?","?","M","$","R","E","?","T","R","$","M","E","M","R","BOSS","M","?","?","?","$","E","R","M","T","AVR","M","$","?","M","R","BOSS","M","?","$","M","M","R","E","?","T","R","E","M","M","M","R","BOSS"],"items_purchased_type":["Relic","Relic","Relic","Relic","Relic","Relic","Relic","Relic","Relic","Relic","Relic","Relic","Relic","Relic","Relic"],"build_version":"2020-12-13","purchased_purges":0,"victory":true,"max_hp_per_floor":[72,72,72,72,172,172,176,176,176,176,176,176,180,180,180,180,180,180,180,180,180,180,180,180,184,184,184,184,184,184,188,188,188,188,250,237,237,245,245,245,245,245,245,245,245,245,245,245,245,245],"card_choices":[{"not_picked":["ClearTheMind","FlyingSleeves","PathToVictory"],"picked":"SKIP","floor":1.0},{"not_picked":["WheelKick","Fasting2","ThirdEye"],"picked":"SKIP","floor":4.0},{"not_picked":["Replay:BluntJabs","Worship"],"picked":"EmptyBody","floor":7},{"not_picked":["Replay:BluntJabs","BowlingBash","Collect"],"picked":"SKIP","floor":12},{"not_picked":["DeusExMachina","SandsOfTime","MasterReality"],"picked":"SKIP","floor":13},{"not_picked":["Crescendo","Replay:BluntJabs","Replay:ManipulateFuture"],"picked":"SKIP","floor":14},{"not_picked":["EmptyFist","Swivel","Crescendo"],"picked":"SKIP","floor":18},{"not_picked":["infinitespire:TheBestDefense","infinitespire:Collect"],"picked":"ReplayTheSpireMod:Echoes of Time","floor":20},{"not_picked":["Tantrum","WheelKick"],"picked":"Worship","floor":23},{"not_picked":["Replay:BluntJabs","CutThroughFate+1","FlyingSleeves"],"picked":"SKIP","floor":25},{"not_picked":["Replay:BluntJabs","Crescendo","FlurryOfBlows"],"picked":"SKIP","floor":28},{"not_picked":["Nirvana","DeceiveReality","Halt"],"picked":"SKIP","floor":31},{"not_picked":["EmptyFist","Halt+1"],"picked":"EmptyBody+1","floor":35},{"not_picked":["Replay:ManipulateFuture","CrushJoints+1","FollowUp"],"picked":"SKIP","floor":38},{"not_picked":["SashWhip+1","Establishment"],"picked":"Replay:AtTheReady+1","floor":39},{"not_picked":["Indignation+1","WreathOfFlame+1","Replay:Hum"],"picked":"SKIP","floor":41},{"not_picked":["PathToVictory+1","CarveReality+1","FollowUp"],"picked":"SKIP","floor":45},{"not_picked":["ClearTheMind","EmptyBody","Ragnarok"],"picked":"SKIP","floor":46},{"not_picked":["CrushJoints","PathToVictory","FlurryOfBlows+1"],"picked":"SKIP","floor":47},{"not_picked":["SashWhip+1","Crescendo+1","JustLucky"],"picked":"SKIP","floor":48}],"player_experience":97655,"relics_obtained":[{"floor":7,"key":"Iron Hammer"},{"floor":9,"key":"Replay:Bottled Steam"},{"floor":13,"key":"Oddly Smooth Stone"},{"floor":23,"key":"Regal Pillow"},{"floor":26,"key":"HornCleat"},{"floor":41,"key":"Bag of Preparation"},{"floor":42,"key":"ReplayTheSpireMod:Ring of Exchange"},{"floor":42,"key":"Ring of Hypnosis"},{"floor":43,"key":"infinitespire:PuzzleCube"},{"floor":45,"key":"Boot"}],"event_choices":[{"cards_removed":["Strike_P"],"damage_healed":0.0,"max_hp_gain":0.0,"max_hp_loss":0.0,"gold_gain":0.0,"event_name":"Golden Wing","player_choice":"Card Removal","floor":2.0,"gold_loss":0.0,"damage_taken":7.0},{"damage_healed":0.0,"max_hp_gain":0.0,"max_hp_loss":0.0,"gold_gain":0.0,"event_name":"Scrap Ooze","player_choice":"Success","floor":3.0,"gold_loss":0.0,"damage_taken":25.0,"relics_obtained":["FossilizedHelix"]},{"damage_healed":0,"gold_gain":0,"player_choice":"Ignored","damage_taken":0,"max_hp_gain":0,"max_hp_loss":0,"event_name":"betterNote:BetterNote","floor":19,"gold_loss":0,"cards_obtained":["infinitespire:Punishment"]},{"damage_healed":0,"gold_gain":2,"player_choice":"2","damage_taken":0,"max_hp_gain":0,"max_hp_loss":36,"event_name":"betterStone:BetterStone","floor":21,"gold_loss":0},{"damage_healed":0,"gold_gain":0,"player_choice":"Max HP","damage_taken":0,"max_hp_gain":0,"max_hp_loss":13,"event_name":"Winding Halls","floor":36,"gold_loss":0}],"is_beta":false,"boss_relics":[{"not_picked":["Busted Crown","Astrolabe"],"picked":"HolyWater"},{"not_picked":["Replay:Fungal Core","Kintsugi"],"picked":"infinitespire:Cupcake"}],"items_purged_floors":[],"is_endless":false,"potions_floor_spawned":[1,7,16,23,25,31,38,41,45],"ascension_level":0}}