{"host":"g1na4j704t0qpw5f","time":1608356133,"event":{"mods":["AchievementEnabler","BaseMod","Card Forge","Colored Powertips","Custom Start","Googly Eyes","Highlight Path","Minty Spire (QoL Compilation)","StSLib"],"gold_per_floor":[118,49042,49062,49074,47879,47879,47890,47922,47922,47125,47137,47193,47209,47240,47240,47312,47312,47322,46537,46554,46554,45687,45722,45772,45772,45797,45832,45832,45858,45890,45928,45940,46028,46040,46066,46078,45317,45328,44407,44407,44439,43894,43894,43922,43922,43949,43949,43965,43965,43965],"floor_reached":51,"playtime":16307,"items_purged":["Strike_B","Strike_B","Strike_B","Strike_B","Defend_B","Defend_B","Zap","Ball Lightning"],"score":1725,"play_id":"84b073b0-0aab-4a21-868d-ae4bb53657d3","local_time":"20201219003533","is_ascension_mode":true,"campfire_choices":[{"data":"Consume","floor":6,"key":"SMITH"},{"data":"Defragment","floor":15,"key":"SMITH"},{"data":"Defragment","floor":28,"key":"SMITH"},{"data":"Wraith Form v2","floor":32,"key":"SMITH"},{"data":"Chill","floor":40,"key":"SMITH"},{"data":"Storm","floor":45,"key":"SMITH"},{"data":"WaveOfTheHand","floor":47,"key":"SMITH"},{"data":"Pommel Strike","floor":49,"key":"SMITH"}],"circlet_count":0,"master_deck":["AscendersBane","Defend_B+1","Dualcast","Fusion","Consume+1","Storm+1","Blizzard","Defragment+1","Coolheaded","Redo","Infernal Blade+1","Pommel Strike+1","Sunder","Rebound","Seeing Red","Protect","Wraith Form v2+1","WaveOfTheHand+1","Defragment+1","Chill+1","Sucker Punch+1","All For One","Streamline","Fire Breathing+1","Streamline+1","Predator+1","Omniscience","Defragment+1","Sunder+1","Doom and Gloom+1","BattleHymn+1","Riddle With Holes+1","Cold Snap+1"],"relics":["Hammer of Thor","Seething Fire","Anvil of the Gods","Snecko Eye","Cables","Toolbox","Du-Vu Doll","PrismaticShard","Potion Belt","Emotion Chip","Smiling Mask","War Paint","Lee\u0027s Waffle","PreservedInsect","Bird Faced Urn","Question Card","White Beast Statue","Black Star","Nuclear Battery","Cauldron","Meat on the Bone","Toy Ornithopter","Frozen Egg 2","Ancient Tea Set","Medical Kit","Peace Pipe","Molten Egg 2","Anchor","StrikeDummy","CaptainsWheel","Omamori","MawBank","Blood Vial","Bottled Flame","Cursed Key","Art of War","Singing Bowl","ClockworkSouvenir","Akabeko","Torii","Runic Capacitor","Oddly Smooth Stone","Regal Pillow","Juzu Bracelet","Bag of Marbles","Membership Card","HornCleat","Incense Burner","Unceasing Top","Vajra"],"acts_visited":["Exordium","TheCity","TheBeyond"],"potions_floor_usage":[5,12,16,50,50,50],"damage_taken":[{"damage":5,"enemies":"Small Slimes","floor":1,"turns":3},{"damage":0,"enemies":"2 Louse","floor":3,"turns":1},{"damage":12,"enemies":"Jaw Worm","floor":4,"turns":3},{"damage":14,"enemies":"Blue Slaver","floor":7,"turns":5},{"damage":4,"enemies":"3 Sentries","floor":8,"turns":3},{"damage":0,"enemies":"2 Fungi Beasts","floor":11,"turns":2},{"damage":15,"enemies":"3 Sentries","floor":12,"turns":3},{"damage":0,"enemies":"Exordium Thugs","floor":13,"turns":4},{"damage":0,"enemies":"Gremlin Nob","floor":14,"turns":2},{"damage":1,"enemies":"Slime Boss","floor":16,"turns":8},{"damage":0,"enemies":"Spheric Guardian","floor":18,"turns":3},{"damage":5,"enemies":"3 Byrds","floor":20,"turns":5},{"damage":0,"enemies":"Book of Stabbing","floor":23,"turns":5},{"damage":5,"enemies":"Slavers","floor":27,"turns":3},{"damage":0,"enemies":"Gremlin Leader","floor":29,"turns":3},{"damage":0,"enemies":"Cultist and Chosen","floor":30,"turns":4},{"damage":0,"enemies":"Book of Stabbing","floor":31,"turns":3},{"damage":44,"enemies":"Automaton","floor":33,"turns":10},{"damage":0,"enemies":"Orb Walker","floor":35,"turns":3},{"damage":0,"enemies":"3 Shapes","floor":38,"turns":2},{"damage":0,"enemies":"Giant Head","floor":41,"turns":5},{"damage":0,"enemies":"Nemesis","floor":44,"turns":5},{"damage":0,"enemies":"Maw","floor":48,"turns":4},{"damage":1,"enemies":"Time Eater","floor":50,"turns":4}],"seed_played":"-8614485736750050737","potions_obtained":[{"floor":1,"key":"SkillPotion"},{"floor":7,"key":"Dexterity Potion"},{"floor":12,"key":"LiquidMemories"},{"floor":16,"key":"Regen Potion"},{"floor":19,"key":"CultistPotion"}],"is_trial":false,"path_per_floor":["M","$","M","M","$","R","M","E","T","$","M","?","M","E","R","B",null,"M","$","M","?","$","E","?","?","T","E","R","E","M","E","R","B",null,"M","?","$","M","$","R","E","$","T","E","R","T","R","M","R","B",null],"character_chosen":"DEFECT","items_purchased":["Cables","Toolbox","Du-Vu Doll","Consume","Swift Potion","Storm","Defragment","PrismaticShard","Potion Belt","Emotion Chip","Coolheaded","Redo","Fruit Juice","EssenceOfDarkness","Explosive Potion","Lee\u0027s Waffle","PreservedInsect","Bird Faced Urn","Sunder","Cauldron","Meat on the Bone","Toy Ornithopter","Defragment","Chill","Frozen Egg 2","Ancient Tea Set","Medical Kit","All For One","Streamline","Defragment+1","Sunder+1","Art of War","Singing Bowl","ClockworkSouvenir","Akabeko","Torii","Runic Capacitor","Doom and Gloom+1","SneckoOil","Juzu Bracelet","Bag of Marbles","Membership Card"],"campfire_rested":0,"item_purchase_floors":[2,2,2,2,2,2,5,5,5,5,5,5,5,5,5,10,10,10,10,19,19,19,19,19,22,22,22,22,22,37,37,37,37,37,39,39,39,39,39,42,42,42],"current_hp_per_floor":[59,59,59,47,52,52,38,34,34,83,83,68,72,72,72,75,81,83,83,82,82,82,83,83,83,83,78,78,82,83,83,83,42,73,83,83,83,85,85,85,85,85,85,85,85,85,85,85,85,85],"gold":43965,"neow_bonus":"BOSS_RELIC","is_daily":false,"chose_seed":false,"campfire_upgraded":8,"win_rate":0.0,"timestamp":1608356133,"path_taken":["M","$","M","M","$","R","M","E","T","$","M","?","M","E","R","BOSS","M","$","M","?","$","E","?","?","T","E","R","E","M","E","R","BOSS","M","?","$","M","$","R","E","$","T","E","R","?","R","M","R","BOSS"],"items_purchased_type":["Relic","Relic","Relic","Card","Potion","Card","Card","Relic","Relic","Relic","Card","Card","Potion","Potion","Potion","Relic","Relic","Relic","Card","Relic","Relic","Relic","Card","Card","Relic","Relic","Relic","Card","Card","Card","Card","Relic","Relic","Relic","Relic","Relic","Relic","Card","Potion","Relic","Relic","Relic"],"build_version":"2020-12-13","purchased_purges":8,"victory":true,"max_hp_per_floor":[71,71,71,71,76,76,76,76,76,83,83,83,83,83,83,83,83,83,83,83,83,83,83,83,83,83,83,83,83,83,83,83,83,83,83,83,83,85,85,85,85,85,85,85,85,85,85,85,85,85],"card_choices":[{"not_picked":["Loop","Darkness"],"picked":"Fusion","floor":1},{"not_picked":["Stack","Melter"],"picked":"Ball Lightning","floor":3},{"not_picked":["Ball Lightning","Beam Cell"],"picked":"Blizzard","floor":4},{"not_picked":["Bane","Rebound"],"picked":"Infernal Blade","floor":7},{"not_picked":["Disarm","Body Slam"],"picked":"Pommel Strike","floor":8},{"not_picked":["PathToVictory","JustLucky"],"picked":"Rebound","floor":11},{"not_picked":["Rupture","Finesse","SashWhip"],"picked":"Seeing Red","floor":12},{"not_picked":["ClearTheMind","BattleHymn","BowlingBash"],"picked":"Sever Soul","floor":13},{"not_picked":["Heel Hook","Scrape","Blade Dance"],"picked":"Protect","floor":14},{"not_picked":["Master of Strategy","DeusExMachina","Envenom"],"picked":"Wraith Form v2","floor":16},{"not_picked":["Dark Shackles","Leap","Jack Of All Trades"],"picked":"WaveOfTheHand","floor":18},{"not_picked":["Cloak And Dagger","Dodge and Roll","ThirdEye"],"picked":"Sucker Punch+1","floor":20},{"not_picked":["PiercingWail","Escape Plan","ConjureBlade"],"picked":"Fire Breathing+1","floor":23},{"not_picked":["Indignation+1","Turbo","LikeWater+1"],"picked":"Predator+1","floor":27},{"not_picked":["CutThroughFate+1","Blade Dance","Consecrate+1","Turbo"],"picked":"SKIP","floor":29},{"not_picked":["Blade Dance","Dodge and Roll","Prepared","Turbo"],"picked":"SKIP","floor":30},{"not_picked":["ClearTheMind","Flying Knee+1","Compile Driver+1","Stack+1"],"picked":"SKIP","floor":31},{"not_picked":["ClearTheMind","Flying Knee+1","Compile Driver+1","Stack+1"],"picked":"SKIP","floor":31},{"not_picked":["Bullet Time","Alpha","Creative AI+1"],"picked":"Omniscience","floor":33},{"not_picked":["Purity","BowlingBash+1","JustLucky+1","Accuracy+1"],"picked":"SKIP","floor":35},{"not_picked":["Perfected Strike+1","ClearTheMind","Deep Breath","ThirdEye"],"picked":"Singing Bowl","floor":38},{"not_picked":["Entrench","Ghostly Armor+1","Steam"],"picked":"BattleHymn+1","floor":41},{"not_picked":["Self Repair+1","Redo+1","Master of Strategy"],"picked":"Riddle With Holes+1","floor":44},{"not_picked":["Poisoned Stab+1","Pommel Strike+1","Twin Strike+1"],"picked":"Cold Snap+1","floor":48}],"player_experience":462385,"relics_obtained":[{"floor":8,"key":"Smiling Mask"},{"floor":9,"key":"War Paint"},{"floor":14,"key":"White Beast Statue"},{"floor":23,"key":"Peace Pipe"},{"floor":23,"key":"Molten Egg 2"},{"floor":26,"key":"Anchor"},{"floor":27,"key":"StrikeDummy"},{"floor":27,"key":"CaptainsWheel"},{"floor":29,"key":"Omamori"},{"floor":29,"key":"MawBank"},{"floor":31,"key":"Blood Vial"},{"floor":31,"key":"Bottled Flame"},{"floor":41,"key":"Oddly Smooth Stone"},{"floor":41,"key":"Regal Pillow"},{"floor":43,"key":"HornCleat"},{"floor":44,"key":"Incense Burner"},{"floor":44,"key":"Unceasing Top"},{"floor":46,"key":"Vajra"}],"event_choices":[{"damage_healed":0,"gold_gain":0,"player_choice":"Searched \u00272\u0027 times","damage_taken":0,"relics_obtained":["Question Card"],"max_hp_gain":0,"max_hp_loss":0,"event_name":"Dead Adventurer","floor":12,"gold_loss":0},{"cards_removed":["Defend_B"],"damage_healed":0,"gold_gain":0,"player_choice":"Elegance","damage_taken":0,"max_hp_gain":0,"max_hp_loss":0,"event_name":"Back to Basics","floor":21,"gold_loss":0},{"damage_healed":0,"gold_gain":50,"player_choice":"Stole From Cult","damage_taken":0,"max_hp_gain":0,"max_hp_loss":0,"event_name":"Nest","floor":24,"gold_loss":0},{"damage_healed":0,"gold_gain":0,"player_choice":"Read","damage_taken":0,"max_hp_gain":0,"max_hp_loss":0,"event_name":"The Library","floor":25,"gold_loss":0,"cards_obtained":["Streamline"]},{"cards_removed":["Sever Soul"],"damage_healed":0,"gold_gain":0,"player_choice":"Removed Attack","damage_taken":0,"max_hp_gain":0,"max_hp_loss":0,"event_name":"Falling","floor":36,"gold_loss":0}],"is_beta":false,"boss_relics":[{"not_picked":["Ectoplasm","Nuclear Battery"],"picked":"Black Star"},{"not_picked":["Runic Dome","Busted Crown"],"picked":"Cursed Key"}],"items_purged_floors":[2,5,10,19,22,37,39,42],"is_endless":false,"potions_floor_spawned":[1,7,12,16,18,20,23,29,30,31,33,35,38,41,44,48],"ascension_level":16}}