{"host":"vbar8rizcxvs4h4h","time":1608420154,"event":{"mods":["AchievementEnabler","BaseMod","Minty Spire (QoL Compilation)"],"gold_per_floor":[112,124,144,157,169,196,230,230,230,230,259,259,259,50,50,154,154,166,184,184,210,245,272,307,307,307,307,406,431,235,235,235,330,330,344,344,394,447,474,504,518,518,518,532,574,10,46,78,78,78],"floor_reached":51,"playtime":1388,"items_purged":[],"score":1010,"play_id":"7b2e5cc0-2ff2-4088-a184-ab14ff5e7b5e","local_time":"20201219172234","daily_mods":["SealedDeck","Heirloom","Flight"],"is_ascension_mode":false,"campfire_choices":[{"data":"Ball Lightning","floor":8,"key":"SMITH"},{"data":"Self Repair","floor":13,"key":"SMITH"},{"floor":15,"key":"REST"},{"data":"Darkness","floor":25,"key":"SMITH"},{"data":"Melter","floor":27,"key":"SMITH"},{"floor":32,"key":"REST"},{"data":"Conserve Battery","floor":42,"key":"SMITH"},{"floor":49,"key":"REST"}],"circlet_count":0,"master_deck":["Blizzard+1","Conserve Battery+1","Ball Lightning+1","Ball Lightning","Turbo+1","Sweeping Beam+1","Barrage","Cold Snap","Darkness+1","Doom and Gloom","Melter+1","Glacier+1","Chaos","Cold Snap","Static Discharge","Self Repair+1","All For One","Doom and Gloom","Ball Lightning","Creative AI","Double Energy","Thunder Strike+1","Ball Lightning","Storm","Melter+1","Core Surge","Sunder+1","Metamorphosis","Doom and Gloom+1","Cold Snap+1","Beam Cell+1","Ball Lightning+1","Chaos+1","Hologram+1","Steam+1","Lockon+1","Skim+1"],"relics":["Cracked Core","FossilizedHelix","Bird Faced Urn","Akabeko","Tiny Chest","Vajra","Membership Card","SlaversCollar","Bronze Scales","Red Mask","Cables","Nunchaku","HornCleat","Ornamental Fan","MealTicket","Toolbox","Pantograph","Black Star","Calipers","Prayer Wheel","Potion Belt","Molten Egg 2","Art of War","The Courier","CeramicFish","Toxic Egg 2","Bottled Lightning","Orichalcum","Regal Pillow","Thread and Needle","Centennial Puzzle","Whetstone","Medical Kit","Mango","War Paint","Singing Bowl","StrikeDummy"],"acts_visited":["Exordium","TheCity","TheBeyond"],"potions_floor_usage":[23,33,40,40,45,48,50,50,50],"damage_taken":[{"damage":0,"enemies":"Jaw Worm","floor":1,"turns":2},{"damage":0,"enemies":"Small Slimes","floor":2,"turns":2},{"damage":0,"enemies":"Cultist","floor":3,"turns":2},{"damage":0,"enemies":"Red Slaver","floor":4,"turns":2},{"damage":0,"enemies":"Looter","floor":5,"turns":2},{"damage":0,"enemies":"Gremlin Nob","floor":6,"turns":4},{"damage":11,"enemies":"Lagavulin","floor":7,"turns":4},{"damage":0,"enemies":"3 Sentries","floor":11,"turns":3},{"damage":10,"enemies":"Slime Boss","floor":16,"turns":7},{"damage":0,"enemies":"Shell Parasite","floor":18,"turns":2},{"damage":24,"enemies":"3 Byrds","floor":19,"turns":4},{"damage":0,"enemies":"Masked Bandits","floor":22,"turns":2},{"damage":11,"enemies":"Book of Stabbing","floor":23,"turns":3},{"damage":28,"enemies":"Slavers","floor":24,"turns":3},{"damage":4,"enemies":"Book of Stabbing","floor":29,"turns":3},{"damage":18,"enemies":"Collector","floor":33,"turns":8},{"damage":0,"enemies":"3 Shapes","floor":35,"turns":4},{"damage":23,"enemies":"Mind Bloom Boss Battle","floor":37,"turns":6},{"damage":39,"enemies":"2 Orb Walkers","floor":38,"turns":4},{"damage":26,"enemies":"Reptomancer","floor":40,"turns":5},{"damage":0,"enemies":"Orb Walker","floor":41,"turns":3},{"damage":22,"enemies":"Spire Growth","floor":44,"turns":4},{"damage":30,"enemies":"Giant Head","floor":45,"turns":7},{"damage":18,"enemies":"Nemesis","floor":47,"turns":5},{"damage":5,"enemies":"Giant Head","floor":48,"turns":6},{"damage":20,"enemies":"Time Eater","floor":50,"turns":8}],"seed_played":"8936205396341352928","potions_obtained":[{"floor":3,"key":"LiquidMemories"},{"floor":5,"key":"FocusPotion"},{"floor":6,"key":"LiquidBronze"},{"floor":24,"key":"Energy Potion"},{"floor":33,"key":"Block Potion"},{"floor":38,"key":"LiquidMemories"},{"floor":40,"key":"FocusPotion"},{"floor":45,"key":"FocusPotion"},{"floor":47,"key":"Swift Potion"},{"floor":48,"key":"Dexterity Potion"}],"is_trial":true,"path_per_floor":["M","M","M","M","M","E","E","R","T","?","E","?","R","$","R","B",null,"M","M","?","T","?","E","E","R","T","R","?","E","$","T","R","B",null,"M","?","?","?","T","E","M","R","T","M","E","$","E","E","R","B",null],"character_chosen":"DEFECT","items_purchased":["Membership Card","Doom and Gloom","Ball Lightning","MealTicket","Toolbox","Melter","Bottled Lightning","Orichalcum","Lockon+1","Regal Pillow","Thread and Needle","Centennial Puzzle","Whetstone","Medical Kit","PowerPotion"],"campfire_rested":3,"item_purchase_floors":[14,14,14,30,30,30,46,46,46,46,46,46,46,46,46],"current_hp_per_floor":[75,75,75,75,75,75,64,64,64,49,51,51,51,51,73,75,75,75,65,75,75,75,74,52,52,52,52,52,64,64,64,75,69,75,75,75,68,45,45,35,55,55,55,33,19,34,44,69,91,83],"gold":78,"neow_bonus":"","is_daily":false,"chose_seed":false,"campfire_upgraded":5,"win_rate":0.0,"timestamp":1608420154,"path_taken":["M","M","M","M","M","E","E","R","T","?","E","?","R","$","R","BOSS","M","M","?","?","?","E","E","R","T","R","?","E","?","?","R","BOSS","M","?","?","?","?","E","?","R","T","M","E","$","E","E","R","BOSS"],"items_purchased_type":["Relic","Card","Card","Relic","Relic","Card","Relic","Relic","Card","Relic","Relic","Relic","Relic","Relic","Potion"],"build_version":"2020-12-13","purchased_purges":0,"victory":true,"max_hp_per_floor":[75,75,75,75,75,75,75,75,75,75,75,75,75,75,75,75,75,75,75,75,75,75,75,75,75,75,75,75,75,75,75,75,75,75,75,75,75,75,75,75,75,75,75,75,75,75,89,91,91,91],"card_choices":[{"not_picked":["Stack","Chaos"],"picked":"Melter","floor":1},{"not_picked":["Gash","Rebound","Consume"],"picked":"SKIP","floor":2},{"not_picked":["Compile Driver","Ball Lightning"],"picked":"Glacier","floor":3},{"not_picked":["Sunder","Steam"],"picked":"Chaos","floor":4},{"not_picked":["Steam Power","Go for the Eyes"],"picked":"Cold Snap","floor":5},{"not_picked":["Hyperbeam","BootSequence"],"picked":"Static Discharge","floor":6},{"not_picked":["Sweeping Beam","Beam Cell","Redo"],"picked":"SKIP","floor":7},{"not_picked":["Double Energy","Gash"],"picked":"Self Repair","floor":11},{"not_picked":["Hyperbeam","Biased Cognition"],"picked":"Creative AI","floor":16},{"not_picked":["Stack+1","Gash","Beam Cell"],"picked":"SKIP","floor":18},{"not_picked":["Reinforced Body","Force Field+1"],"picked":"White Noise","floor":19},{"not_picked":["Lockon+1","Hologram"],"picked":"Double Energy","floor":22},{"not_picked":["Turbo","Rebound+1"],"picked":"Thunder Strike","floor":23},{"not_picked":["Stack","Gash"],"picked":"Ball Lightning","floor":24},{"not_picked":["Fission","Hologram"],"picked":"Storm","floor":29},{"not_picked":["Hyperbeam","Reboot"],"picked":"Core Surge","floor":33},{"not_picked":["Reinforced Body","Sweeping Beam"],"picked":"Sunder+1","floor":35},{"not_picked":["Flash of Steel","Purity"],"picked":"Metamorphosis","floor":36},{"not_picked":["Force Field+1","Ball Lightning+1"],"picked":"Doom and Gloom+1","floor":38},{"not_picked":["Aggregate+1","Go for the Eyes+1"],"picked":"Cold Snap+1","floor":40},{"not_picked":["Go for the Eyes+1","Gash+1"],"picked":"Beam Cell+1","floor":41},{"not_picked":["Turbo+1","Reboot"],"picked":"Ball Lightning+1","floor":41},{"not_picked":["Beam Cell+1","Barrage+1"],"picked":"Chaos+1","floor":44},{"not_picked":["FTL+1","Rebound+1"],"picked":"Hologram+1","floor":44},{"not_picked":["Barrage+1","Hologram+1"],"picked":"Steam+1","floor":45},{"not_picked":["Melter+1","Sweeping Beam+1"],"picked":"Skim+1","floor":47},{"not_picked":["Conserve Battery+1","Tempest+1","Biased Cognition"],"picked":"Singing Bowl","floor":48}],"player_experience":118998,"relics_obtained":[{"floor":6,"key":"Bird Faced Urn"},{"floor":7,"key":"Akabeko"},{"floor":9,"key":"Tiny Chest"},{"floor":11,"key":"Vajra"},{"floor":21,"key":"Bronze Scales"},{"floor":22,"key":"Red Mask"},{"floor":23,"key":"Cables"},{"floor":24,"key":"Nunchaku"},{"floor":26,"key":"HornCleat"},{"floor":29,"key":"Ornamental Fan"},{"floor":31,"key":"Pantograph"},{"floor":37,"key":"Calipers"},{"floor":38,"key":"Prayer Wheel"},{"floor":39,"key":"Potion Belt"},{"floor":40,"key":"Molten Egg 2"},{"floor":40,"key":"Art of War"},{"floor":43,"key":"The Courier"},{"floor":45,"key":"CeramicFish"},{"floor":45,"key":"Toxic Egg 2"},{"floor":47,"key":"Mango"},{"floor":47,"key":"War Paint"},{"floor":48,"key":"Singing Bowl"},{"floor":48,"key":"StrikeDummy"}],"event_choices":[{"damage_healed":0,"gold_gain":0,"player_choice":"Entered Light","damage_taken":15,"max_hp_gain":0,"max_hp_loss":0,"event_name":"Shining Light","floor":10,"gold_loss":0,"cards_upgraded":["Blizzard","Sweeping Beam"]},{"damage_healed":0,"gold_gain":0,"player_choice":"1 cards matched","damage_taken":0,"max_hp_gain":0,"max_hp_loss":0,"event_name":"Match and Keep!","floor":12,"gold_loss":0,"cards_obtained":["All For One"]},{"cards_removed":["White Noise"],"damage_healed":10,"gold_gain":0,"player_choice":"Offered Uncommon","damage_taken":0,"max_hp_gain":0,"max_hp_loss":0,"event_name":"Bonfire Elementals","floor":20,"gold_loss":0},{"damage_healed":0,"gold_gain":0,"player_choice":"Fought Bandits","damage_taken":0,"max_hp_gain":0,"max_hp_loss":0,"event_name":"Masked Bandits","floor":22,"gold_loss":0},{"damage_healed":0,"gold_gain":99,"player_choice":"Stole From Cult","damage_taken":0,"max_hp_gain":0,"max_hp_loss":0,"event_name":"Nest","floor":28,"gold_loss":0},{"damage_healed":0,"gold_gain":0,"player_choice":"Memory 1","damage_taken":0,"max_hp_gain":0,"max_hp_loss":0,"event_name":"SensoryStone","floor":36,"gold_loss":0},{"damage_healed":0,"gold_gain":0,"player_choice":"Fight","damage_taken":0,"max_hp_gain":0,"max_hp_loss":0,"event_name":"MindBloom","floor":37,"gold_loss":0},{"damage_healed":0,"gold_gain":0,"player_choice":"Fight","damage_taken":0,"max_hp_gain":0,"max_hp_loss":0,"event_name":"Mysterious Sphere","floor":38,"gold_loss":0}],"is_beta":false,"boss_relics":[{"not_picked":["Coffee Dripper","Sozu"],"picked":"SlaversCollar"},{"not_picked":["Philosopher\u0027s Stone","Runic Dome"],"picked":"Black Star"}],"items_purged_floors":[],"is_endless":false,"potions_floor_spawned":[3,5,6,24,33,38,40,45,47,48],"ascension_level":0}}