{"host":"fne7yx97fnz7kq05","time":1608420762,"event":{"mods":["BaseMod","Colored Map","Colored Powertips","Highlight Path","Minty Spire (QoL Compilation)","Relic Stats"],"gold_per_floor":[112,187,187,187,201,217,217,248,271,290,334,359,392,392,392,392,392],"floor_reached":16,"playtime":847,"items_purged":[],"score":180,"play_id":"c0fa2003-da25-48bc-ad26-74a8d86a8567","local_time":"20201219173242","is_ascension_mode":true,"campfire_choices":[{"data":"True Grit","floor":7,"key":"SMITH"},{"floor":15,"key":"REST"}],"circlet_count":0,"master_deck":["AscendersBane","Strike_R","Strike_R","Strike_R","Strike_R","Strike_R","Defend_R","Defend_R","Defend_R","Defend_R","Bash","Clash","True Grit+1","Twin Strike","Feed","Ghostly Armor"],"relics":["Burning Blood","Orichalcum","Golden Idol","Centennial Puzzle","Nunchaku","Bottled Lightning","Blue Candle","Mercury Hourglass"],"acts_visited":["Exordium"],"potions_floor_usage":[8,11,12,13],"damage_taken":[{"damage":10,"enemies":"2 Louse","floor":1,"turns":3},{"damage":6,"enemies":"Small Slimes","floor":5,"turns":4},{"damage":6,"enemies":"Jaw Worm","floor":6,"turns":3},{"damage":19,"enemies":"Gremlin Nob","floor":8,"turns":5},{"damage":7,"enemies":"Blue Slaver","floor":10,"turns":5},{"damage":21,"enemies":"Lagavulin","floor":11,"turns":7},{"damage":0,"enemies":"Gremlin Gang","floor":12,"turns":4},{"damage":14,"enemies":"3 Sentries","floor":13,"turns":9},{"damage":69,"enemies":"Slime Boss","floor":16,"turns":11}],"seed_played":"327809156396682170","potions_obtained":[{"floor":1,"key":"Block Potion"},{"floor":5,"key":"LiquidBronze"},{"floor":8,"key":"SteroidPotion"},{"floor":12,"key":"GamblersBrew"}],"is_trial":false,"path_per_floor":["M","?","?","?","M","M","R","E","T","M","E","M","E","T","R","B"],"character_chosen":"IRONCLAD","items_purchased":[],"campfire_rested":1,"item_purchase_floors":[],"current_hp_per_floor":[68,57,62,62,62,62,62,49,49,48,33,42,37,37,62,0,0],"gold":392,"neow_bonus":"RANDOM_COMMON_RELIC","is_daily":false,"chose_seed":false,"campfire_upgraded":1,"win_rate":0.0,"timestamp":1608420762,"path_taken":["M","?","?","?","M","M","R","E","T","M","E","M","E","?","R","BOSS"],"items_purchased_type":[],"build_version":"2020-12-13","purchased_purges":0,"victory":false,"max_hp_per_floor":[80,80,85,79,79,79,79,79,79,79,79,82,85,85,85,85,85],"relic_stats":{"Centennial Puzzle":[12],"Nunchaku":[6],"counters":[9,51],"Golden Idol":37,"Blue Candle":[0],"Orichalcum":[120],"obtain_stats":[{"Centennial Puzzle":8,"Nunchaku":9,"Golden Idol":4,"Blue Candle":13,"Bottled Lightning":11,"Orichalcum":0,"Burning Blood":0,"Mercury Hourglass":14},{"Centennial Puzzle":4,"Nunchaku":4,"Golden Idol":1,"Blue Candle":8,"Bottled Lightning":6,"Orichalcum":0,"Burning Blood":0,"Mercury Hourglass":8},{"Centennial Puzzle":15,"Nunchaku":15,"Golden Idol":3,"Blue Candle":40,"Bottled Lightning":27,"Orichalcum":0,"Burning Blood":0,"Mercury Hourglass":40}],"Burning Blood":48,"Mercury Hourglass":[60]},"card_choices":[{"not_picked":["Spot Weakness","Iron Wave","Sever Soul"],"picked":"SKIP","floor":1},{"not_picked":["Dual Wield","Perfected Strike"],"picked":"Clash","floor":5},{"not_picked":["Feel No Pain","Body Slam"],"picked":"True Grit","floor":6},{"not_picked":["Headbutt","Thunderclap"],"picked":"Twin Strike","floor":8},{"not_picked":["Thunderclap","Evolve"],"picked":"Feed","floor":10},{"not_picked":["Intimidate","Dual Wield","Burning Pact"],"picked":"SKIP","floor":11},{"not_picked":["Heavy Blade","Headbutt","Dual Wield"],"picked":"SKIP","floor":12},{"not_picked":["Iron Wave","Metallicize"],"picked":"Ghostly Armor","floor":13}],"player_experience":48725,"relics_obtained":[{"floor":8,"key":"Centennial Puzzle"},{"floor":9,"key":"Nunchaku"},{"floor":11,"key":"Bottled Lightning"},{"floor":13,"key":"Blue Candle"},{"floor":14,"key":"Mercury Hourglass"}],"event_choices":[{"damage_healed":0,"gold_gain":75,"player_choice":"Gather Gold","damage_taken":11,"max_hp_gain":0,"max_hp_loss":0,"event_name":"World of Goop","floor":2,"gold_loss":0},{"damage_healed":0,"gold_gain":0,"player_choice":"Donut","damage_taken":0,"max_hp_gain":5,"max_hp_loss":0,"event_name":"Big Fish","floor":3,"gold_loss":0},{"damage_healed":0,"gold_gain":0,"player_choice":"Lose Max HP","damage_taken":0,"relics_obtained":["Golden Idol"],"max_hp_gain":0,"max_hp_loss":6,"event_name":"Golden Idol","floor":4,"gold_loss":0}],"is_beta":false,"boss_relics":[],"items_purged_floors":[],"is_endless":false,"potions_floor_spawned":[1,5,8,12],"killed_by":"Slime Boss","ascension_level":10}}