{"host":"2o3sockympbxxanu","time":1608392942,"event":{"mods":["BaseMod","Colored Map","Colored Powertips","Downfall","Marisa£®ÏF”Í°°ƒß¿Ì…≥£©","Minty Spire (QoL Compilation)","StSLib"],"gold_per_floor":[118,128,142,153,103,103,132,143,143,177,177,26,43,118,118,213,213,230,242,242,242,256,289,289,36,36,46,76,1,1,1,1,104,104,126,126,56,56,73,73,87,46,46,46,46,46,72,86,86,86],"floor_reached":51,"playtime":2285,"items_purged":["Bane"],"score":779,"play_id":"55bfe6f3-5d69-498e-ace7-3019864a3745","local_time":"20201219234902","is_ascension_mode":true,"campfire_choices":[{"data":"Venomology","floor":6.0,"key":"SMITH"},{"data":"Infinite Blades","floor":15.0,"key":"SMITH"},{"data":"Accuracy","floor":24.0,"key":"SMITH"},{"data":"Infinite Blades","floor":30.0,"key":"SMITH"},{"floor":32.0,"key":"REST"},{"data":"Accuracy","floor":40.0,"key":"SMITH"},{"data":"A Thousand Cuts","floor":45.0,"key":"SMITH"},{"data":"Corpse Explosion","floor":49.0,"key":"SMITH"}],"circlet_count":0,"master_deck":["Strike_G","Strike_G","Strike_G","Strike_G","Defend_G","Defend_G","Defend_G","Defend_G","Survivor","Neutralize","Backstab","Blade Dance","Venomology+1","Blade Dance","Deflect","Infinite Blades+1","Accuracy+1","A Thousand Cuts+1","Distraction+1","Deflect+1","Infinite Blades+1","Corpse Explosion+1","CurseOfTheBell","Cloak And Dagger+1","Accuracy+1","Blade Dance+1","Terror+1"],"relics":["Ring of the Serpent","Tiny Chest","Dream Catcher","Torii","Du-Vu Doll","Lantern","Meat on the Bone","InkBottle","Singing Bowl","Calling Bell","CeramicFish","Toxic Egg 2","Unceasing Top","Matryoshka","Blood Vial","Toy Ornithopter","Question Card","White Beast Statue","Ninja Scroll"],"acts_visited":["Exordium","TheCity","TheBeyond"],"potions_floor_usage":[50,50,50],"damage_taken":[{"damage":9.0,"enemies":"Jaw Worm","floor":1.0,"turns":6.0},{"damage":0.0,"enemies":"2 Louse","floor":2.0,"turns":2.0},{"damage":0.0,"enemies":"Small Slimes","floor":3.0,"turns":4.0},{"damage":0.0,"enemies":"Looter","floor":4.0,"turns":4.0},{"damage":8.0,"enemies":"Gremlin Nob","floor":7.0,"turns":4.0},{"damage":3.0,"enemies":"Gremlin Gang","floor":8.0,"turns":5.0},{"damage":2.0,"enemies":"Lagavulin","floor":10.0,"turns":6.0},{"damage":0.0,"enemies":"2 Fungi Beasts","floor":13.0,"turns":2.0},{"damage":21.0,"enemies":"Slime Boss","floor":16.0,"turns":9.0},{"damage":12.0,"enemies":"Chosen","floor":18.0,"turns":4.0},{"damage":20.0,"enemies":"Shell Parasite","floor":19.0,"turns":4.0},{"damage":6.0,"enemies":"Snecko","floor":22.0,"turns":4.0},{"damage":2.0,"enemies":"Book of Stabbing","floor":23.0,"turns":4.0},{"damage":12.0,"enemies":"3 Cultists","floor":27.0,"turns":4.0},{"damage":17.0,"enemies":"Gremlin Leader","floor":28.0,"turns":6.0},{"damage":43.0,"enemies":"Collector","floor":33.0,"turns":7.0},{"damage":14.0,"enemies":"Orb Walker","floor":35.0,"turns":3.0},{"damage":1.0,"enemies":"3 Shapes","floor":39.0,"turns":3.0},{"damage":7.0,"enemies":"Transient","floor":41.0,"turns":5.0},{"damage":36.0,"enemies":"Spire Growth","floor":47.0,"turns":4.0},{"damage":11.0,"enemies":"3 Darklings","floor":48.0,"turns":2.0},{"damage":56,"enemies":"Donu and Deca","floor":50,"turns":4}],"seed_played":"-5554818783544124065","potions_obtained":[{"floor":3.0,"key":"Guardian:BlockOnCardUsePotion"},{"floor":7.0,"key":"DuplicationPotion"},{"floor":22.0,"key":"CunningPotion"},{"floor":23.0,"key":"Ancient Potion"},{"floor":33.0,"key":"LiquidBronze"},{"floor":39.0,"key":"PowerPotion"},{"floor":41.0,"key":"Explosive Potion"},{"floor":47.0,"key":"FearPotion"},{"floor":48.0,"key":"Weak Potion"}],"is_trial":false,"path_per_floor":["M","M","M","M","?","R","E","M","T","E","?","$","M","?","R","B",null,"M","M","?","T","M","E","R","$","T","M","E","?","R","$","R","B",null,"M","T","$","?","M","R","M","$","T","T","R","$","M","M","R","B",null],"character_chosen":"THE_SILENT","items_purchased":["Accuracy","Meat on the Bone","Accuracy","Blade Dance+1"],"campfire_rested":1,"item_purchase_floors":[12,25,37,42],"current_hp_per_floor":[61,61,61,61,61,61,53,50,50,48,41,41,41,30,30,9,70,58,38,38,38,32,30,30,30,30,30,25,25,25,25,48,17,72,58,58,58,58,61,61,58,58,58,58,58,58,41,44,44,17],"gold":86,"neow_bonus":"THREE_CARDS","is_daily":false,"chose_seed":false,"campfire_upgraded":7,"win_rate":0.0,"timestamp":1608392942,"path_taken":["M","M","M","M","?","R","E","M","T","E","?","$","M","?","R","BOSS","M","M","?","?","?","E","R","$","T","M","E","?","R","?","R","BOSS","M","?","?","?","M","R","?","$","T","?","R","?","M","?","R","BOSS"],"items_purchased_type":["Card","Relic","Card","Card"],"build_version":"2020-12-13","purchased_purges":1,"victory":true,"max_hp_per_floor":[70,70,70,70,70,70,70,70,70,70,70,70,70,70,70,70,70,70,70,70,70,70,70,70,70,70,70,70,70,70,70,72,72,72,72,72,72,72,74,74,76,76,76,76,76,76,76,78,78,78],"card_choices":[{"not_picked":["Calculated Gamble","Accuracy"],"picked":"Backstab","floor":0.0},{"not_picked":["Acrobatics","Choke","Dodge and Roll"],"picked":"SKIP","floor":1.0},{"not_picked":["Prepared","Dodge and Roll"],"picked":"Blade Dance","floor":2.0},{"not_picked":["Dagger Throw","PiercingWail"],"picked":"Venomology","floor":3.0},{"not_picked":["Quick Slash","Choke"],"picked":"Blade Dance","floor":4.0},{"not_picked":["Dash","Flying Knee"],"picked":"Deflect","floor":7.0},{"not_picked":["Backflip","Choke"],"picked":"Bane","floor":8.0},{"not_picked":["Acrobatics","Concentrate"],"picked":"Infinite Blades","floor":10.0},{"not_picked":["Slice","Tactician","Bane"],"picked":"SKIP","floor":13.0},{"not_picked":["Venomology","Unload"],"picked":"A Thousand Cuts","floor":16.0},{"not_picked":["Quick Slash","Caltrops"],"picked":"Distraction+1","floor":18.0},{"not_picked":["Setup","Riddle With Holes","Outmaneuver"],"picked":"SKIP","floor":19.0},{"not_picked":["Bouncing Flask","Dodge and Roll","Distraction"],"picked":"SKIP","floor":22.0},{"not_picked":["Flying Knee","Escape Plan+1","Dash"],"picked":"SKIP","floor":23.0},{"not_picked":["Dodge and Roll","Prepared"],"picked":"Deflect+1","floor":27.0},{"not_picked":["PiercingWail+1","Blade Dance"],"picked":"Infinite Blades","floor":28.0},{"not_picked":["Bane+1","Underhanded Strike","Expertise+1"],"picked":"Singing Bowl","floor":32.0},{"not_picked":["Die Die Die","Storm of Steel"],"picked":"Corpse Explosion","floor":33.0},{"not_picked":["Well Laid Plans+1","Backflip+1"],"picked":"Cloak And Dagger+1","floor":35.0},{"not_picked":["Flechettes","Riddle With Holes+1","Eviscerate"],"picked":"Singing Bowl","floor":39.0},{"not_picked":["Die Die Die","Slice+1","Deflect+1"],"picked":"Singing Bowl","floor":41.0},{"not_picked":["Dagger Spray","Bouncing Flask+1","Bullet Time+1"],"picked":"Terror+1","floor":47.0},{"not_picked":["Bane+1","Outmaneuver+1","All Out Attack+1","Poisoned Stab+1"],"picked":"Singing Bowl","floor":48.0}],"player_experience":248526,"relics_obtained":[{"floor":7.0,"key":"Tiny Chest"},{"floor":10.0,"key":"Dream Catcher"},{"floor":21.0,"key":"Du-Vu Doll"},{"floor":23.0,"key":"Lantern"},{"floor":26.0,"key":"InkBottle"},{"floor":28.0,"key":"Singing Bowl"},{"floor":34.0,"key":"CeramicFish"},{"floor":34.0,"key":"Toxic Egg 2"},{"floor":34.0,"key":"Unceasing Top"},{"floor":36.0,"key":"Matryoshka"},{"floor":43.0,"key":"Toy Ornithopter"},{"floor":43.0,"key":"Question Card"},{"floor":44.0,"key":"White Beast Statue"},{"floor":44.0,"key":"Ninja Scroll"}],"event_choices":[{"cards_removed":["Strike_G"],"damage_healed":0.0,"max_hp_gain":0.0,"max_hp_loss":0.0,"gold_gain":0.0,"event_name":"The Cleric","player_choice":"Card Removal","floor":5.0,"gold_loss":50.0,"damage_taken":0.0},{"damage_healed":0.0,"max_hp_gain":0.0,"max_hp_loss":0.0,"gold_gain":0.0,"event_name":"Scrap Ooze","player_choice":"Success","floor":11.0,"gold_loss":0.0,"damage_taken":7.0,"relics_obtained":["Torii"]},{"damage_healed":0.0,"max_hp_gain":0.0,"max_hp_loss":0.0,"gold_gain":75.0,"event_name":"World of Goop","player_choice":"Gather Gold","floor":14.0,"gold_loss":0.0,"damage_taken":11.0},{"damage_healed":0.0,"max_hp_gain":0.0,"max_hp_loss":0.0,"gold_gain":0.0,"event_name":"Vampires","player_choice":"Ignored","floor":20.0,"gold_loss":0.0,"damage_taken":0.0},{"cards_removed":["Defend_G"],"damage_healed":0.0,"max_hp_gain":0.0,"max_hp_loss":0.0,"gold_gain":0.0,"event_name":"Beggar","player_choice":"Gave Gold","floor":29.0,"gold_loss":75.0,"damage_taken":0.0},{"damage_healed":0.0,"max_hp_gain":0.0,"max_hp_loss":0.0,"gold_gain":0.0,"event_name":"WeMeetAgain","player_choice":"Gave Potion","floor":38.0,"gold_loss":0.0,"damage_taken":0.0,"relics_obtained":["Blood Vial"]}],"is_beta":false,"boss_relics":[{"not_picked":["Busted Crown","SacredBark"],"picked":"Ring of the Serpent"},{"not_picked":["Velvet Choker","Snecko Eye"],"picked":"Calling Bell"}],"items_purged_floors":[12],"is_endless":false,"potions_floor_spawned":[3,7,22,23,33,39,41,47,48],"ascension_level":1}}