{"host":"41o2x9tazfds4ymf","time":1608407005,"event":{"mods":["Act Like it!","BaseMod","Better Vampires","Colored Powertips","Gensokyo","Hallownest","Lobotomy","LobotomyExtend","Minty Spire (QoL Compilation)","Remilia（蕾米莉亚）","Shop Mod","StSLib","TestMod","Waifu the Spire","WarShipGirlsR/战舰少女R mod","[IsaacMod]以撒尖塔","【东方二次创作】八云紫mod"],"gold_per_floor":[115,115,115,190,208,208,188,231,304,304,6,6,25,65,65,163,163,193,28,28,92,121,121,172,172,196,196,257,257,284,304,304,420,420,447,65,89,118,518,561,561,599,599,623,623,655,686,7,7,10,10],"floor_reached":50,"playtime":1568,"items_purged":["Wellcheers","LongBird"],"score":1654,"play_id":"0aedc479-046c-4437-97f9-18d3c3db4672","local_time":"20201220034325","is_ascension_mode":true,"campfire_choices":[],"circlet_count":0,"master_deck":["SpecialBullet","SpecialBullet","SpecialBullet","SpecialBullet","SpecialBullet","SpecialBullet","SpecialBullet","SpecialBullet","InformationCode","SecurityCode","Laetitia_ego+1","Logging+1","OldLady","Soda+1","Logging+1","PunishingBird","Moonlight+1","GoldRush+1","Regret_ego+1","Hallownest:attackMasterCycloneSlash+1","WelfareCode","DespairKnight","Noise+1","Spore+1","Twilight+1","TrainingCode","DaCapo+1","Noise+1","Soda+1","ControlCode","Twilight+1","Soda+1","TT2Protocol","Christmas+1","CherryBlossom+1","testmod-FightingIntention+1","SummonCall"],"relics":["CogitoBucket","testmod-TestBox","HushsDoor","testmod-DeterminationOfClimber","TheBible","LetterFromLob","AntiCross","testmod-Hope","Juzu Bracelet","Smiling Mask","Cursed Key","GuppysHairball","FleshIdol","MerchantsRug","Bag of Preparation","Theresia","Snecko Eye","Strange Spoon","HowToJump","testmod-Justice","Bag of Marbles","AtMidnight","ResearcherNote","BelialBook","testmod-AssaultLearning","Sling"],"acts_visited":["Exordium","Hallownest:CityofTears","TheBeyond"],"potions_floor_usage":[14],"damage_taken":[{"damage":12,"enemies":"Jaw Worm","floor":1,"turns":2},{"damage":7,"enemies":"2 Louse","floor":5,"turns":2},{"damage":15,"enemies":"3 Sentries","floor":8,"turns":5},{"damage":0,"enemies":"Small Slimes","floor":13,"turns":1},{"damage":0,"enemies":"Lagavulin","floor":14,"turns":1},{"damage":0,"enemies":"Slime Boss","floor":16,"turns":2},{"damage":5,"enemies":"Hallownest:2_Mistakes","floor":18,"turns":1},{"damage":0,"enemies":"Hallownest:3_Youths","floor":22,"turns":1},{"damage":0,"enemies":"Hallownest:Nosk","floor":24,"turns":2},{"damage":35,"enemies":"Hallownest:eliteWatcherKnight","floor":28,"turns":7},{"damage":5,"enemies":"Hallownest:Warrior_and_Youth","floor":30,"turns":1},{"damage":0,"enemies":"Hallownest:2_Flukemon","floor":31,"turns":1},{"damage":19,"enemies":"Hallownest:BossGrimm","floor":33,"turns":2},{"damage":5,"enemies":"Orb Walker","floor":35,"turns":1},{"damage":10,"enemies":"3 Darklings","floor":37,"turns":1},{"damage":5,"enemies":"Jaw Worm Horde","floor":38,"turns":1},{"damage":0,"enemies":"Giant Head","floor":40,"turns":1},{"damage":5,"enemies":"Nemesis","floor":42,"turns":1},{"damage":10,"enemies":"Spire Growth","floor":44,"turns":1},{"damage":5,"enemies":"Reptomancer","floor":46,"turns":1},{"damage":30,"enemies":"Reptomancer","floor":47,"turns":3},{"damage":0,"enemies":"Donu and Deca","floor":50,"turns":1}],"seed_played":"5112695701674608453","potions_obtained":[{"floor":0,"key":"Energy Potion"},{"floor":0,"key":"DuplicationPotion"},{"floor":22,"key":"DistilledChaos"}],"is_trial":false,"path_per_floor":["M","?","?","?","M","R","?","E","T","R","$","R","M","E","R","B",null,"M","$","$","?","M","R","E","?","T","R","E","?","M","M","R","B",null,"M","$","M","M","?","E","R","E","T","M","R","E","?","$","R","B"],"character_chosen":"Angela","items_purchased":["Juzu Bracelet","Soda+1","Logging+1","GuppysHairball","MerchantsRug","MealTicket","Strange Spoon","BelialBook","testmod-AssaultLearning","Sling","CherryBlossom+1","testmod-FightingIntention+1"],"campfire_rested":0,"item_purchase_floors":[11,11,11,17,19,36,36,48,48,48,48,48],"current_hp_per_floor":[59,52,28,17,25,25,25,30,30,30,30,30,44,61,61,73,63,63,63,63,48,63,63,63,63,63,63,67,61,67,67,67,67,67,67,67,67,67,67,67,67,67,67,67,67,67,67,67,67,67,67],"gold":10,"neow_bonus":"THREE_SMALL_POTIONS","is_daily":false,"chose_seed":false,"campfire_upgraded":0,"win_rate":0.0,"timestamp":1608407005,"path_taken":["M","?","?","?","M","R","?","E","T","R","$","R","M","E","R","BOSS","M","?","$","?","M","R","E","?","T","R","E","?","M","M","R","BOSS","M","$","M","M","?","E","R","E","T","M","R","E","?","$","R","BOSS"],"items_purchased_type":["Relic","Card","Card","Relic","Relic","Relic","Relic","Relic","Relic","Relic","Card","Card"],"build_version":"2020-12-13","purchased_purges":2,"victory":false,"max_hp_per_floor":[69,69,69,69,69,69,69,69,69,69,69,69,69,69,69,73,63,63,63,63,63,63,63,63,63,63,63,67,67,67,67,67,67,67,67,67,67,67,67,67,67,67,67,67,67,67,67,67,67,67,67],"card_choices":[{"not_picked":[],"picked":"SuicideKing","floor":0},{"not_picked":["ShyLook","SpiderBud"],"picked":"Wellcheers","floor":1},{"not_picked":["Hornet"],"picked":"Laetitia_ego","floor":1},{"not_picked":["CUTE"],"picked":"Logging","floor":5},{"not_picked":["WhitesApple","Laetitia"],"picked":"OldLady","floor":8},{"not_picked":["SomewhereSpear","BloodyDesire","WristCuter"],"picked":"SKIP","floor":8},{"not_picked":["CrumblingArmor","SpiderBud"],"picked":"PunishingBird","floor":13},{"not_picked":["Beak+1","SolemnVow+1","ShedSkin+1"],"picked":"SKIP","floor":13},{"not_picked":["WallGazer","DespairKnight","SpiderBud"],"picked":"Singing Bowl","floor":14},{"not_picked":["Hornet+1","Adoration+1"],"picked":"Moonlight+1","floor":14},{"not_picked":["RedShoes","MeatLantern"],"picked":"LongBird","floor":16},{"not_picked":["Mimicry+1","TheSmile+1"],"picked":"GoldRush+1","floor":16},{"not_picked":["SpiderBud","HappyTeddy","RedShoes"],"picked":"Singing Bowl","floor":18},{"not_picked":["Galaxy+1","CUTE+1","Moonlight+1"],"picked":"SKIP","floor":18},{"not_picked":["HappyTeddy","DreamingCurrent","ShyLook"],"picked":"Singing Bowl","floor":22},{"not_picked":["RapturousDream+1","Loneliness+1"],"picked":"Regret_ego+1","floor":22},{"not_picked":["DreamingCurrent","CherryBlossoms","OSAHOGD"],"picked":"Singing Bowl","floor":24},{"not_picked":["BearPaw+1","Pinks+1","Wingbeat+1"],"picked":"SKIP","floor":24},{"not_picked":["Scorched","Alriune"],"picked":"DespairKnight","floor":28},{"not_picked":["Gaze+1","Laetitia_ego+1"],"picked":"Noise+1","floor":28},{"not_picked":["HappyTeddy","Mercenary","FieryBird"],"picked":"Singing Bowl","floor":30},{"not_picked":["FrostShard+1","InTheNameOfLoveAndHate+1"],"picked":"Spore+1","floor":30},{"not_picked":["Funeral","LittlePrince","CENSORED"],"picked":"Singing Bowl","floor":31},{"not_picked":["CUTE+1","FourthMatchFlame+1"],"picked":"Twilight+1","floor":31},{"not_picked":["Bloodbath","CherryBlossoms","NakedNest"],"picked":"Singing Bowl","floor":33},{"not_picked":["ParadiseLost+1","Pinks+1"],"picked":"DaCapo+1","floor":33},{"not_picked":["WhiteNight","MeltingLove","Rudolta"],"picked":"Singing Bowl","floor":35},{"not_picked":["Tough+1","SoundOfStar+1"],"picked":"Noise+1","floor":35},{"not_picked":["BigBadWolf","SpiderBud","LittlePrince"],"picked":"Singing Bowl","floor":37},{"not_picked":["Galaxy+1","CUTE+1","Horn+1"],"picked":"SKIP","floor":37},{"not_picked":["NothingThere","DreamingCurrent","BlackArmy"],"picked":"Singing Bowl","floor":38},{"not_picked":["Beak+1","Penitence+1"],"picked":"Soda+1","floor":38},{"not_picked":["SilentOrchestra","NothingThere","Yin"],"picked":"Singing Bowl","floor":40},{"not_picked":["Penitence+1","WristCuter+1","Ecstasy+1"],"picked":"SKIP","floor":40},{"not_picked":["MeltingLove","Rudolta","QueenBee"],"picked":"Singing Bowl","floor":42},{"not_picked":["Tough+1","Beak+1"],"picked":"Twilight+1","floor":42},{"not_picked":["SingingMachine","Rudolta","QueenBee"],"picked":"Singing Bowl","floor":44},{"not_picked":["FeatherOfHonor+1","Lamp+1"],"picked":"Soda+1","floor":44},{"not_picked":["Woodsman","SnowQueen","LittlePrince"],"picked":"Singing Bowl","floor":46},{"not_picked":["LifeForTheDareDevil+1","Pinks+1","BloodyDesire+1"],"picked":"SKIP","floor":46},{"not_picked":["Horn+1","Spore+1"],"picked":"Christmas+1","floor":47}],"player_experience":330562,"relics_obtained":[{"floor":1,"key":"LetterFromLob"},{"floor":8,"key":"AntiCross"},{"floor":9,"key":"testmod-Hope"},{"floor":14,"key":"Smiling Mask"},{"floor":24,"key":"Anchor"},{"floor":26,"key":"Bag of Preparation"},{"floor":28,"key":"Blood Vial"},{"floor":40,"key":"HowToJump"},{"floor":42,"key":"testmod-Justice"},{"floor":43,"key":"Bag of Marbles"},{"floor":44,"key":"AtMidnight"},{"floor":46,"key":"War Paint"}],"event_choices":[{"cards_removed":["ExtractionCode"],"damage_healed":0,"gold_gain":0,"player_choice":"Card Removal","damage_taken":7,"max_hp_gain":0,"max_hp_loss":0,"event_name":"Golden Wing","floor":2,"gold_loss":0},{"damage_healed":0,"gold_gain":0,"player_choice":"Take Damage","damage_taken":24,"relics_obtained":["Golden Idol"],"max_hp_gain":0,"max_hp_loss":0,"event_name":"Golden Idol","floor":3,"gold_loss":0},{"damage_healed":0,"gold_gain":75,"player_choice":"Gather Gold","damage_taken":11,"max_hp_gain":0,"max_hp_loss":0,"event_name":"World of Goop","floor":4,"gold_loss":0},{"damage_healed":0,"gold_gain":400,"player_choice":"Sell","damage_taken":0,"max_hp_gain":0,"max_hp_loss":0,"event_name":"恩洛斯的盘子","floor":39,"relics_lost":["Golden Idol"],"gold_loss":0}],"is_beta":false,"boss_relics":[{"not_picked":["testmod-HarvestTotem","testmod-Recursion"],"picked":"Cursed Key"},{"not_picked":[]},{"not_picked":["Empty Cage","Runic Pyramid"],"picked":"Snecko Eye"},{"not_picked":[]}],"items_purged_floors":[36,48],"is_endless":false,"potions_floor_spawned":[5,22,30,38,47],"killed_by":"Donu and Deca","ascension_level":20}}