{"host":"18wi9kpcl4eah7pe","time":1608336660,"event":{"mods":["BaseMod","Colored Powertips","Downfall","Minty Spire (QoL Compilation)","StSLib","The Cursed"],"gold_per_floor":[99,91,91,541,466,496,548,548,576,426,426,426,439,439,463,567,567,567,567,567,567,587,587,587],"floor_reached":23,"playtime":916,"items_purged":[],"score":206,"play_id":"59d2eec8-572f-49ae-9d6e-22b84df8dc0c","local_time":"20201218181100","is_ascension_mode":false,"campfire_choices":[{"floor":1,"key":"RECALL"},{"data":"hexamod:Float","floor":5,"key":"SMITH"},{"data":"hexamod:Sear","floor":10,"key":"SMITH"},{"data":"hexamod:GhostOfSpireFuture","floor":18,"key":"SMITH"},{"data":"hexamod:VolcanoVisage","floor":21,"key":"SMITH"}],"circlet_count":0,"master_deck":["hexamod:Strike","hexamod:Strike","hexamod:Strike","hexamod:Strike","hexamod:Defend","hexamod:Defend","hexamod:Defend","hexamod:Defend","hexamod:Sear+1","hexamod:Float+1","hexamod:SecondSeal","Slimebound:Icky","Slimebound:Icky","Slimebound:Icky","hexamod:BacktrackSmack","hexamod:ThirdSeal","hexamod:Firestarter","hexamod:InspiringFlames","hexamod:VolcanoVisage+1","hexamod:GhostOfSpireFuture+1","hexamod:FifthSeal","hexamod:GhostOfSpirePresent+1","hexamod:RadiantFlame","hexamod:ChargedBarrage"],"relics":["hexamod:SpiritBrand","downfall:HeartsMalice","downfall:HeartBlessingRed","Sundial","Gremlin Horn","downfall:HeartBlessingBlue","downfall:HeartBlessingGreen","Darkstone Periapt","SlaversCollar"],"acts_visited":["Exordium","TheCity"],"potions_floor_usage":[12,23,23],"damage_taken":[{"damage":0,"enemies":"Jaw Worm","floor":8,"turns":1},{"damage":0,"enemies":"Gremlin Nob","floor":9,"turns":1},{"damage":0,"enemies":"2 Louse","floor":11,"turns":1},{"damage":0,"enemies":"downfall:FleeingMerchant","floor":12,"turns":1},{"damage":0,"enemies":"Small Slimes","floor":13,"turns":3},{"damage":9,"enemies":"2 Fungi Beasts","floor":15,"turns":5},{"damage":27,"enemies":"downfall:Watcher","floor":16,"turns":11},{"damage":53,"enemies":"3 Byrds","floor":22,"turns":7},{"damage":29,"enemies":"Slavers","floor":23,"turns":3}],"seed_played":"-4356757686975032182","potions_obtained":[{"floor":9,"key":"SmokeBomb"},{"floor":13,"key":"Swift Potion"},{"floor":15,"key":"SneckoOil"},{"floor":16,"key":"Fire Potion"}],"is_trial":false,"path_per_floor":["R","?","?","?","R","?","T","M","E","R","M","$","M","T","M","B",null,"R","?","?","R","M","E"],"character_chosen":"THE_SPIRIT","items_purchased":[],"campfire_rested":0,"item_purchase_floors":[],"current_hp_per_floor":[70,70,70,70,70,70,70,70,70,80,80,80,80,80,71,44,80,80,80,80,80,27,0,0],"gold":587,"neow_bonus":"THREE_ENEMY_KILL","is_daily":false,"chose_seed":false,"campfire_upgraded":4,"win_rate":0.0,"timestamp":1608336660,"path_taken":["R","?","?","?","R","?","T","M","E","R","M","$","M","?","M","BOSS","R","?","?","R","M","E"],"items_purchased_type":[],"build_version":"2020-12-13","purchased_purges":0,"victory":false,"max_hp_per_floor":[70,70,70,70,70,70,70,70,70,80,80,80,80,80,80,80,80,80,80,80,80,80,80,80],"card_choices":[{"not_picked":["hexamod:RainOfEmbers","hexamod:BurningTouch"],"picked":"hexamod:BacktrackSmack","floor":8},{"not_picked":["hexamod:HauntingEcho","hexamod:RainOfEmbers"],"picked":"hexamod:ThirdSeal","floor":9},{"not_picked":["hexamod:BacktrackSmack","hexamod:NecessarySacrifice"],"picked":"hexamod:Firestarter","floor":11},{"not_picked":["hexamod:CatchUp","hexamod:PhantomCloak"],"picked":"hexamod:InspiringFlames","floor":13},{"not_picked":["hexamod:ChargedBarrage","hexamod:HauntingEcho"],"picked":"hexamod:VolcanoVisage","floor":15},{"not_picked":["hexamod:GhostLash","hexamod:SpectersWail"],"picked":"hexamod:GhostOfSpireFuture","floor":15},{"not_picked":["hexamod:EmpoweringStance","hexamod:VolcanoVisage"],"picked":"hexamod:FifthSeal","floor":16},{"not_picked":["hexamod:Haunt","hexamod:RainOfEmbers"],"picked":"hexamod:RadiantFlame","floor":22},{"not_picked":["hexamod:BacktrackSmack+1","hexamod:NightmareGuise"],"picked":"hexamod:ChargedBarrage","floor":22}],"player_experience":814820,"relics_obtained":[{"floor":9,"key":"Gremlin Horn"},{"floor":14,"key":"Darkstone Periapt"}],"event_choices":[{"damage_healed":0,"gold_gain":0,"player_choice":"Read","damage_taken":0,"max_hp_gain":0,"max_hp_loss":0,"event_name":"The Library","floor":19,"gold_loss":0,"cards_obtained":["hexamod:GhostOfSpirePresent"]},{"damage_healed":0,"gold_gain":0,"player_choice":"Upgraded","damage_taken":0,"max_hp_gain":0,"max_hp_loss":0,"event_name":"Upgrade Shrine","floor":20,"gold_loss":0,"cards_upgraded":["hexamod:GhostOfSpirePresent"]}],"is_beta":false,"boss_relics":[{"not_picked":["Cursed Key","Pandora\u0027s Box"],"picked":"SlaversCollar"}],"items_purged_floors":[],"is_endless":false,"potions_floor_spawned":[9,13,15,16],"killed_by":"Slavers","ascension_level":0}}