{"host":"2pffx5rqbod9ds0c","time":1608409824,"event":{"mods":["BaseMod","Better Altar","Better Match","Better Note","Better Sensory Stone","Better Skull","Better Third Choice","Custom Start","Hubris","Minty Spire (QoL Compilation)","Quick Restart","Relic Stats","Robot Space Explorer","Spicy Shops","StSLib"],"gold_per_floor":[112,124,124,124,84,84,114,132,132,132,149,176,186,220,220,324,324,343,343,343,253,269,269,298,298,298,311,236,236,263,275,275,373,373,393,10,10,23,37,62,62,97,97,125,141,196,209,220,220,220],"floor_reached":51,"playtime":1770,"items_purged":["RobotSpaceExplorer:Strike"],"score":911,"play_id":"67bae278-7039-467d-b1f9-cad770e143e0","local_time":"20201219123024","is_ascension_mode":true,"campfire_choices":[{"data":"RobotSpaceExplorer:ShovelStrike","floor":6.0,"key":"SMITH"},{"data":"RobotSpaceExplorer:Explosion","floor":10.0,"key":"SMITH"},{"data":"RobotSpaceExplorer:ShockMissile","floor":15,"key":"SMITH"},{"data":"RobotSpaceExplorer:Fix","floor":23,"key":"SMITH"},{"data":"RobotSpaceExplorer:ScrapMissile","floor":25,"key":"SMITH"},{"data":"RobotSpaceExplorer:MiniLasers","floor":32,"key":"SMITH"},{"data":"RobotSpaceExplorer:Scan","floor":41,"key":"SMITH"},{"data":"RobotSpaceExplorer:Defend","floor":49,"key":"SMITH"}],"circlet_count":0,"master_deck":["RobotSpaceExplorer:Defend","RobotSpaceExplorer:Defend","RobotSpaceExplorer:Defend","RobotSpaceExplorer:Defend+1","RobotSpaceExplorer:Scan+1","RobotSpaceExplorer:MiniLasers+1","RobotSpaceExplorer:ShovelStrike+1","RobotSpaceExplorer:Explosion+1","RobotSpaceExplorer:BigMissile+1","RobotSpaceExplorer:Fix+1","RobotSpaceExplorer:ShockMissile+1","RobotSpaceExplorer:ScrapMissile+1","RobotSpaceExplorer:FrostMissile+1","RobotSpaceExplorer:Blaster+1","RobotSpaceExplorer:StunGrenade+1","RobotSpaceExplorer:DroneSwarm+1","RobotSpaceExplorer:Explosion+1","RobotSpaceExplorer:BigMissile+1","RobotSpaceExplorer:ScrapMissile+1"],"relics":["RobotSpaceExplorer:RoboCore","NeowsBlessing","hubris:Towel","Mummified Hand","Incense Burner","Mercury Hourglass","Oddly Smooth Stone","Molten Egg 2","hubris:RunicObelisk","Vajra","Pen Nib","Orichalcum","Philosopher\u0027s Stone","RobotSpaceExplorer:FoglandsKnife","RobotSpaceExplorer:SlideRule","RobotSpaceExplorer:PlasmaHourglass","hubris:ToyBattleship","Shuriken","Torii","hubris:FunFungus"],"acts_visited":["Exordium","TheCity","TheBeyond"],"potions_floor_usage":[12,14,33],"damage_taken":[{"damage":0.0,"enemies":"Jaw Worm","floor":1.0,"turns":1.0},{"damage":0.0,"enemies":"Small Slimes","floor":2.0,"turns":1.0},{"damage":0.0,"enemies":"Lagavulin","floor":7.0,"turns":1.0},{"damage":2.0,"enemies":"2 Louse","floor":8.0,"turns":3.0},{"damage":10.0,"enemies":"Exordium Thugs","floor":11.0,"turns":2.0},{"damage":0,"enemies":"Gremlin Nob","floor":12,"turns":1},{"damage":2,"enemies":"Large Slime","floor":13,"turns":3},{"damage":21,"enemies":"3 Sentries","floor":14,"turns":5},{"damage":36,"enemies":"The Guardian","floor":16,"turns":11},{"damage":0,"enemies":"Spheric Guardian","floor":18,"turns":2},{"damage":2,"enemies":"Chosen","floor":22,"turns":3},{"damage":28,"enemies":"Slavers","floor":24,"turns":4},{"damage":2,"enemies":"3 Cultists","floor":27,"turns":4},{"damage":8,"enemies":"Book of Stabbing","floor":30,"turns":4},{"damage":0,"enemies":"Sentry and Sphere","floor":31,"turns":1},{"damage":2,"enemies":"Automaton","floor":33,"turns":5},{"damage":0,"enemies":"3 Shapes","floor":35,"turns":3},{"damage":0,"enemies":"Orb Walker","floor":38,"turns":2},{"damage":0,"enemies":"Maw","floor":39,"turns":5},{"damage":9,"enemies":"Nemesis","floor":40,"turns":3},{"damage":0,"enemies":"Giant Head","floor":42,"turns":5},{"damage":19,"enemies":"Nemesis","floor":44,"turns":3},{"damage":0,"enemies":"Transient","floor":45,"turns":5},{"damage":0,"enemies":"2 Orb Walkers","floor":46,"turns":2},{"damage":0,"enemies":"Spire Growth","floor":47,"turns":4},{"damage":7,"enemies":"Writhing Mass","floor":48,"turns":3},{"damage":6,"enemies":"hubris:GrandSnecko","floor":50,"turns":4}],"seed_played":"543830964621506303","potions_obtained":[{"floor":5.0,"key":"RobotSpaceExplorer:LiquidFusion"},{"floor":5.0,"key":"Regen Potion"},{"floor":5.0,"key":"Block Potion"},{"floor":12,"key":"AttackPotion"},{"floor":14,"key":"Strength Potion"},{"floor":16,"key":"RobotSpaceExplorer:RecyclePotion"},{"floor":33,"key":"Weak Potion"},{"floor":42,"key":"FairyPotion"},{"floor":44,"key":"FairyPotion"}],"is_trial":false,"path_per_floor":["M","M","?","?","?","R","E","M","T","R","M","E","M","E","R","B",null,"M","?","?","?","M","R","E","R","T","M","?","?","E","M","R","B",null,"M","$","?","M","M","E","R","E","T","E","M","?","M","M","R","B",null],"character_chosen":"RobotSpaceExplorer","items_purchased":["RobotSpaceExplorer:FoglandsKnife","RobotSpaceExplorer:SlideRule"],"campfire_rested":0,"item_purchase_floors":[36,36],"current_hp_per_floor":[75,75,75,75,75,75,75,73,73,73,63,67,69,52,52,20,75,75,75,75,75,75,75,47,47,47,51,51,51,49,49,49,47,75,75,75,75,75,75,66,66,72,72,53,59,59,68,62,62,62],"gold":220,"neow_bonus":"THREE_ENEMY_KILL","is_daily":false,"chose_seed":false,"campfire_upgraded":8,"win_rate":0.0,"timestamp":1608409824,"path_taken":["M","M","?","?","?","R","E","M","T","R","M","E","M","E","R","BOSS","M","?","?","?","?","R","E","R","T","M","?","?","E","M","R","BOSS","M","$","?","?","M","E","R","E","T","E","M","?","M","M","R","BOSS"],"items_purchased_type":["Relic","Relic"],"build_version":"2020-12-13","purchased_purges":1,"victory":true,"max_hp_per_floor":[75,75,75,75,75,75,75,75,75,75,75,75,75,75,75,75,75,75,75,75,75,75,75,75,75,75,75,75,75,75,75,75,75,75,75,75,75,75,75,75,75,75,75,75,75,75,75,75,75,75],"relic_stats":{"Torii":3,"counters":[27,90],"Mummified Hand":[25],"Shuriken":[33],"Pen Nib":[25],"Orichalcum":[132],"obtain_stats":[{"RobotSpaceExplorer:SlideRule":36,"NeowsBlessing":0,"Torii":44,"RobotSpaceExplorer:PlasmaHourglass":40,"Oddly Smooth Stone":12,"Vajra":24,"RobotSpaceExplorer:RoboCore":0,"Pen Nib":26,"Incense Burner":7,"hubris:Towel":3,"hubris:RunicObelisk":17,"Orichalcum":30,"Mercury Hourglass":9,"RobotSpaceExplorer:FoglandsKnife":36,"Mummified Hand":4,"Shuriken":43,"Molten Egg 2":14,"Philosopher\u0027s Stone":34,"hubris:FunFungus":46,"hubris:ToyBattleship":42},{"RobotSpaceExplorer:SlideRule":17,"NeowsBlessing":0,"Torii":22,"RobotSpaceExplorer:PlasmaHourglass":20,"Oddly Smooth Stone":6,"Vajra":12,"RobotSpaceExplorer:RoboCore":0,"Pen Nib":12,"Incense Burner":3,"hubris:Towel":2,"hubris:RunicObelisk":9,"Orichalcum":14,"Mercury Hourglass":4,"RobotSpaceExplorer:FoglandsKnife":17,"Mummified Hand":2,"Shuriken":21,"Molten Egg 2":8,"Philosopher\u0027s Stone":16,"hubris:FunFungus":24,"hubris:ToyBattleship":21},{"RobotSpaceExplorer:SlideRule":54,"NeowsBlessing":0,"Torii":72,"RobotSpaceExplorer:PlasmaHourglass":64,"Oddly Smooth Stone":9,"Vajra":37,"RobotSpaceExplorer:RoboCore":0,"Pen Nib":37,"Incense Burner":3,"hubris:Towel":2,"hubris:RunicObelisk":28,"Orichalcum":45,"Mercury Hourglass":6,"RobotSpaceExplorer:FoglandsKnife":54,"Mummified Hand":2,"Shuriken":69,"Molten Egg 2":17,"Philosopher\u0027s Stone":51,"hubris:FunFungus":79,"hubris:ToyBattleship":69}],"Mercury Hourglass":[312]},"card_choices":[{"not_picked":["RobotSpaceExplorer:ShockKick","RobotSpaceExplorer:ImprovisedAttack"],"picked":"RobotSpaceExplorer:ShovelStrike","floor":1.0},{"not_picked":["RobotSpaceExplorer:ExhaustFan","RobotSpaceExplorer:RigExplosive","RobotSpaceExplorer:ImprovisedAttack"],"picked":"SKIP","floor":2.0},{"not_picked":["RobotSpaceExplorer:GlueShot","RobotSpaceExplorer:MetalStrike"],"picked":"RobotSpaceExplorer:Explosion","floor":7.0},{"not_picked":["RobotSpaceExplorer:StarLightning","RobotSpaceExplorer:ShockKick"],"picked":"RobotSpaceExplorer:BigMissile","floor":8.0},{"not_picked":["RobotSpaceExplorer:ExhaustFan","RobotSpaceExplorer:SwiftStep"],"picked":"RobotSpaceExplorer:Fix","floor":11.0},{"not_picked":["RobotSpaceExplorer:Probe","RobotSpaceExplorer:Pulsar"],"picked":"RobotSpaceExplorer:ShockMissile","floor":12},{"not_picked":["RobotSpaceExplorer:JunkDive","RobotSpaceExplorer:Pulsar"],"picked":"RobotSpaceExplorer:ScrapMissile","floor":13},{"not_picked":["RobotSpaceExplorer:SelfCleaning","RobotSpaceExplorer:Jetpack"],"picked":"RobotSpaceExplorer:FrostMissile+1","floor":14},{"not_picked":["RobotSpaceExplorer:Exploration","RobotSpaceExplorer:ChargingLaser+1"],"picked":"RobotSpaceExplorer:Blaster+1","floor":16},{"not_picked":["RobotSpaceExplorer:TurboDodge","RobotSpaceExplorer:Ammunition"],"picked":"RobotSpaceExplorer:StunGrenade+1","floor":18},{"not_picked":["RobotSpaceExplorer:FrostMissile+1","RobotSpaceExplorer:GlueShot+1","RobotSpaceExplorer:Ammunition"],"picked":"SKIP","floor":22},{"not_picked":["RobotSpaceExplorer:Jetpack+1","RobotSpaceExplorer:StunGrenade+1","RobotSpaceExplorer:SurgingShield+1"],"picked":"SKIP","floor":24},{"not_picked":["RobotSpaceExplorer:ShockKick+1","RobotSpaceExplorer:SurgingStrike+1","RobotSpaceExplorer:MetalStrike+1"],"picked":"SKIP","floor":27},{"not_picked":["RobotSpaceExplorer:IronShell","RobotSpaceExplorer:SelfCleaning","RobotSpaceExplorer:MakeshiftVolley+1"],"picked":"SKIP","floor":30},{"not_picked":["RobotSpaceExplorer:RigExplosive","RobotSpaceExplorer:SwiftStep","RobotSpaceExplorer:GlueShot"],"picked":"SKIP","floor":31},{"not_picked":["RobotSpaceExplorer:SurgingStrike+1","RobotSpaceExplorer:ScrapToss+1"],"picked":"RobotSpaceExplorer:BigMissile+1","floor":35},{"not_picked":["RobotSpaceExplorer:RigExplosive","RobotSpaceExplorer:Probe+1","RobotSpaceExplorer:StarDust"],"picked":"SKIP","floor":38},{"not_picked":["RobotSpaceExplorer:StarLightning+1","RobotSpaceExplorer:SurgingStrike+1","RobotSpaceExplorer:FranticSearch+1"],"picked":"SKIP","floor":39},{"not_picked":["RobotSpaceExplorer:FranticSearch+1","RobotSpaceExplorer:ScrapToss+1","RobotSpaceExplorer:Probe+1"],"picked":"SKIP","floor":40},{"not_picked":["RobotSpaceExplorer:MakeshiftVolley+1","RobotSpaceExplorer:SurgingShield+1"],"picked":"RobotSpaceExplorer:ScrapMissile+1","floor":42},{"not_picked":["RobotSpaceExplorer:BlastShield","RobotSpaceExplorer:SurgingShield"],"picked":"RobotSpaceExplorer:Wormhole","floor":44},{"not_picked":["RobotSpaceExplorer:Probe+1","RobotSpaceExplorer:FreezingShield","RobotSpaceExplorer:MetalStrike+1"],"picked":"SKIP","floor":45},{"not_picked":["RobotSpaceExplorer:Ammunition+1","RobotSpaceExplorer:MiniDrones+1","RobotSpaceExplorer:ShovelStrike+1"],"picked":"SKIP","floor":47},{"not_picked":["RobotSpaceExplorer:SelfCleaning","RobotSpaceExplorer:ShovelStrike+1","RobotSpaceExplorer:PowerCollector"],"picked":"SKIP","floor":48}],"player_experience":781493,"relics_obtained":[{"floor":7.0,"key":"Incense Burner"},{"floor":9.0,"key":"Mercury Hourglass"},{"floor":12,"key":"Oddly Smooth Stone"},{"floor":14,"key":"Molten Egg 2"},{"floor":24,"key":"Vajra"},{"floor":26,"key":"Pen Nib"},{"floor":30,"key":"Orichalcum"},{"floor":40,"key":"RobotSpaceExplorer:PlasmaHourglass"},{"floor":42,"key":"hubris:ToyBattleship"},{"floor":43,"key":"Shuriken"},{"floor":44,"key":"Torii"},{"floor":46,"key":"hubris:FunFungus"}],"event_choices":[{"damage_healed":0.0,"max_hp_gain":0.0,"max_hp_loss":0.0,"gold_gain":0.0,"event_name":"Big Fish","player_choice":"Box","floor":4.0,"gold_loss":0.0,"damage_taken":0.0,"relics_obtained":["Mummified Hand"],"cards_obtained":["Regret"]},{"damage_healed":0.0,"max_hp_gain":0.0,"max_hp_loss":0.0,"gold_gain":0.0,"event_name":"The Woman in Blue","player_choice":"Bought 3 Potions","floor":5.0,"gold_loss":0.0,"damage_taken":0.0},{"damage_healed":0,"gold_gain":0,"player_choice":"Ignored","damage_taken":0,"max_hp_gain":0,"max_hp_loss":0,"event_name":"N\u0027loth","floor":19,"gold_loss":0},{"cards_removed":["RobotSpaceExplorer:Explosion"],"damage_healed":0,"gold_gain":0,"player_choice":"Take \u0026 Give","damage_taken":0,"max_hp_gain":0,"max_hp_loss":0,"event_name":"betterNote:BetterNote","floor":20,"gold_loss":0,"cards_obtained":["RobotSpaceExplorer:DroneSwarm"]},{"cards_removed":["Regret"],"damage_healed":0,"gold_gain":0,"player_choice":"Upgrade and Remove","damage_taken":0,"max_hp_gain":0,"max_hp_loss":0,"event_name":"Designer","floor":21,"gold_loss":90,"cards_upgraded":["RobotSpaceExplorer:BigMissile"]},{"cards_removed":["RobotSpaceExplorer:Strike"],"damage_healed":0,"gold_gain":0,"player_choice":"Gave Gold","damage_taken":0,"max_hp_gain":0,"max_hp_loss":0,"event_name":"Beggar","floor":28,"gold_loss":75},{"damage_healed":0,"gold_gain":2,"player_choice":"4","damage_taken":0,"max_hp_gain":0,"max_hp_loss":0,"event_name":"betterStone:BetterStone","floor":29,"gold_loss":0,"cards_obtained":["RobotSpaceExplorer:Explosion"]},{"cards_removed":["RobotSpaceExplorer:Strike"],"damage_healed":0,"gold_gain":0,"player_choice":"Purged","damage_taken":0,"max_hp_gain":0,"max_hp_loss":0,"event_name":"Purifier","floor":37,"gold_loss":0},{"damage_healed":0,"gold_gain":0,"player_choice":"Fight","damage_taken":0,"max_hp_gain":0,"max_hp_loss":0,"event_name":"Mysterious Sphere","floor":46,"gold_loss":0}],"is_beta":false,"boss_relics":[{"not_picked":["hubris:BlackHole","Sozu"],"picked":"hubris:RunicObelisk"},{"not_picked":["Busted Crown","Fusion Hammer"],"picked":"Philosopher\u0027s Stone"}],"items_purged_floors":[36],"is_endless":false,"potions_floor_spawned":[8,12,14,16,22,33,38,39,42,44,47],"ascension_level":1}}