{"host":"ldbx2jhnvtia1ouf","time":1608385443,"event":{"mods":["BaseMod","Better Note","Better Sensory Stone","Better Skull","Better Third Choice","Block Reminder","Colored Map","Colored Powertips","Curses Come First","Highlight Path","Minty Spire (QoL Compilation)","Permanent Neow","Spicy Shops","StSLib","Transform Curses","Unceasing Turn Reminder"],"gold_per_floor":[12,30,30,30,48,79,105,105,182,198,373,405,424,11,11,108,108,118,137,1,1,1,1,52,52,52],"floor_reached":25,"playtime":1755,"items_purged":["Doubt","Pain"],"score":229,"play_id":"056aee99-514c-4db9-aa7d-33a5bb56357d","local_time":"20201219234403","is_ascension_mode":false,"campfire_choices":[{"floor":8,"key":"REST"},{"floor":15,"key":"REST"},{"data":"Phantasmal Killer","floor":23,"key":"SMITH"}],"circlet_count":0,"master_deck":["Strike_G","Strike_G","Strike_G","Strike_G","Defend_G","Defend_G","Defend_G","Defend_G","Defend_G","Survivor","Neutralize","Prepared","Caltrops","Leg Sweep","Bouncing Flask","Envenom","Phantasmal Killer+1","Poisoned Stab","Heel Hook","Noxious Fumes","Flying Knee","Glass Knife","Prepared","Reflex","Outmaneuver","Transmutation","A Thousand Cuts","Predator+1","Outmaneuver","Deflect","Eviscerate","Choke","Blur"],"relics":["Ring of the Snake","Prayer Wheel","WarpedTongs","MealTicket","Odd Mushroom","HornCleat","Blood Vial","Anchor","Runic Pyramid","Regal Pillow","Bronze Scales"],"acts_visited":["Exordium","TheCity"],"potions_floor_usage":[10,12,16,16],"damage_taken":[{"damage":1,"enemies":"Jaw Worm","floor":1,"turns":5},{"damage":0,"enemies":"2 Louse","floor":2,"turns":4},{"damage":1,"enemies":"Cultist","floor":5,"turns":3},{"damage":11,"enemies":"Lagavulin","floor":6,"turns":6},{"damage":36,"enemies":"The Mushroom Lair","floor":7,"turns":5},{"damage":20,"enemies":"Large Slime","floor":10,"turns":6},{"damage":9,"enemies":"Gremlin Nob","floor":12,"turns":5},{"damage":1,"enemies":"Exordium Thugs","floor":13,"turns":3},{"damage":10,"enemies":"The Guardian","floor":16,"turns":8},{"damage":1,"enemies":"Chosen","floor":18,"turns":6},{"damage":19,"enemies":"2 Thieves","floor":19,"turns":4},{"damage":49,"enemies":"Slavers","floor":24,"turns":7},{"damage":22,"enemies":"Centurion and Healer","floor":25,"turns":7}],"seed_played":"-114547175731294133","potions_obtained":[{"floor":6,"key":"SneckoOil"},{"floor":7,"key":"BlessingOfTheForge"},{"floor":12,"key":"Explosive Potion"},{"floor":13,"key":"PowerPotion"},{"floor":16,"key":"FearPotion"},{"floor":18,"key":"AttackPotion"}],"is_trial":false,"path_per_floor":["M","M","?","?","M","E","?","R","T","M","?","E","M","$","R","B",null,"M","M","$","?","?","R","E","M"],"character_chosen":"THE_SILENT","items_purchased":["Transmutation","Anchor","Choke"],"campfire_rested":2,"item_purchase_floors":[14,14,20],"current_hp_per_floor":[69,69,69,69,68,57,21,42,42,22,22,13,14,29,50,42,70,69,51,66,66,66,66,19,0,0],"gold":52,"neow_bonus":"ONE_RARE_RELIC","is_daily":false,"chose_seed":false,"campfire_upgraded":1,"win_rate":0.0,"timestamp":1608385443,"path_taken":["M","M","?","?","?","E","?","R","T","M","?","E","?","$","R","BOSS","M","M","$","?","?","R","E","M"],"items_purchased_type":["Card","Relic","Card"],"build_version":"2020-12-13","purchased_purges":2,"victory":false,"max_hp_per_floor":[70,70,70,70,70,70,70,70,70,70,70,70,70,70,70,70,70,70,70,70,70,70,70,70,70,70],"card_choices":[{"not_picked":["Acrobatics","Deflect"],"picked":"Prepared","floor":1},{"not_picked":["Sucker Punch","Expertise"],"picked":"Caltrops","floor":1},{"not_picked":["Caltrops","Blade Dance"],"picked":"Leg Sweep","floor":2},{"not_picked":["Caltrops","Calculated Gamble"],"picked":"Bouncing Flask","floor":2},{"not_picked":["Slice","Quick Slash"],"picked":"Phantasmal Killer","floor":5},{"not_picked":["Deflect","PiercingWail"],"picked":"Poisoned Stab","floor":5},{"not_picked":["Riddle With Holes","Flying Knee"],"picked":"Heel Hook","floor":6},{"not_picked":["Blur","Outmaneuver"],"picked":"Noxious Fumes","floor":7},{"not_picked":["Deadly Poison","Quick Slash"],"picked":"Flying Knee","floor":10},{"not_picked":["Deadly Poison","Escape Plan"],"picked":"Glass Knife","floor":10},{"not_picked":["Skewer","Underhanded Strike"],"picked":"Prepared","floor":12},{"not_picked":["Dodge and Roll","Prepared"],"picked":"Reflex","floor":13},{"not_picked":["Prepared","Expertise"],"picked":"Outmaneuver","floor":13},{"not_picked":["Night Terror","Adrenaline"],"picked":"A Thousand Cuts","floor":16},{"not_picked":["Skewer","PiercingWail+1"],"picked":"Predator+1","floor":18},{"not_picked":["Backstab","Deflect"],"picked":"Outmaneuver","floor":18},{"not_picked":["Dagger Spray","Blade Dance+1"],"picked":"Deflect","floor":19},{"not_picked":["Expertise","Dash"],"picked":"Eviscerate","floor":19},{"not_picked":["Slice","Dash"],"picked":"Blur","floor":24}],"player_experience":56199,"relics_obtained":[{"floor":6,"key":"MealTicket"},{"floor":7,"key":"Odd Mushroom"},{"floor":9,"key":"HornCleat"},{"floor":12,"key":"Blood Vial"},{"floor":24,"key":"Bronze Scales"}],"event_choices":[{"damage_healed":0,"gold_gain":0,"cards_transformed":["Strike_G"],"player_choice":"Change","damage_taken":0,"max_hp_gain":0,"max_hp_loss":0,"event_name":"Living Wall","floor":3,"gold_loss":0,"cards_obtained":["Envenom"]},{"damage_healed":0,"gold_gain":0,"player_choice":"Rummage","damage_taken":0,"relics_obtained":["WarpedTongs"],"max_hp_gain":0,"max_hp_loss":0,"event_name":"Accursed Blacksmith","floor":4,"gold_loss":0,"cards_obtained":["Pain"]},{"damage_healed":0,"gold_gain":0,"player_choice":"Fought Mushrooms","damage_taken":0,"max_hp_gain":0,"max_hp_loss":0,"event_name":"Mushrooms","floor":7,"gold_loss":0},{"damage_healed":0,"gold_gain":175,"player_choice":"AGREE","damage_taken":198,"max_hp_gain":0,"max_hp_loss":0,"event_name":"betterThird:BetterSerpent","floor":11,"gold_loss":0},{"damage_healed":0,"gold_gain":0,"player_choice":"Ignored","damage_taken":0,"max_hp_gain":0,"max_hp_loss":0,"event_name":"betterNote:BetterNote","floor":21,"gold_loss":0,"cards_obtained":["Demon Form"]},{"damage_healed":0,"gold_gain":0,"player_choice":"Gave Potion","damage_taken":0,"relics_obtained":["Regal Pillow"],"max_hp_gain":0,"max_hp_loss":0,"event_name":"WeMeetAgain","floor":22,"gold_loss":0}],"is_beta":false,"boss_relics":[{"not_picked":["Busted Crown","Ectoplasm"],"picked":"Runic Pyramid"}],"items_purged_floors":[14,20],"is_endless":false,"potions_floor_spawned":[6,7,12,13,16,18],"killed_by":"Centurion and Healer","ascension_level":0}}