{"host":"77pvex58kafzx78l","time":1608362456,"event":{"mods":["BaseMod","Better Vampires","DeckTracker","Googly Eyes","Minty Spire (QoL Compilation)","Quick Restart","StSLib","SuperFastMode"],"gold_per_floor":[110,60,60,60,60,60,60,60,84,104,128,128,53,72,72,171,171,184,184,238,238,253,253,279,279,279,279,289,289,299,214,214,291,291,328,378,398,398,398,398,435,435,435,435,509,564,75,111,111,111],"floor_reached":51,"playtime":1687,"items_purged":["MasterReality","BowlingBash+1"],"score":1399,"play_id":"cf01d2a2-4fe2-4e79-b535-546bc933b68a","local_time":"20201219152056","is_ascension_mode":true,"campfire_choices":[{"data":"Pray","floor":6,"key":"SMITH"},{"data":"Wallop","floor":8,"key":"SMITH"},{"data":"Eruption","floor":12,"key":"SMITH"},{"data":"EmptyMind","floor":15,"key":"SMITH"},{"data":"Prostrate","floor":23,"key":"SMITH"},{"data":"Devotion","floor":25,"key":"SMITH"},{"data":"Vigilance","floor":27,"key":"SMITH"},{"data":"Crescendo","floor":29,"key":"SMITH"},{"data":"BowlingBash","floor":32,"key":"SMITH"},{"data":"Impatience","floor":40,"key":"SMITH"},{"data":"Panacea","floor":42,"key":"SMITH"},{"data":"Purity","floor":44,"key":"SMITH"},{"data":"InnerPeace","floor":49,"key":"SMITH"}],"circlet_count":0,"master_deck":["AscendersBane","Eruption+1","Vigilance+1","Wallop+1","Crescendo+1","SpiritShield","MasterReality+1","EmptyMind+1","Pray+1","Prostrate+1","Ghostly","Ghostly","Ghostly","Ghostly","Ghostly","Devotion+1","Wish","Purity+1","Impatience+1","Panacea+1","InnerPeace+1","Study","MentalFortress"],"relics":["Pandora\u0027s Box","Bloody Idol","InkBottle","Strawberry","Coffee Dripper","Toy Ornithopter","Pen Nib","Singing Bowl","White Beast Statue","VioletLotus","Du-Vu Doll","TeardropLocket","Shovel","CaptainsWheel","Damaru","HandDrill"],"acts_visited":["Exordium","TheCity","TheBeyond"],"potions_floor_usage":[24],"damage_taken":[{"damage":8,"enemies":"Jaw Worm","floor":1,"turns":6},{"damage":7,"enemies":"2 Louse","floor":10,"turns":4},{"damage":0,"enemies":"Cultist","floor":11,"turns":4},{"damage":0,"enemies":"Exordium Wildlife","floor":14,"turns":3},{"damage":0,"enemies":"The Guardian","floor":16,"turns":6},{"damage":0,"enemies":"Spheric Guardian","floor":18,"turns":3},{"damage":0,"enemies":"2 Thieves","floor":22,"turns":4},{"damage":3,"enemies":"Gremlin Leader","floor":24,"turns":5},{"damage":5,"enemies":"Snecko","floor":28,"turns":7},{"damage":2,"enemies":"Centurion and Healer","floor":30,"turns":4},{"damage":3,"enemies":"Collector","floor":33,"turns":8},{"damage":2,"enemies":"3 Shapes","floor":35,"turns":5},{"damage":0,"enemies":"Mind Bloom Boss Battle","floor":36,"turns":6},{"damage":1,"enemies":"Orb Walker","floor":37,"turns":3},{"damage":0,"enemies":"Transient","floor":41,"turns":5},{"damage":6,"enemies":"2 Orb Walkers","floor":45,"turns":6},{"damage":1,"enemies":"Giant Head","floor":46,"turns":5},{"damage":10,"enemies":"Sphere and 2 Shapes","floor":48,"turns":4},{"damage":0,"enemies":"Donu and Deca","floor":50,"turns":5}],"seed_played":"2485074776908259126","potions_obtained":[{"floor":10,"key":"DuplicationPotion"},{"floor":14,"key":"BlessingOfTheForge"},{"floor":24,"key":"Fruit Juice"},{"floor":33,"key":"CultistPotion"},{"floor":35,"key":"DuplicationPotion"},{"floor":41,"key":"SteroidPotion"},{"floor":46,"key":"Swift Potion"}],"is_trial":false,"path_per_floor":["M","?","$","?","?","R","T","R","T","M","M","R","$","M","R","B",null,"M","?","T","?","M","R","E","R","T","R","M","R","M","?","R","B",null,"M","?","M","?","?","R","M","R","T","R","?","E","$","M","R","B",null],"character_chosen":"WATCHER","items_purchased":["Damaru","MentalFortress","HandDrill"],"campfire_rested":0,"item_purchase_floors":[47,47,47],"current_hp_per_floor":[53,53,53,53,40,40,40,40,47,40,40,40,40,40,40,40,63,63,63,68,35,35,35,40,40,40,40,42,42,44,44,44,44,44,46,48,50,40,40,40,52,52,52,52,52,52,52,54,54,54],"gold":111,"neow_bonus":"BOSS_RELIC","is_daily":false,"chose_seed":false,"campfire_upgraded":13,"win_rate":0.0,"timestamp":1608362456,"path_taken":["M","?","$","?","?","R","?","R","T","M","M","R","$","M","R","BOSS","M","?","?","?","M","R","E","R","T","R","M","R","M","?","R","BOSS","M","?","M","?","?","R","?","R","T","R","?","E","$","M","R","BOSS"],"items_purchased_type":["Relic","Card","Relic"],"build_version":"2020-12-13","purchased_purges":2,"victory":true,"max_hp_per_floor":[68,68,68,63,63,63,63,63,70,70,70,70,70,70,70,70,70,70,70,70,35,35,35,40,40,40,40,42,42,44,44,44,44,44,46,48,50,50,50,50,52,52,52,52,52,52,52,54,54,54],"card_choices":[{"not_picked":["EmptyFist","SashWhip"],"picked":"Pray","floor":1},{"not_picked":["CarveReality","Swivel"],"picked":"BowlingBash","floor":10},{"not_picked":["Crescendo","EmptyFist","SpiritShield"],"picked":"SKIP","floor":11},{"not_picked":["FearNoEvil","Evaluate"],"picked":"Prostrate","floor":14},{"not_picked":["PathToVictory","WindmillStrike","ThirdEye"],"picked":"SKIP","floor":18},{"not_picked":["Halt","FearNoEvil","Prostrate"],"picked":"SKIP","floor":22},{"not_picked":["MentalFortress","LikeWater"],"picked":"Devotion","floor":24},{"not_picked":["Nirvana","Collect","ClearTheMind"],"picked":"Singing Bowl","floor":28},{"not_picked":["CrushJoints","BowlingBash+1","Consecrate"],"picked":"Singing Bowl","floor":30},{"not_picked":["LessonLearned","DevaForm"],"picked":"Wish","floor":33},{"not_picked":["ReachHeaven","WheelKick+1","ClearTheMind"],"picked":"Singing Bowl","floor":35},{"not_picked":["EmptyFist","Halt","LikeWater"],"picked":"Singing Bowl","floor":36},{"not_picked":["FlyingSleeves","LikeWater","Halt"],"picked":"Singing Bowl","floor":37},{"not_picked":["Dramatic Entrance","Deep Breath"],"picked":"Purity","floor":38},{"not_picked":["Enlightenment","Master of Strategy"],"picked":"Impatience","floor":38},{"not_picked":["Madness","Enlightenment"],"picked":"Panacea","floor":38},{"not_picked":["Protect+1","Study+1","ClearTheMind+1"],"picked":"Singing Bowl","floor":41},{"not_picked":["EmptyBody+1","CarveReality+1"],"picked":"InnerPeace","floor":45},{"not_picked":["JustLucky","DeceiveReality+1"],"picked":"Study","floor":46},{"not_picked":["Wallop+1","WaveOfTheHand","Halt"],"picked":"Singing Bowl","floor":48}],"player_experience":277031,"relics_obtained":[{"floor":7,"key":"InkBottle"},{"floor":9,"key":"Strawberry"},{"floor":20,"key":"Toy Ornithopter"},{"floor":24,"key":"Pen Nib"},{"floor":26,"key":"Singing Bowl"},{"floor":36,"key":"Du-Vu Doll"},{"floor":43,"key":"TeardropLocket"},{"floor":45,"key":"Shovel"},{"floor":46,"key":"CaptainsWheel"}],"event_choices":[{"cards_removed":["Vengeance"],"damage_healed":0,"gold_gain":0,"player_choice":"Card Removal","damage_taken":0,"max_hp_gain":0,"max_hp_loss":0,"event_name":"The Cleric","floor":2,"gold_loss":50},{"damage_healed":0,"gold_gain":0,"player_choice":"Lose Max HP","damage_taken":0,"relics_obtained":["Golden Idol"],"max_hp_gain":0,"max_hp_loss":5,"event_name":"Golden Idol","floor":4,"gold_loss":0},{"damage_healed":0,"gold_gain":0,"player_choice":"Entered Light","damage_taken":13,"max_hp_gain":0,"max_hp_loss":0,"event_name":"Shining Light","floor":5,"gold_loss":0,"cards_upgraded":["Crescendo","MasterReality"]},{"damage_healed":0,"gold_gain":0,"player_choice":"Gave Idol","damage_taken":0,"relics_obtained":["Bloody Idol"],"max_hp_gain":0,"max_hp_loss":0,"event_name":"Forgotten Altar","floor":19,"relics_lost":["Golden Idol"],"gold_loss":0},{"damage_healed":0,"gold_gain":0,"player_choice":"Became a Ghost","damage_taken":0,"max_hp_gain":0,"max_hp_loss":35,"event_name":"Ghosts","floor":21,"gold_loss":0,"cards_obtained":["Ghostly","Ghostly","Ghostly","Ghostly","Ghostly"]},{"damage_healed":0,"gold_gain":0,"player_choice":"Obtained Relic","damage_taken":0,"relics_obtained":["White Beast Statue"],"max_hp_gain":0,"max_hp_loss":0,"event_name":"Addict","floor":31,"gold_loss":85},{"damage_healed":0,"gold_gain":0,"player_choice":"Fight","damage_taken":0,"max_hp_gain":0,"max_hp_loss":0,"event_name":"MindBloom","floor":36,"gold_loss":0},{"damage_healed":0,"gold_gain":0,"player_choice":"Memory 3","damage_taken":10,"max_hp_gain":0,"max_hp_loss":0,"event_name":"SensoryStone","floor":38,"gold_loss":0},{"cards_removed":["Crescendo"],"damage_healed":0,"gold_gain":0,"player_choice":"Removed Skill","damage_taken":0,"max_hp_gain":0,"max_hp_loss":0,"event_name":"Falling","floor":39,"gold_loss":0},{"damage_healed":0,"gold_gain":0,"player_choice":"Fight","damage_taken":0,"max_hp_gain":0,"max_hp_loss":0,"event_name":"Mysterious Sphere","floor":45,"gold_loss":0}],"is_beta":false,"boss_relics":[{"not_picked":["Cursed Key","SacredBark"],"picked":"Coffee Dripper"},{"not_picked":["Runic Dome","Calling Bell"],"picked":"VioletLotus"}],"items_purged_floors":[13,47],"is_endless":false,"potions_floor_spawned":[10,14,16,24,33,35,36,37,41,45,46,48],"ascension_level":14}}