{"host":"ow9msrs9p2ctkx99","time":1608406995,"event":{"mods":["AchievementEnabler","BaseMod","Colored Map","Colored Powertips","Minty Spire (QoL Compilation)","Permanent Neow","Quick Restart","SuperFastMode"],"gold_per_floor":[110,126,142,67,142,142,170,170,170,184,202,202,214,226,226,226,226],"floor_reached":16,"playtime":463,"items_purged":["Defend_R"],"score":104,"play_id":"9417ffd0-4473-4436-864a-0536499c8510","local_time":"20201219204315","is_ascension_mode":false,"campfire_choices":[{"data":"Bash","floor":6,"key":"SMITH"},{"data":"Defend_R","floor":8,"key":"SMITH"},{"floor":15,"key":"REST"}],"circlet_count":0,"master_deck":["Strike_R","Strike_R","Strike_R","Strike_R","Defend_R+1","Defend_R+1","Defend_R+1","Bash+1","Spot Weakness"],"relics":["Burning Blood","Akabeko","War Paint"],"acts_visited":["Exordium"],"potions_floor_usage":[7,16],"damage_taken":[{"damage":6,"enemies":"Cultist","floor":1,"turns":3},{"damage":5,"enemies":"2 Louse","floor":2,"turns":2},{"damage":7,"enemies":"Small Slimes","floor":3,"turns":3},{"damage":39,"enemies":"Gremlin Nob","floor":7,"turns":5},{"damage":2,"enemies":"Looter","floor":10,"turns":3},{"damage":9,"enemies":"Exordium Wildlife","floor":11,"turns":5},{"damage":6,"enemies":"3 Louse","floor":13,"turns":4},{"damage":29,"enemies":"Gremlin Gang","floor":14,"turns":5},{"damage":41,"enemies":"The Guardian","floor":16,"turns":8}],"seed_played":"-4970112408388388239","potions_obtained":[{"floor":1,"key":"DistilledChaos"},{"floor":3,"key":"SpeedPotion"},{"floor":10,"key":"EssenceOfSteel"},{"floor":11,"key":"LiquidBronze"},{"floor":14,"key":"AttackPotion"}],"is_trial":false,"path_per_floor":["M","M","M","$","?","R","E","R","T","M","M","?","M","M","R","B"],"character_chosen":"IRONCLAD","items_purchased":[],"campfire_rested":1,"item_purchase_floors":[],"current_hp_per_floor":[80,80,79,79,68,68,35,35,35,39,36,36,36,13,37,0,0],"gold":226,"neow_bonus":"RANDOM_COMMON_RELIC","is_daily":false,"chose_seed":false,"campfire_upgraded":2,"win_rate":0.0,"timestamp":1608406995,"path_taken":["M","M","M","?","?","R","E","R","T","M","M","?","M","M","R","BOSS"],"items_purchased_type":[],"build_version":"2020-12-13","purchased_purges":1,"victory":false,"max_hp_per_floor":[80,80,80,80,80,80,80,80,80,80,80,80,80,80,80,80,80],"card_choices":[{"not_picked":["Blood for Blood","Pommel Strike","Wild Strike"],"picked":"SKIP","floor":1},{"not_picked":["Intimidate","Headbutt","Wild Strike"],"picked":"SKIP","floor":2},{"not_picked":["Heavy Blade","Disarm","True Grit"],"picked":"SKIP","floor":3},{"not_picked":["Wild Strike","Clash","Feel No Pain"],"picked":"SKIP","floor":7},{"not_picked":["Barricade","Clash","Iron Wave"],"picked":"SKIP","floor":10},{"not_picked":["Sword Boomerang","True Grit","Iron Wave"],"picked":"SKIP","floor":11},{"not_picked":["Combust","Twin Strike","Wild Strike"],"picked":"SKIP","floor":13},{"not_picked":["Perfected Strike","Cleave"],"picked":"Spot Weakness","floor":14}],"player_experience":1090373,"relics_obtained":[{"floor":7,"key":"War Paint"}],"event_choices":[{"damage_healed":0,"gold_gain":75,"player_choice":"Gather Gold","damage_taken":11,"max_hp_gain":0,"max_hp_loss":0,"event_name":"World of Goop","floor":5,"gold_loss":0},{"cards_removed":["Strike_R"],"damage_healed":0,"gold_gain":0,"player_choice":"Forget","damage_taken":0,"max_hp_gain":0,"max_hp_loss":0,"event_name":"Living Wall","floor":12,"gold_loss":0}],"is_beta":false,"boss_relics":[],"items_purged_floors":[4],"is_endless":false,"potions_floor_spawned":[1,3,10,11,14],"killed_by":"The Guardian","ascension_level":0}}