{"host":"1hv1kueuvc4r3rdp","time":1608415875,"event":{"mods":["AchievementEnabler","BaseMod","DeckTracker","Highlight Path","Minty Spire (QoL Compilation)","Permanent Neow","StSLib"],"gold_per_floor":[109,121,132,132,132,132,167,192,219,238,252,325,325,359,359,483,483,496,512,527,3,21,21,21],"floor_reached":23,"playtime":1863,"items_purged":["Strike_G"],"score":318,"play_id":"82340d99-11c3-43a4-958f-c2f664ce8dae","local_time":"20201219161115","is_ascension_mode":true,"campfire_choices":[{"data":"Neutralize","floor":6,"key":"SMITH"},{"floor":13,"key":"REST"},{"data":"Blur","floor":15,"key":"SMITH"}],"circlet_count":0,"master_deck":["AscendersBane","Strike_G","Strike_G","Strike_G","Strike_G","Defend_G+1","Defend_G","Defend_G","Defend_G+1","Defend_G","Survivor","Neutralize+1","Flechettes+1","Dagger Throw","Cloak And Dagger","Dagger Spray","Deflect","Blur+1","Glass Knife","Acrobatics","Terror","PiercingWail+1","Tools of the Trade","Backstab"],"relics":["Runic Pyramid","Golden Idol","War Paint","Blood Vial","Omamori","Pantograph","HoveringKite","Blue Candle","Membership Card"],"acts_visited":["Exordium","TheCity"],"potions_floor_usage":[7,12,16,23,23],"damage_taken":[{"damage":0,"enemies":"2 Louse","floor":1,"turns":3},{"damage":0,"enemies":"Small Slimes","floor":2,"turns":4},{"damage":0,"enemies":"Cultist","floor":3,"turns":4},{"damage":12,"enemies":"3 Sentries","floor":7,"turns":11},{"damage":0,"enemies":"Exordium Wildlife","floor":8,"turns":3},{"damage":3,"enemies":"Looter","floor":10,"turns":3},{"damage":4,"enemies":"Lots of Slimes","floor":11,"turns":4},{"damage":25,"enemies":"Gremlin Nob","floor":12,"turns":4},{"damage":12,"enemies":"Lagavulin","floor":14,"turns":5},{"damage":10,"enemies":"The Guardian","floor":16,"turns":20},{"damage":0,"enemies":"Shell Parasite","floor":18,"turns":7},{"damage":0,"enemies":"Chosen","floor":19,"turns":6},{"damage":25,"enemies":"Shelled Parasite and Fungi","floor":20,"turns":6},{"damage":16,"enemies":"Cultist and Chosen","floor":22,"turns":6},{"damage":40,"enemies":"Gremlin Leader","floor":23,"turns":7}],"seed_played":"-6725750575157171359","potions_obtained":[{"floor":2,"key":"Block Potion"},{"floor":7,"key":"Energy Potion"},{"floor":8,"key":"Poison Potion"},{"floor":12,"key":"Block Potion"},{"floor":19,"key":"Block Potion"}],"is_trial":false,"path_per_floor":["M","M","M","?","?","R","E","M","T","M","M","?","R","E","R","B",null,"M","M","M","$","M","E"],"character_chosen":"THE_SILENT","items_purchased":["Blue Candle","Membership Card","Tools of the Trade"],"campfire_rested":1,"item_purchase_floors":[21,21,21],"current_hp_per_floor":[63,63,63,46,46,46,34,34,34,33,31,8,29,19,19,36,62,64,66,43,43,29,0,0],"gold":21,"neow_bonus":"BOSS_RELIC","is_daily":false,"chose_seed":false,"campfire_upgraded":2,"win_rate":0.0,"timestamp":1608415875,"path_taken":["M","M","M","?","?","R","E","M","T","?","M","?","R","E","R","BOSS","M","M","M","$","M","E"],"items_purchased_type":["Relic","Relic","Card"],"build_version":"2020-12-13","purchased_purges":1,"victory":false,"max_hp_per_floor":[70,70,70,70,70,70,70,70,70,70,70,70,70,70,70,70,70,70,70,70,70,70,70,70],"card_choices":[{"not_picked":["Backflip","Underhanded Strike","Acrobatics"],"picked":"SKIP","floor":1},{"not_picked":["Bouncing Flask","Deflect"],"picked":"Flechettes","floor":2},{"not_picked":["Skewer","PiercingWail"],"picked":"Dagger Throw","floor":3},{"not_picked":["Grand Finale","Choke"],"picked":"Cloak And Dagger","floor":7},{"not_picked":["Dodge and Roll","Outmaneuver"],"picked":"Dagger Spray","floor":8},{"not_picked":["Crippling Poison","Cloak And Dagger"],"picked":"Deflect","floor":10},{"not_picked":["Sucker Punch","Deadly Poison","Dagger Spray"],"picked":"SKIP","floor":11},{"not_picked":["Setup","Flying Knee"],"picked":"Blur","floor":14},{"not_picked":["Burst","Doppelganger"],"picked":"Glass Knife","floor":16},{"not_picked":["Underhanded Strike","Infinite Blades"],"picked":"Acrobatics","floor":18},{"not_picked":["Heel Hook","Leg Sweep+1"],"picked":"Terror","floor":19},{"not_picked":["Well Laid Plans","Deflect"],"picked":"PiercingWail+1","floor":20},{"not_picked":["Predator","Dagger Throw"],"picked":"Backstab","floor":22}],"player_experience":1063813,"relics_obtained":[{"floor":7,"key":"War Paint"},{"floor":9,"key":"Blood Vial"},{"floor":14,"key":"Pantograph"}],"event_choices":[{"damage_healed":0,"gold_gain":0,"player_choice":"Take Damage","damage_taken":17,"relics_obtained":["Golden Idol"],"max_hp_gain":0,"max_hp_loss":0,"event_name":"Golden Idol","floor":4,"gold_loss":0},{"damage_healed":0,"gold_gain":0,"player_choice":"Forge","damage_taken":0,"max_hp_gain":0,"max_hp_loss":0,"event_name":"Accursed Blacksmith","floor":5,"gold_loss":0,"cards_upgraded":["Flechettes"]},{"damage_healed":0,"gold_gain":0,"player_choice":"Searched \u00272\u0027 times","damage_taken":0,"relics_obtained":["Omamori"],"max_hp_gain":0,"max_hp_loss":0,"event_name":"Dead Adventurer","floor":12,"gold_loss":0}],"is_beta":false,"boss_relics":[{"not_picked":["Philosopher\u0027s Stone","Snecko Eye"],"picked":"HoveringKite"}],"items_purged_floors":[21],"is_endless":false,"potions_floor_spawned":[2,7,8,11,12,14,19,20],"killed_by":"Gremlin Leader","ascension_level":11}}