{"host":"jksa5rawk3m4gilz","time":1608388512,"event":{"mods":["BaseMod","Colored Map","Highlight Path","Minty Spire (QoL Compilation)","Quick Restart"],"gold_per_floor":[115,115,115,134,144,170,170,205,205,205,205],"floor_reached":10,"playtime":384,"items_purged":[],"score":125,"play_id":"9f312c49-358b-4b9d-b369-a29a2d542166","local_time":"20201219153512","is_ascension_mode":true,"campfire_choices":[{"floor":7,"key":"REST"}],"circlet_count":0,"master_deck":["AscendersBane","Strike_P","Strike_P","Strike_P","Strike_P","Defend_P","Defend_P","Defend_P","Defend_P","Eruption","Vigilance","Panacea","FollowUp","Prostrate","Establishment"],"relics":["PureWater","Dead Branch","FaceOfCleric","Singing Bowl","Ginger","Incense Burner"],"acts_visited":["Exordium"],"potions_floor_usage":[],"damage_taken":[{"damage":8,"enemies":"Cultist","floor":1,"turns":4},{"damage":6,"enemies":"Jaw Worm","floor":4,"turns":4},{"damage":0,"enemies":"2 Louse","floor":5,"turns":3},{"damage":26,"enemies":"Lagavulin","floor":6,"turns":6},{"damage":23,"enemies":"3 Sentries","floor":8,"turns":6},{"damage":34,"enemies":"Gremlin Nob","floor":10,"turns":3}],"seed_played":"2488553052040054427","potions_obtained":[{"floor":6,"key":"FearPotion"}],"is_trial":false,"path_per_floor":["M","T","?","M","M","E","R","E","T","E"],"character_chosen":"WATCHER","items_purchased":[],"campfire_rested":1,"item_purchase_floors":[],"current_hp_per_floor":[57,57,57,52,53,30,53,33,33,0,0],"gold":205,"neow_bonus":"RANDOM_COLORLESS","is_daily":false,"chose_seed":false,"campfire_upgraded":0,"win_rate":0.0,"timestamp":1608388512,"path_taken":["M","?","?","M","?","E","R","E","T","E"],"items_purchased_type":[],"build_version":"2020-12-13","purchased_purges":0,"victory":false,"max_hp_per_floor":[72,72,72,73,74,77,77,80,80,80,80],"card_choices":[{"not_picked":["Deep Breath","Jack Of All Trades"],"picked":"Panacea","floor":0},{"not_picked":["CutThroughFate","Crescendo"],"picked":"FollowUp","floor":1},{"not_picked":["Halt","CarveReality"],"picked":"Prostrate","floor":4},{"not_picked":["JustLucky","SashWhip"],"picked":"Establishment","floor":5},{"not_picked":["Vengeance","Consecrate","FlurryOfBlows"],"picked":"Singing Bowl","floor":6},{"not_picked":["Wireheading","FollowUp","Evaluate"],"picked":"Singing Bowl","floor":8}],"player_experience":2038176,"relics_obtained":[{"floor":2,"key":"Dead Branch"},{"floor":6,"key":"Singing Bowl"},{"floor":8,"key":"Ginger"},{"floor":9,"key":"Incense Burner"}],"event_choices":[{"damage_healed":0,"gold_gain":0,"player_choice":"Trade","damage_taken":0,"relics_obtained":["FaceOfCleric"],"max_hp_gain":0,"max_hp_loss":0,"event_name":"FaceTrader","floor":3,"gold_loss":0}],"is_beta":false,"boss_relics":[],"items_purged_floors":[],"is_endless":false,"potions_floor_spawned":[6],"killed_by":"Gremlin Nob","ascension_level":13}}