{"host":"ds3v42j7tpaaz1mg","time":1608348299,"event":{"mods":["AchievementEnabler","Aspiration","BaseMod","Bestiary","Better Altar","Better Note","Better Sensory Stone","BetterRewards","Block Reminder","Colored Powertips","Conspire","Downfall","Energized Spire","Halation","Hermit","Highlight Path","Hubris","Infinite Spire","Jorbs\u0027s Wanderer Trilogy","Minty Spire (QoL Compilation)","Relic Stats","Replay The Spire","StSLib","The Elementalist","The Servant 0.9.4","vexMod"],"gold_per_floor":[364,364,42,42,56,56,83,13,61,61,61,95,95,122,122,243,243,243,13,28,28,28,55,55,73,73,107,107,121,121,121,121,216,216,229,229,229,243,255,255,255,284,307,335,355,371,181,200,200,200],"floor_reached":51,"playtime":2285,"items_purged":["Regret","vexMod:UltimateCard","Strike_R","sneckomod:UnknownRareSkill"],"score":994,"play_id":"c0627589-7c36-4f0b-b0ab-710c009e004a","local_time":"20201218222459","is_ascension_mode":true,"campfire_choices":[{"data":"ReplayTheSpireMod:Brewmster","floor":6.0,"key":"SMITH"},{"floor":10.0,"key":"REST"},{"floor":15.0,"key":"REST"},{"floor":24,"key":"REST"},{"data":"infinitespire:FutureSight","floor":28,"key":"SMITH"},{"data":"Inflame","floor":32,"key":"SMITH"},{"floor":40,"key":"REST"},{"floor":49,"key":"REST"}],"circlet_count":0,"master_deck":["Defend_R","Defend_R+1","Defend_R","Bash+1","Carnage","ReplayTheSpireMod:Brewmster+1","Inflame+1","infinitespire:OneForAll+1","Feed","infinitespire:FutureSight+1","Core Surge","Exhume","ReplayTheSpireMod:Echoes of Time","Pot Of Greed","Pot Of Greed","Gouge+1"],"relics":["Guardian:DefensiveModeMoreBlock","CaptainsWheel","Bottled Flame","hubris:Backtick","aspiration:RitualStick","Burning Blood","infinitespire:Chaos","aspiration:Legacy_Headhunter","vexMod:RedPlottingStone","aspiration:DefectSkillbook","InkBottle","Bottled Lightning","PrismaticShard","Nloth\u0027s Gift","conspire:RoyalGoblet","hubris:KleinBottle","Boot","vexMod:PlasmaPancake","Grinning Jar","Vajra","Bag of Marbles","StoneCalendar","aspiration:Lifesprig","infinitespire:Satchel","infinitespire:WardingShard","BargainBundle"],"acts_visited":["Exordium","TheCity","TheBeyond"],"potions_floor_usage":[23,23,23,23,23,23,25,27,27,29,29,33,33,33,33,39,39,42,45,50,50],"damage_taken":[{"damage":1.0,"enemies":"Cultist","floor":1.0,"turns":3.0},{"damage":12.0,"enemies":"Jaw Worm","floor":5.0,"turns":2.0},{"damage":50.0,"enemies":"3 Sentries","floor":7.0,"turns":12.0},{"damage":27.0,"enemies":"Lagavulin","floor":12.0,"turns":5.0},{"damage":38.0,"enemies":"The Guardian","floor":16.0,"turns":13.0},{"damage":0.0,"enemies":"Shell Parasite","floor":18.0,"turns":1.0},{"damage":32.0,"enemies":"Chosen","floor":20.0,"turns":6.0},{"damage":30,"enemies":"Slavers","floor":23,"turns":7},{"damage":12,"enemies":"Centurion and Healer","floor":25,"turns":4},{"damage":14,"enemies":"conspire:Head Lice","floor":27,"turns":5},{"damage":3,"enemies":"conspire:HollyBat","floor":29,"turns":5},{"damage":25,"enemies":"Collector","floor":33,"turns":7},{"damage":0,"enemies":"Orb Walker","floor":35,"turns":4},{"damage":1,"enemies":"3 Shapes","floor":38,"turns":2},{"damage":0,"enemies":"Spire Growth","floor":39,"turns":3},{"damage":27,"enemies":"R_Hoarder","floor":42,"turns":6},{"damage":1,"enemies":"Nemesis","floor":44,"turns":3},{"damage":8,"enemies":"Transient","floor":45,"turns":5},{"damage":1,"enemies":"Jaw Worm Horde","floor":46,"turns":2},{"damage":7,"enemies":"4 Shapes","floor":48,"turns":2},{"damage":34,"enemies":"hubris:GrandSnecko","floor":50,"turns":3}],"seed_played":"6723047305819442725","potions_obtained":[{"floor":5.0,"key":"Doom Potion"},{"floor":12.0,"key":"Elixir"},{"floor":25,"key":"FairyPotion"},{"floor":33,"key":"SpeedPotion"},{"floor":42,"key":"FearPotion"}],"is_trial":false,"path_per_floor":["M","?","$","$","M","R","E","$","T","R","?","E","?","T","R","B",null,"M","$","M","AVR","$","E","R","M","T","E","R","M","?","?","R","B",null,"M","$","AVR","M","M","R","?","E","T","E","M","M","$","M","R","B",null],"character_chosen":"IRONCLAD","items_purchased":["vexMod:Spyglass","ReplayTheSpireMod:Brewmster","Inflame","infinitespire:Chaos","hubris:KleinBottle","Boot","vexMod:PlasmaPancake","Grinning Jar","Vajra","Bag of Marbles","BargainBundle"],"campfire_rested":5,"item_purchase_floors":[3,3,8,19,36,36,36,36,36,36,47],"current_hp_per_floor":[80,80,80,80,74,74,46,46,46,70,70,49,49,49,73,57,80,80,80,57,57,57,41,68,62,62,62,62,76,68,68,68,68,97,97,19,19,27,33,64,64,48,48,53,51,56,56,55,86,58],"gold":200,"neow_bonus":"TWO_FIFTY_GOLD","is_daily":false,"chose_seed":false,"campfire_upgraded":3,"win_rate":0.0,"timestamp":1608348299,"path_taken":["M","?","$","?","M","R","E","?","T","R","?","E","?","?","R","BOSS","M","$","M","AVR","?","E","R","M","T","E","R","?","?","?","R","BOSS","M","?","AVR","M","?","R","?","E","T","E","M","M","$","M","R","BOSS"],"items_purchased_type":["Relic","Card","Card","Relic","Relic","Relic","Relic","Relic","Relic","Relic","Relic"],"build_version":"2020-12-13","purchased_purges":4,"victory":true,"max_hp_per_floor":[80,80,80,80,80,80,80,80,80,80,80,80,80,80,80,80,80,80,80,83,83,83,91,91,91,91,94,94,97,97,97,97,97,97,97,103,103,106,106,106,106,106,106,106,106,106,106,106,106,106],"relic_stats":{"counters":[21,100],"StoneCalendar":[0],"Nloth\u0027s Gift":5,"Boot":[4],"obtain_stats":[{"vexMod:PlasmaPancake":36,"aspiration:Lifesprig":42,"Calipers":12,"conspire:RoyalGoblet":34,"Vajra":36,"StoneCalendar":37,"vexMod:Spyglass":3,"PrismaticShard":30,"Boot":36,"Burning Blood":0,"aspiration:RitualStick":19,"hubris:Backtick":19,"aspiration:DefectSkillbook":21,"vexMod:RedPlottingStone":21,"infinitespire:Chaos":19,"InkBottle":26,"aspiration:Legacy_Headhunter":19,"Gremlin Food":9,"Guardian:DefensiveModeMoreBlock":19,"hubris:KleinBottle":36,"BargainBundle":47,"halation:IllGainedPizza":14,"infinitespire:EmptyRelic":19,"CaptainsWheel":19,"Bottled Flame":19,"infinitespire:WardingShard":44,"hubris:Spice":23,"infinitespire:Satchel":43,"Nloth\u0027s Gift":31,"Bag of Marbles":36,"Bottled Lightning":27,"Kintsugi":17,"Grinning Jar":36},{"vexMod:PlasmaPancake":13,"aspiration:Lifesprig":16,"Calipers":4,"conspire:RoyalGoblet":12,"Vajra":13,"StoneCalendar":13,"vexMod:Spyglass":1,"PrismaticShard":11,"Boot":13,"Burning Blood":0,"aspiration:RitualStick":6,"hubris:Backtick":6,"aspiration:DefectSkillbook":7,"vexMod:RedPlottingStone":7,"infinitespire:Chaos":6,"InkBottle":9,"aspiration:Legacy_Headhunter":6,"Gremlin Food":3,"Guardian:DefensiveModeMoreBlock":6,"hubris:KleinBottle":13,"BargainBundle":19,"halation:IllGainedPizza":4,"infinitespire:EmptyRelic":6,"CaptainsWheel":6,"Bottled Flame":6,"infinitespire:WardingShard":17,"hubris:Spice":8,"infinitespire:Satchel":16,"Nloth\u0027s Gift":11,"Bag of Marbles":13,"Bottled Lightning":10,"Kintsugi":5,"Grinning Jar":13},{"vexMod:PlasmaPancake":74,"aspiration:Lifesprig":85,"Calipers":22,"conspire:RoyalGoblet":70,"Vajra":74,"StoneCalendar":74,"vexMod:Spyglass":3,"PrismaticShard":63,"Boot":74,"Burning Blood":0,"aspiration:RitualStick":36,"hubris:Backtick":36,"aspiration:DefectSkillbook":42,"vexMod:RedPlottingStone":42,"infinitespire:Chaos":36,"InkBottle":53,"aspiration:Legacy_Headhunter":36,"Gremlin Food":17,"Guardian:DefensiveModeMoreBlock":36,"hubris:KleinBottle":74,"BargainBundle":95,"halation:IllGainedPizza":22,"infinitespire:EmptyRelic":36,"CaptainsWheel":36,"Bottled Flame":36,"infinitespire:WardingShard":88,"hubris:Spice":49,"infinitespire:Satchel":85,"Nloth\u0027s Gift":63,"Bag of Marbles":74,"Bottled Lightning":58,"Kintsugi":35,"Grinning Jar":74}],"aspiration:RitualStick":[13],"Burning Blood":109,"InkBottle":[16]},"card_choices":[{"not_picked":["Bloodletting","Dual Wield"],"picked":"Carnage","floor":1.0},{"not_picked":["Warcry","Iron Wave"],"picked":"ReplayTheSpireMod:Strike From Hell","floor":5.0},{"not_picked":["Headbutt","Fiend Fire","Cleave"],"picked":"SKIP","floor":12.0},{"not_picked":["conspire:HitWhereItHurts","Brutality"],"picked":"Feed","floor":16.0},{"not_picked":["infinitespire:OneForAll+1","Iron Wave","Heavy Blade"],"picked":"SKIP","floor":20.0},{"not_picked":["Flame Barrier+1","Ball Lightning","Replay:Undeath\u0027s Touch+1","Bloodletting"],"picked":"SKIP","floor":23},{"not_picked":["Turbo+1","Ball Lightning","ReplayTheSpireMod:LeadingStrike"],"picked":"Core Surge","floor":25},{"not_picked":["Dual Wield+1","Leap","conspire:Rain","Recycle"],"picked":"SKIP","floor":27},{"not_picked":["Armaments","Rebound","conspire:ExplosiveBarrier+1","Perfected Strike"],"picked":"SKIP","floor":29},{"not_picked":["Uppercut+1","Seeing Red","Static Discharge"],"picked":"Exhume","floor":30},{"not_picked":["Slimebound:RallyTheTroops","sneckomod:Unknown3Cost","stsjorbsmod:Trauma"],"picked":"sneckomod:UnknownRareSkill","floor":33},{"not_picked":["elementalist:Prepared_Sand","Slimebound:SlimeSpikes+1","Slimebound:SplitBruiser","Spin+1"],"picked":"SKIP","floor":35},{"not_picked":["infinitespire:SevenWalls","ReplayTheSpireMod:Book of Names"],"picked":"ReplayTheSpireMod:Echoes of Time","floor":36},{"not_picked":["Deadly Poison+1","Hologram","stsjorbsmod:TrueStrike+1","Crescendo"],"picked":"SKIP","floor":38},{"not_picked":["stsjorbsmod:BlackTentacles_Cull","champ:Lariat","hermit:Malice+1","Thunder Strike"],"picked":"SKIP","floor":39},{"not_picked":["Juggernaut","sneckomod:UnknownRareAttack","hermit:Glare","Slimebound:OneTwoCombo"],"picked":"SKIP","floor":42},{"not_picked":["Barrage+1","hexamod:TimeWarp","sneckomod:ImprovisedAttack"],"picked":"Gouge+1","floor":44},{"not_picked":["sneckomod:SnakeSap","sneckomod:UnlimitedRolls","champ:DeathBlow","Dual Wield+1"],"picked":"SKIP","floor":45},{"not_picked":["Undo","stsjorbsmod:Hibernate","Shrug It Off","sneckomod:UnknownExhaust"],"picked":"SKIP","floor":46},{"not_picked":["Guardian:Planning+1","EmptyFist","elementalist:Caution+1","Stack"],"picked":"SKIP","floor":48}],"player_experience":553681,"relics_obtained":[{"floor":9.0,"key":"Gremlin Food"},{"floor":12.0,"key":"Calipers"},{"floor":14.0,"key":"halation:IllGainedPizza"},{"floor":23,"key":"hubris:Spice"},{"floor":26,"key":"InkBottle"},{"floor":27,"key":"Bottled Lightning"},{"floor":30,"key":"PrismaticShard"},{"floor":42,"key":"aspiration:Lifesprig"},{"floor":43,"key":"infinitespire:Satchel"},{"floor":44,"key":"infinitespire:WardingShard"}],"event_choices":[{"cards_removed":["elementalist:Earthstrike"],"damage_healed":0.0,"max_hp_gain":0.0,"max_hp_loss":0.0,"gold_gain":0.0,"event_name":"Wheel of Change","player_choice":"Card Removal","floor":2.0,"gold_loss":0.0,"damage_taken":0.0},{"damage_healed":0,"gold_gain":0,"player_choice":"Traded Relic","damage_taken":0,"relics_obtained":["Nloth\u0027s Gift"],"max_hp_gain":0,"max_hp_loss":0,"event_name":"N\u0027loth","floor":31,"relics_lost":["hubris:Spice"],"gold_loss":0},{"damage_healed":0,"gold_gain":0,"player_choice":"Ignored","damage_taken":0,"max_hp_gain":0,"max_hp_loss":0,"event_name":"Golden Shrine","floor":41,"gold_loss":0}],"is_beta":false,"boss_relics":[{"not_picked":["Replay:Bronze Core","energizedSpire:TabascoSauce"],"picked":"Kintsugi"},{"not_picked":["Coffee Dripper","energizedSpire:SpiderWeb"],"picked":"conspire:RoyalGoblet"}],"items_purged_floors":[19,21,36,47],"is_endless":false,"potions_floor_spawned":[5,7,12,18,25,29,33,35,38,42],"ascension_level":4}}