{"host":"9tzam4717zt8ei1o","time":1608402183,"event":{"mods":["BaseMod","Colored Map","Keyboard Shortcuts","Minty Spire (QoL Compilation)","Quick Restart","StSLib","SuperFastMode"],"gold_per_floor":[113,113,124,84,96,96,96,126,126,126,144,163,37,50,50,121,121,137,137,151,167,185,185,185,185,185,48,74,74,74,86,86,163,163,183,195,205,125,125,136,164,184,184,215,215,235,457,467,467,467,467,467],"floor_reached":51,"playtime":1922,"items_purged":["Strike_G","Strike_G"],"score":1422,"play_id":"f4ebdffc-e09c-44ea-ba17-77d504df1fab","local_time":"20201220032303","is_ascension_mode":true,"campfire_choices":[{"data":"Cloak And Dagger","floor":6.0,"key":"SMITH"},{"data":"Neutralize","floor":10.0,"key":"SMITH"},{"data":"Concentrate","floor":15.0,"key":"SMITH"},{"data":"Reflex","floor":23.0,"key":"SMITH"},{"floor":25.0,"key":"REST"},{"data":"Acrobatics","floor":29.0,"key":"SMITH"},{"data":"Calculated Gamble","floor":32.0,"key":"SMITH"},{"floor":49.0,"key":"RECALL"}],"circlet_count":0,"master_deck":["AscendersBane","Defend_G","Defend_G","Defend_G","Defend_G","Survivor","Neutralize+1","Choke","Concentrate+1","Bouncing Flask","Cloak And Dagger+1","Heel Hook+1","Masterful Stab+1","Acrobatics+1","Eviscerate+1","Wraith Form v2","Reflex+1","Acrobatics+1","Well Laid Plans","Calculated Gamble+1","After Image","PiercingWail+1","Acrobatics","Tactician","Tactician"],"relics":["Ring of the Snake","Bronze Scales","Letter Opener","Molten Egg 2","The Courier","HoveringKite","StoneCalendar","TheAbacus","Red Mask","Empty Cage","Pear","Boot"],"acts_visited":["TheCity","TheBeyond"],"potions_floor_usage":[51,51],"damage_taken":[{"damage":0.0,"enemies":"Cultist","floor":1.0,"turns":3.0},{"damage":1.0,"enemies":"Jaw Worm","floor":3.0,"turns":3.0},{"damage":0.0,"enemies":"2 Louse","floor":5.0,"turns":2.0},{"damage":37.0,"enemies":"3 Sentries","floor":8.0,"turns":9.0},{"damage":7.0,"enemies":"2 Fungi Beasts","floor":11.0,"turns":2.0},{"damage":4.0,"enemies":"Exordium Thugs","floor":12.0,"turns":4.0},{"damage":3.0,"enemies":"Blue Slaver","floor":14.0,"turns":3.0},{"damage":5.0,"enemies":"Hexaghost","floor":16.0,"turns":6.0},{"damage":5.0,"enemies":"2 Thieves","floor":18.0,"turns":4.0},{"damage":17.0,"enemies":"Chosen","floor":20.0,"turns":5.0},{"damage":22.0,"enemies":"3 Cultists","floor":21.0,"turns":4.0},{"damage":4.0,"enemies":"Sentry and Sphere","floor":22.0,"turns":6.0},{"damage":0.0,"enemies":"Masked Bandits","floor":28.0,"turns":4.0},{"damage":0.0,"enemies":"Centurion and Healer","floor":31.0,"turns":5.0},{"damage":2.0,"enemies":"Automaton","floor":33.0,"turns":7.0},{"damage":0.0,"enemies":"3 Shapes","floor":35.0,"turns":4.0},{"damage":0.0,"enemies":"3 Darklings","floor":36.0,"turns":3.0},{"damage":21.0,"enemies":"Transient","floor":37.0,"turns":6.0},{"damage":0.0,"enemies":"Jaw Worm Horde","floor":40.0,"turns":3.0},{"damage":26.0,"enemies":"Nemesis","floor":41.0,"turns":7.0},{"damage":0.0,"enemies":"Writhing Mass","floor":42.0,"turns":5.0},{"damage":0.0,"enemies":"Reptomancer","floor":44.0,"turns":3.0},{"damage":0.0,"enemies":"Spire Growth","floor":46.0,"turns":4.0},{"damage":0.0,"enemies":"3 Darklings","floor":48.0,"turns":3.0},{"damage":22.0,"enemies":"Donu and Deca","floor":50.0,"turns":8.0},{"damage":17,"enemies":"Time Eater","floor":51,"turns":4}],"seed_played":"5097255884163886763","potions_obtained":[{"floor":3.0,"key":"Energy Potion"},{"floor":14.0,"key":"SteroidPotion"},{"floor":16.0,"key":"SneckoOil"},{"floor":18.0,"key":"Dexterity Potion"},{"floor":21.0,"key":"BlessingOfTheForge"},{"floor":22.0,"key":"Poison Potion"},{"floor":36.0,"key":"Strength Potion"},{"floor":42.0,"key":"Swift Potion"},{"floor":48.0,"key":"PowerPotion"}],"is_trial":false,"path_per_floor":["M","T","M","$","M","R","?","E","T","R","M","M","$","M","R","B",null,"M","?","M","M","M","R","?","R","T","$","?","R","?","M","R","B",null,"M","M","M","$","?","M","E","M","T","E","?","M","?","M","R","B","B"],"character_chosen":"THE_SILENT","items_purchased":["Bouncing Flask","Eviscerate+1","TheAbacus"],"campfire_rested":1,"item_purchase_floors":[4,13,27],"current_hp_per_floor":[59,59,58,58,58,58,58,21,21,21,14,10,10,7,7,2,50,45,45,28,6,2,2,2,21,21,21,21,21,21,21,21,19,54,54,54,33,33,54,54,38,38,38,38,38,38,38,38,38,16,0,0],"gold":467,"neow_bonus":"REMOVE_CARD","is_daily":false,"chose_seed":false,"campfire_upgraded":6,"win_rate":0.0,"timestamp":1608402183,"path_taken":["M","?","M","$","?","R","?","E","T","R","M","M","?","M","R","BOSS","M","?","M","M","M","R","?","R","T","$","?","R","?","M","R","BOSS","M","M","M","$","?","M","E","M","T","E","?","?","?","M","R","BOSS","BOSS"],"items_purchased_type":["Card","Card","Relic"],"build_version":"2020-12-13","purchased_purges":2,"victory":false,"max_hp_per_floor":[66,66,66,66,66,66,66,66,66,66,66,66,66,66,66,66,66,66,66,66,66,66,66,66,66,66,66,66,66,66,66,66,66,66,66,66,66,66,54,54,64,64,64,64,64,64,64,64,64,64,64,64],"card_choices":[{"not_picked":["Cloak And Dagger","Dodge and Roll"],"picked":"Choke","floor":1.0},{"not_picked":["Expertise","Deadly Poison"],"picked":"Concentrate","floor":3.0},{"not_picked":["Footwork","Poisoned Stab"],"picked":"Cloak And Dagger","floor":5.0},{"not_picked":["Masterful Stab+1","Endless Agony+1"],"picked":"Heel Hook+1","floor":8.0},{"not_picked":["Slice+1","Bane+1"],"picked":"Masterful Stab+1","floor":11.0},{"not_picked":["Backflip","PiercingWail"],"picked":"Acrobatics","floor":12.0},{"not_picked":["Flying Knee+1","Sucker Punch+1","Bouncing Flask"],"picked":"SKIP","floor":14.0},{"not_picked":["Malaise","A Thousand Cuts"],"picked":"Wraith Form v2","floor":16.0},{"not_picked":["Dagger Throw+1","Riddle With Holes+1","Choke+1"],"picked":"SKIP","floor":18.0},{"not_picked":["Bouncing Flask","PiercingWail"],"picked":"Reflex","floor":20.0},{"not_picked":["Poisoned Stab+1","Bane+1"],"picked":"Acrobatics+1","floor":21.0},{"not_picked":["Outmaneuver","Distraction","Poisoned Stab+1"],"picked":"SKIP","floor":22.0},{"not_picked":["Dodge and Roll+1","Quick Slash+1"],"picked":"Calculated Gamble","floor":31.0},{"not_picked":["Die Die Die+1","Wraith Form v2"],"picked":"After Image","floor":33.0},{"not_picked":["Slice+1","Dagger Throw+1"],"picked":"PiercingWail+1","floor":35.0},{"not_picked":["Slice+1","Dodge and Roll","Dagger Spray+1"],"picked":"SKIP","floor":36.0},{"not_picked":["Distraction","Blade Dance","Sucker Punch+1"],"picked":"SKIP","floor":37.0},{"not_picked":["Terror","Dagger Throw+1","Well Laid Plans"],"picked":"SKIP","floor":40.0},{"not_picked":["Flechettes+1","Poisoned Stab+1","Bane+1"],"picked":"SKIP","floor":41.0},{"not_picked":["Leg Sweep","Cloak And Dagger+1","Bouncing Flask+1"],"picked":"SKIP","floor":42.0},{"not_picked":["Masterful Stab+1","Heel Hook+1"],"picked":"Acrobatics","floor":44.0},{"not_picked":["Glass Knife+1","Noxious Fumes"],"picked":"Tactician","floor":46.0},{"not_picked":["Footwork","Bane+1"],"picked":"Tactician","floor":48.0}],"player_experience":99229,"relics_obtained":[{"floor":2.0,"key":"Bronze Scales"},{"floor":8.0,"key":"Molten Egg 2"},{"floor":9.0,"key":"The Courier"},{"floor":26.0,"key":"StoneCalendar"},{"floor":28.0,"key":"Red Mask"},{"floor":41.0,"key":"Pear"},{"floor":44.0,"key":"Boot"}],"event_choices":[{"damage_healed":0.0,"max_hp_gain":0.0,"max_hp_loss":0.0,"gold_gain":0.0,"event_name":"Dead Adventurer","player_choice":"Searched \u00271\u0027 times","floor":7.0,"gold_loss":0.0,"damage_taken":0.0,"relics_obtained":["Letter Opener"]},{"damage_healed":0.0,"max_hp_gain":0.0,"max_hp_loss":0.0,"gold_gain":0.0,"event_name":"Cursed Tome","player_choice":"Ignored","floor":19.0,"gold_loss":0.0,"damage_taken":0.0},{"damage_healed":0.0,"max_hp_gain":0.0,"max_hp_loss":0.0,"gold_gain":0.0,"event_name":"The Mausoleum","player_choice":"Ignored","floor":24.0,"gold_loss":0.0,"damage_taken":0.0},{"damage_healed":0.0,"max_hp_gain":0.0,"max_hp_loss":0.0,"gold_gain":0.0,"event_name":"Masked Bandits","player_choice":"Fought Bandits","floor":28.0,"gold_loss":0.0,"damage_taken":0.0},{"damage_healed":0.0,"max_hp_gain":0.0,"max_hp_loss":0.0,"gold_gain":0.0,"event_name":"The Library","player_choice":"Read","floor":30.0,"gold_loss":0.0,"damage_taken":0.0,"cards_obtained":["Well Laid Plans"]},{"damage_healed":54.0,"max_hp_gain":0.0,"max_hp_loss":12.0,"gold_gain":0.0,"event_name":"The Moai Head","player_choice":"Heal","floor":39.0,"gold_loss":0.0,"damage_taken":0.0},{"cards_removed":["Strike_G"],"damage_healed":0.0,"max_hp_gain":0.0,"max_hp_loss":0.0,"gold_gain":0.0,"event_name":"Wheel of Change","player_choice":"Card Removal","floor":45.0,"gold_loss":0.0,"damage_taken":0.0},{"damage_healed":0.0,"max_hp_gain":0.0,"max_hp_loss":0.0,"gold_gain":222.0,"event_name":"Tomb of Lord Red Mask","player_choice":"Wore Mask","floor":47.0,"gold_loss":0.0,"damage_taken":0.0}],"is_beta":false,"boss_relics":[{"not_picked":["Coffee Dripper","Black Star"],"picked":"HoveringKite"},{"not_picked":["Tiny House","Busted Crown"],"picked":"Empty Cage"}],"items_purged_floors":[13,38],"is_endless":false,"potions_floor_spawned":[3,14,16,18,21,22,36,42,46,48],"killed_by":"Time Eater","ascension_level":20}}