{"host":"ff3231evo43kn7q6","time":1608342980,"event":{"mods":["BaseMod","Downfall","Minty Spire (QoL Compilation)","StSLib"],"gold_per_floor":[99,99,99,99,124,124,124,124,124,124,134,134,144,164,183,280,280,230,230,249,249,267,252,279,308,335,285,304,404,417,482,502,606,606,556,569,588,337,287,307,307,257,274,224,238,288,304,322,341,341],"floor_reached":51,"playtime":2495,"items_purged":["Regret"],"score":744,"play_id":"9c8e5e3d-b742-4865-9fff-d68beb6e6637","local_time":"20201218205620","is_ascension_mode":false,"campfire_choices":[{"data":"Slimebound:Split","floor":1,"key":"SMITH"},{"data":"Slimebound:SplitMire","floor":4,"key":"SMITH"},{"data":"Slimebound:CorrosiveSpit","floor":8,"key":"SMITH"},{"data":"Slimebound:Defend_Slimebound","floor":10,"key":"SMITH"},{"data":"Slimebound:OneTwoCombo","floor":18,"key":"SMITH"},{"data":"Slimebound:Recycling","floor":27,"key":"SMITH"},{"data":"Slimebound:LeadByExample","floor":35,"key":"SMITH"},{"data":"expansioncontent:YouAreMine","floor":39,"key":"SMITH"},{"data":"Slimebound:Schlurp","floor":42,"key":"SMITH"},{"data":"Slimebound:SamplingLick","floor":44,"key":"SMITH"}],"circlet_count":0,"master_deck":["Slimebound:Strike_Slimebound","Slimebound:Strike_Slimebound+1","Slimebound:Strike_Slimebound","Slimebound:Tackle+1","Slimebound:Defend_Slimebound+1","Slimebound:Defend_Slimebound","Slimebound:Defend_Slimebound","Slimebound:Defend_Slimebound+1","Slimebound:Split+1","Slimebound:CorrosiveSpit+1","Slimebound:SplitMire+1","Regret","Slimebound:FirmFortitude","Slimebound:Schlurp","Slimebound:OneTwoCombo+1","Slimebound:SamplingLick+1","Slimebound:SpikyOuterGoop","Slimebound:TongueLash+1","Slimebound:Recycling+1","Slimebound:Schlurp+1","Slimebound:LeadByExample+1","Slimebound:SplitBruiser+1","Slimebound:HauntingLick+1","expansioncontent:YouAreMine+1","Slimebound:MegaLick","Slimebound:SplitBruiser+1"],"relics":["Slimebound:AbsorbEndCombat","downfall:HeartsMalice","Bag of Preparation","Singing Bowl","TungstenRod","Slimebound:GreedOozeRelic","Odd Mushroom","Runic Pyramid","Lantern","Orichalcum","Red Mask","downfall:CloakOfManyFaces","CultistMask","FaceOfCleric","NlothsMask","GremlinMask","SsserpentHead","SlaversCollar","Membership Card"],"acts_visited":["TheCity","TheBeyond"],"potions_floor_usage":[14,22,26],"damage_taken":[{"damage":0,"enemies":"Small Slimes","floor":2,"turns":1},{"damage":0,"enemies":"3 Sentries","floor":5,"turns":1},{"damage":0,"enemies":"Jaw Worm","floor":6,"turns":1},{"damage":11,"enemies":"Cultist","floor":11,"turns":2},{"damage":16,"enemies":"3 Louse","floor":13,"turns":2},{"damage":19,"enemies":"The Mushroom Lair","floor":14,"turns":4},{"damage":17,"enemies":"Red Slaver","floor":15,"turns":3},{"damage":31,"enemies":"downfall:Watcher","floor":16,"turns":9},{"damage":9,"enemies":"Chosen","floor":20,"turns":3},{"damage":12,"enemies":"Snake Plant","floor":22,"turns":3},{"damage":4,"enemies":"downfall:FleeingMerchant","floor":23,"turns":4},{"damage":45,"enemies":"Gremlin Leader","floor":25,"turns":6},{"damage":9,"enemies":"Masked Bandits","floor":26,"turns":3},{"damage":9,"enemies":"Shelled Parasite and Fungi","floor":28,"turns":4},{"damage":13,"enemies":"downfall:FaceTrader","floor":29,"turns":4},{"damage":13,"enemies":"Cultist and Chosen","floor":30,"turns":4},{"damage":9,"enemies":"Snecko","floor":31,"turns":4},{"damage":26,"enemies":"3 Cultists","floor":32,"turns":3},{"damage":22,"enemies":"downfall:Defect","floor":33,"turns":6},{"damage":25,"enemies":"3 Darklings","floor":36,"turns":4},{"damage":6,"enemies":"Orb Walker","floor":37,"turns":2},{"damage":10,"enemies":"downfall:FleeingMerchant","floor":38,"turns":4},{"damage":29,"enemies":"Jaw Worm Horde","floor":40,"turns":3},{"damage":24,"enemies":"Sphere and 2 Shapes","floor":43,"turns":3},{"damage":28,"enemies":"Maw","floor":45,"turns":6},{"damage":18,"enemies":"Jaw Worm Horde","floor":47,"turns":4},{"damage":30,"enemies":"Transient","floor":48,"turns":5},{"damage":24,"enemies":"4 Shapes","floor":49,"turns":4},{"damage":25,"enemies":"downfall:Silent","floor":50,"turns":5}],"seed_played":"8718249287600848366","potions_obtained":[{"floor":13,"key":"SkillPotion"},{"floor":14,"key":"BlessingOfTheForge"},{"floor":16,"key":"CultistPotion"},{"floor":20,"key":"champ:CounterPotion"},{"floor":25,"key":"DistilledChaos"},{"floor":28,"key":"FearPotion"},{"floor":36,"key":"BlessingOfTheForge"}],"is_trial":false,"path_per_floor":["R","M","?","R","E","M","T","R","?","R","M","?","M","?","M","B",null,"R","?","M","?","M","$","T","E","?","R","M","?","M","M","M","B",null,"R","M","M","$","R","M","T","R","M","R","M","?","M","M","M","B",null],"character_chosen":"SLIMEBOUND","items_purchased":["Membership Card","expansioncontent:YouAreMine"],"campfire_rested":0,"item_purchase_floors":[38,38],"current_hp_per_floor":[60,60,60,60,62,64,64,64,64,64,66,66,65,62,61,54,68,68,68,68,68,70,70,70,32,47,47,60,70,75,76,79,80,82,82,75,86,87,87,83,83,83,84,84,88,88,93,96,101,104],"gold":341,"neow_bonus":"THREE_ENEMY_KILL","is_daily":false,"chose_seed":false,"campfire_upgraded":10,"win_rate":0.0,"timestamp":1608342980,"path_taken":["R","M","?","R","E","M","T","R","?","R","M","?","M","?","M","BOSS","R","?","?","?","M","$","T","E","?","R","M","?","M","?","M","BOSS","R","M","M","$","R","M","T","R","M","R","M","?","M","M","M","BOSS"],"items_purchased_type":["Relic","Card"],"build_version":"2020-12-13","purchased_purges":1,"victory":true,"max_hp_per_floor":[60,60,60,60,62,64,64,64,64,64,66,66,66,68,68,68,68,68,68,68,68,70,70,70,70,70,70,70,72,75,76,79,82,82,82,83,86,89,89,92,92,92,95,95,98,98,101,102,103,104],"card_choices":[{"not_picked":["Slimebound:ViciousTackle","Slimebound:GrowthPunch"],"picked":"Slimebound:SplitMire","floor":2},{"not_picked":["Slimebound:FormOfPuddle","Slimebound:SplitAcid","Slimebound:ViciousTackle"],"picked":"Singing Bowl","floor":5},{"not_picked":["Slimebound:ComboTackle","Slimebound:SplitLeeching","Slimebound:GrowthPunch"],"picked":"Singing Bowl","floor":6},{"not_picked":["Slimebound:LeechingTouch","Slimebound:LeechEnergy","Slimebound:SlimeSpikes"],"picked":"Singing Bowl","floor":11},{"not_picked":["Slimebound:MassFeed","Slimebound:FinishingTackle"],"picked":"Slimebound:FirmFortitude","floor":13},{"not_picked":["Slimebound:RainOfGoop","Slimebound:ComboTackle","Slimebound:HauntingLick"],"picked":"Singing Bowl","floor":14},{"not_picked":["Slimebound:GrowthPunch","Slimebound:LeechingTouch"],"picked":"Slimebound:Schlurp","floor":15},{"not_picked":["Slimebound:LeechLife","Slimebound:DouseInSlime"],"picked":"Slimebound:OneTwoCombo","floor":16},{"not_picked":["Slimebound:ComboTackle","Slimebound:GoopSpray"],"picked":"Slimebound:SamplingLick","floor":20},{"not_picked":["Slimebound:SplitLeeching","Slimebound:ItLooksTasty","Slimebound:Repurpose"],"picked":"Singing Bowl","floor":22},{"not_picked":["Slimebound:SamplingLick+1","Slimebound:ViciousTackle"],"picked":"Slimebound:TongueLash+1","floor":23},{"not_picked":["Slimebound:Equalize+1","Slimebound:FormOfPuddle"],"picked":"Slimebound:Recycling","floor":25},{"not_picked":["Slimebound:GrowthPunch+1","Slimebound:FinishingTackle+1"],"picked":"Slimebound:Schlurp","floor":26},{"not_picked":["Slimebound:FirmFortitude+1","Slimebound:PressTheAttack"],"picked":"Slimebound:LeadByExample","floor":28},{"not_picked":["Slimebound:SlimeBarrage+1","Slimebound:Dissolve+1","Slimebound:LeechingTouch"],"picked":"Singing Bowl","floor":29},{"not_picked":["Slimebound:LeechEnergy+1","Slimebound:GrowthPunch","Slimebound:PressTheAttack"],"picked":"Singing Bowl","floor":30},{"not_picked":["Slimebound:LeechingTouch","Slimebound:LivingWall"],"picked":"Slimebound:SplitBruiser+1","floor":31},{"not_picked":["Slimebound:SpikyOuterGoop","Slimebound:GrowthPunch","Slimebound:Schlurp"],"picked":"Singing Bowl","floor":32},{"not_picked":["Slimebound:Overexert","Slimebound:MassFeed","Slimebound:MassRepurpose"],"picked":"Singing Bowl","floor":33},{"not_picked":["Slimebound:DisruptingSlam+1","Slimebound:GoopTackle"],"picked":"Slimebound:HauntingLick+1","floor":36},{"not_picked":["Slimebound:SplitLeeching","Slimebound:GrowthPunch","Slimebound:SlimeTap"],"picked":"Singing Bowl","floor":37},{"not_picked":["Slimebound:MassRepurpose","Slimebound:SlimeSpikes+1","Slimebound:LeechingTouch"],"picked":"Singing Bowl","floor":38},{"not_picked":["Slimebound:SamplingLick+1","Slimebound:Grow+1","Slimebound:RejuvenatingLick"],"picked":"Singing Bowl","floor":40},{"not_picked":["Slimebound:LeechingTouch","Slimebound:LeechEnergy","Slimebound:PressTheAttack+1"],"picked":"Singing Bowl","floor":43},{"not_picked":["Slimebound:GrowthPunch","Slimebound:RollThrough","Slimebound:SlimeSpikes+1"],"picked":"Singing Bowl","floor":45},{"not_picked":["Slimebound:SplitMire+1","Slimebound:GoopSpray","Slimebound:PressTheAttack+1"],"picked":"Singing Bowl","floor":47},{"not_picked":["Slimebound:SplitMire","Slimebound:ViciousTackle"],"picked":"Slimebound:MegaLick","floor":48},{"not_picked":["Slimebound:SplitAcid","Slimebound:RollThrough"],"picked":"Slimebound:SplitBruiser+1","floor":49}],"player_experience":320526,"relics_obtained":[{"floor":5,"key":"Singing Bowl"},{"floor":7,"key":"TungstenRod"},{"floor":14,"key":"Odd Mushroom"},{"floor":24,"key":"Lantern"},{"floor":25,"key":"Orichalcum"},{"floor":26,"key":"Red Mask"},{"floor":29,"key":"downfall:CloakOfManyFaces"}],"event_choices":[{"damage_healed":0,"gold_gain":0,"player_choice":"Box","damage_taken":0,"relics_obtained":["Bag of Preparation"],"max_hp_gain":0,"max_hp_loss":0,"event_name":"Big Fish","floor":3,"gold_loss":0,"cards_obtained":["Regret"]},{"damage_healed":0,"gold_gain":0,"player_choice":"Fought Mushrooms","damage_taken":0,"max_hp_gain":0,"max_hp_loss":0,"event_name":"Mushrooms","floor":14,"gold_loss":0},{"damage_healed":0,"gold_gain":0,"player_choice":"Full Heal","damage_taken":0,"max_hp_gain":0,"max_hp_loss":0,"event_name":"Wheel of Change","floor":19,"gold_loss":0},{"damage_healed":0,"gold_gain":0,"player_choice":"Read","damage_taken":0,"max_hp_gain":0,"max_hp_loss":0,"event_name":"The Library","floor":21,"gold_loss":0,"cards_obtained":["Slimebound:SpikyOuterGoop"]},{"damage_healed":0,"gold_gain":0,"player_choice":"Fought Bandits","damage_taken":0,"max_hp_gain":0,"max_hp_loss":0,"event_name":"Masked Bandits","floor":26,"gold_loss":0}],"is_beta":false,"boss_relics":[{"not_picked":["Runic Dome","Fusion Hammer"],"picked":"Runic Pyramid"},{"not_picked":["SacredBark","Pandora\u0027s Box"],"picked":"SlaversCollar"}],"items_purged_floors":[38],"is_endless":false,"potions_floor_spawned":[13,14,16,20,25,28,33,36,43,45,48,49],"ascension_level":0}}