{"host":"xodzlm10r37577ou","time":1608354949,"event":{"mods":["Act Like it!","BaseMod","Gensokyo","Koishi","KomeijiMod","Marisa£®ÏF”Í°°ƒß¿Ì…≥£©","Minty Spire (QoL Compilation)","Reimu£®≤©¿ˆ¡È√Œ£©","Remilia£®¿Ÿ√◊¿Ú—«£©","Replay The Spire","StSLib","The Administrix","The Servant 0.9.4","Youmu£®ªÍ∆«—˝√Œ£©"],"gold_per_floor":[119,119,44,44,44,79,92,127,127,154,154,154,154,170,170,170,170],"floor_reached":16,"playtime":573,"items_purged":["Koishi:BasicDefend"],"score":169,"play_id":"7cdefd9e-5cba-4bbb-998c-ebffe6705f14","local_time":"20201219131549","is_ascension_mode":true,"campfire_choices":[{"data":"Koishi:SubconsciousSweep","floor":11,"key":"SMITH"},{"data":"Koishi:PerfectMindControl","floor":13,"key":"SMITH"},{"data":"Koishi:HauntingSlash","floor":15,"key":"SMITH"}],"circlet_count":0,"master_deck":["Koishi:BasicStrike","Koishi:BasicStrike","Koishi:BasicStrike","Koishi:BasicStrike","Koishi:BasicDefend","Koishi:BasicDefend","Koishi:Provoke","Koishi:HauntingSlash+1","Koishi:SubconsciousSweep+1","Koishi:MindStellarRelief","Koishi:PerfectMindControl+1","Koishi:Prune"],"relics":["Koishi:ImaginaryFriend","NeowsBlessing","Singing Bowl","Darkstone Periapt","Gambling Chip","Quantum Egg","Sundial","Golden Idol"],"acts_visited":["Exordium"],"potions_floor_usage":[10],"damage_taken":[{"damage":0,"enemies":"2 Louse","floor":1,"turns":1},{"damage":0,"enemies":"3 Sentries","floor":6,"turns":2},{"damage":0,"enemies":"Small Slimes","floor":7,"turns":1},{"damage":22,"enemies":"Lagavulin","floor":8,"turns":7},{"damage":10,"enemies":"Gremlin Nob","floor":10,"turns":3},{"damage":4,"enemies":"Jaw Worm","floor":14,"turns":2},{"damage":27,"enemies":"Fading Forest","floor":16,"turns":7}],"seed_played":"4765194744489729307","potions_obtained":[{"floor":6,"key":"FairyPotion"},{"floor":8,"key":"AttackPotion"}],"is_trial":false,"path_per_floor":["M","?","$","?","T","E","M","E","T","E","R","?","R","M","R","B"],"character_chosen":"KOISHI","items_purchased":[],"campfire_rested":0,"item_purchase_floors":[],"current_hp_per_floor":[60,53,53,58,58,58,60,43,43,38,38,38,38,35,35,18,18],"gold":170,"neow_bonus":"THREE_ENEMY_KILL","is_daily":false,"chose_seed":false,"campfire_upgraded":3,"win_rate":0.0,"timestamp":1608354949,"path_taken":["M","?","$","?","?","E","?","E","T","E","R","?","R","M","R","BOSS"],"items_purchased_type":[],"build_version":"2020-12-13","purchased_purges":1,"victory":false,"max_hp_per_floor":[60,60,60,65,65,65,67,69,69,69,69,64,64,64,64,64,64],"card_choices":[{"not_picked":["Koishi:UnconsciousUprising","Koishi:RacingHeart"],"picked":"Koishi:SubconsciousSweep","floor":1},{"not_picked":["Koishi:SpiritedAway","Koishi:GeneticsOfTheUnconscious"],"picked":"Koishi:MindStellarRelief","floor":6},{"not_picked":["Koishi:FidgetySnatcher","Koishi:EmbryosDream","Koishi:DreadfulBlow"],"picked":"Singing Bowl","floor":7},{"not_picked":["Koishi:Prune","Koishi:BloodcurdlingScream","Koishi:EmbryosDream"],"picked":"Singing Bowl","floor":8},{"not_picked":["Koishi:MindNumbingTerror","Koishi:ReflexRadar"],"picked":"Koishi:PerfectMindControl","floor":10},{"not_picked":["Koishi:Bloodlust","Koishi:SubterraneanRose"],"picked":"Koishi:Prune","floor":14}],"player_experience":908750,"relics_obtained":[{"floor":5,"key":"Singing Bowl"},{"floor":6,"key":"Darkstone Periapt"},{"floor":8,"key":"Gambling Chip"},{"floor":9,"key":"Quantum Egg"},{"floor":10,"key":"Sundial"}],"event_choices":[{"cards_removed":["Koishi:BasicDefend"],"damage_healed":0,"gold_gain":0,"player_choice":"Card Removal","damage_taken":7,"max_hp_gain":0,"max_hp_loss":0,"event_name":"Golden Wing","floor":2,"gold_loss":0},{"damage_healed":0,"gold_gain":0,"player_choice":"Donut","damage_taken":0,"max_hp_gain":5,"max_hp_loss":0,"event_name":"Big Fish","floor":4,"gold_loss":0},{"damage_healed":0,"gold_gain":0,"player_choice":"Lose Max HP","damage_taken":0,"relics_obtained":["Golden Idol"],"max_hp_gain":0,"max_hp_loss":5,"event_name":"Golden Idol","floor":12,"gold_loss":0}],"is_beta":false,"boss_relics":[],"items_purged_floors":[3],"is_endless":false,"potions_floor_spawned":[6,8],"killed_by":"Fading Forest","ascension_level":4}}