{"host":"2k96kai96havp3pq","time":1608338867,"event":{"mods":["BaseMod","Colored Map","Colored Powertips","Downfall","Hermit","Minty Spire (QoL Compilation)","Relic Stats","Replay The Spire","StSLib","The Cursed","The Hierophant","The Servant 0.9.4"],"gold_per_floor":[13,13,188,199,44,74,74,74,74,94,105,116,130,150,248,350,350,362,168,178,193,213,213,213],"floor_reached":23,"playtime":1308,"items_purged":["Doubt"],"score":197,"play_id":"c9f9f6c3-bdae-48ee-8646-41aa08deec47","local_time":"20201218184747","is_ascension_mode":false,"campfire_choices":[],"circlet_count":0,"master_deck":["Strike_R","Strike_R","Strike_R","Strike_R","Strike_R","Defend_R","Defend_R","Defend_R","Bash","Spot Weakness+1","Anger","Cleave","Headbutt","Cleave","Clothesline","Demon Form","Second Wind+1","Fire Breathing+1","Sentinel+1","Spot Weakness","expansioncontent:TimeRipple","Feel No Pain","Havoc","True Grit","Wild Strike","Armaments","Metallicize","Flex+1"],"relics":["Burning Blood","Replay:Multitool","Sling","Akabeko","Bronze Scales","Astrolabe","BargainBundle"],"acts_visited":["Exordium","TheCity"],"potions_floor_usage":[13,16,22,23,23],"damage_taken":[{"damage":7,"enemies":"Small Slimes","floor":1,"turns":5},{"damage":4,"enemies":"Jaw Worm","floor":4,"turns":4},{"damage":24,"enemies":"Gremlin Nob","floor":6,"turns":4},{"damage":0,"enemies":"2 Louse","floor":10,"turns":2},{"damage":10,"enemies":"Looter","floor":11,"turns":2},{"damage":9,"enemies":"Large Slime","floor":12,"turns":3},{"damage":0,"enemies":"2 Fungi Beasts","floor":13,"turns":2},{"damage":12,"enemies":"Blue Slaver","floor":14,"turns":3},{"damage":34,"enemies":"Fading Forest","floor":16,"turns":11},{"damage":10,"enemies":"Chosen","floor":18,"turns":4},{"damage":23,"enemies":"2 Thieves","floor":20,"turns":3},{"damage":35,"enemies":"Snecko","floor":21,"turns":6},{"damage":29,"enemies":"Sentry and Sphere","floor":22,"turns":6},{"damage":0,"enemies":"Gremlin Leader","floor":23,"turns":2}],"seed_played":"8308873426952797490","potions_obtained":[{"floor":4,"key":"Dexterity Potion"},{"floor":8,"key":"champ:CounterPotion"},{"floor":8,"key":"Explosive Potion"},{"floor":13,"key":"Guardian:BlockOnCardUsePotion"},{"floor":14,"key":"DuplicationPotion"},{"floor":16,"key":"sneckomod:MuddlingPotion"},{"floor":18,"key":"SpeedPotion"}],"is_trial":false,"path_per_floor":["M","?","?","M","$","E","?","R","T","M","M","M","M","M","R","B",null,"M","$","M","M","M","E"],"character_chosen":"IRONCLAD","items_purchased":["Sling","BargainBundle","expansioncontent:TimeRipple","Feel No Pain","Havoc","True Grit","Wild Strike"],"campfire_rested":0,"item_purchase_floors":[5,19,19,19,19,19,19],"current_hp_per_floor":[79,79,79,80,80,62,62,62,62,68,64,61,67,61,61,45,80,76,76,59,30,7,7,7],"gold":213,"neow_bonus":"ONE_RARE_RELIC","is_daily":false,"chose_seed":false,"campfire_upgraded":0,"win_rate":0.0,"timestamp":1608338867,"path_taken":["M","?","?","M","$","E","?","R","T","M","M","M","M","M","R","BOSS","M","$","M","M","M","E"],"items_purchased_type":["Relic","Relic","Card","Card","Card","Card","Card"],"build_version":"2020-12-13","purchased_purges":1,"victory":false,"max_hp_per_floor":[80,80,80,80,80,80,80,80,80,80,80,80,80,80,80,80,80,80,80,80,80,80,80,80],"relic_stats":{"counters":[14,57],"Bronze Scales":[68],"Astrolabe":["Second Wind","Fire Breathing","Sentinel"],"obtain_stats":[{"BargainBundle":19,"Bronze Scales":9,"Astrolabe":17,"Replay:Multitool":0,"Sling":5,"Burning Blood":0,"Akabeko":6},{"BargainBundle":10,"Bronze Scales":3,"Astrolabe":9,"Replay:Multitool":0,"Sling":2,"Burning Blood":0,"Akabeko":3},{"BargainBundle":40,"Bronze Scales":13,"Astrolabe":36,"Replay:Multitool":0,"Sling":9,"Burning Blood":0,"Akabeko":13}],"Burning Blood":77},"card_choices":[{"not_picked":["Flex","Perfected Strike"],"picked":"Spot Weakness","floor":1},{"not_picked":["Warcry","ReplayTheSpireMod:Strike From Hell"],"picked":"Armaments","floor":4},{"not_picked":["Fire Breathing","ReplayTheSpireMod:Muscle Training"],"picked":"Anger","floor":6},{"not_picked":["Disarm","Hemokinesis"],"picked":"Cleave","floor":10},{"not_picked":["Second Wind","Cleave"],"picked":"Headbutt","floor":11},{"not_picked":["ReplayTheSpireMod:Muscle Training","ReplayTheSpireMod:Strike From Hell"],"picked":"Searing Blow","floor":12},{"not_picked":["Replay:Undeath\u0027s Touch","Armaments"],"picked":"Cleave","floor":13},{"not_picked":["True Grit","Seeing Red"],"picked":"Clothesline","floor":14},{"not_picked":["Immolate","Berserk"],"picked":"Demon Form","floor":16},{"not_picked":["Havoc","Shockwave+1"],"picked":"Spot Weakness","floor":18},{"not_picked":["Feel No Pain+1","Havoc+1"],"picked":"Armaments","floor":20},{"not_picked":["Sword Boomerang","Battle Trance"],"picked":"Metallicize","floor":21},{"not_picked":["Burning Pact","Wild Strike+1"],"picked":"Flex+1","floor":22}],"player_experience":354239,"relics_obtained":[{"floor":6,"key":"Akabeko"},{"floor":9,"key":"Bronze Scales"}],"event_choices":[{"damage_healed":0,"gold_gain":0,"player_choice":"Grow","damage_taken":0,"max_hp_gain":0,"max_hp_loss":0,"event_name":"Living Wall","floor":2,"gold_loss":0,"cards_upgraded":["Spot Weakness"]},{"damage_healed":0,"gold_gain":175,"player_choice":"AGREE","damage_taken":0,"max_hp_gain":0,"max_hp_loss":0,"event_name":"Liars Game","floor":3,"gold_loss":0,"cards_obtained":["Doubt"]},{"damage_healed":0,"gold_gain":0,"player_choice":"Leave","damage_taken":0,"max_hp_gain":0,"max_hp_loss":0,"event_name":"The Cleric","floor":7,"gold_loss":0}],"is_beta":false,"boss_relics":[{"not_picked":["Replay:Drink Me","Coffee Dripper"],"picked":"Astrolabe"}],"items_purged_floors":[19],"is_endless":false,"potions_floor_spawned":[4,13,14,16,18,21],"killed_by":"Gremlin Leader","ascension_level":0}}