{"host":"naykp6d9ulahlwib","time":1608341437,"event":{"mods":["BaseMod","Highlight Path","Minty Spire (QoL Compilation)","Shop Mod","StSLib"],"gold_per_floor":[363,363,380,395,395,395,413,413,413,427,427,119,131,142,142,244,244,257,257,139,153,153,153,169,186,186,186,198,21,41,41,41,41,41],"floor_reached":33,"playtime":2910,"items_purged":["Defend_B","Defend_B","Strike_B"],"score":386,"play_id":"6b497023-26f6-4e13-81d1-3cc6161a0d65","local_time":"20201218193037","is_ascension_mode":true,"campfire_choices":[{"data":"Go for the Eyes","floor":6.0,"key":"SMITH"},{"data":"Zap","floor":8.0,"key":"SMITH"},{"data":"Dualcast","floor":15.0,"key":"SMITH"},{"data":"Buffer","floor":23.0,"key":"SMITH"},{"floor":32,"key":"REST"}],"circlet_count":0,"master_deck":["AscendersBane","Strike_B","Defend_B","Defend_B","Zap+1","Dualcast+1","Genetic Algorithm","All For One","Swift Strike","Go for the Eyes+1","BootSequence","Leap","Gash","Buffer+1","Leap","Gash","Self Repair","BootSequence","Finesse","Rebound"],"relics":["Cracked Core","The Courier","Torii","Nuclear Battery","Blue Candle","Enchiridion","Bottled Tornado","Unceasing Top"],"acts_visited":["Exordium","TheCity"],"potions_floor_usage":[33],"damage_taken":[{"damage":7.0,"enemies":"Jaw Worm","floor":1.0,"turns":3.0},{"damage":0.0,"enemies":"Cultist","floor":3.0,"turns":4.0},{"damage":0.0,"enemies":"Small Slimes","floor":4.0,"turns":3.0},{"damage":12.0,"enemies":"3 Louse","floor":7.0,"turns":3.0},{"damage":1.0,"enemies":"Exordium Wildlife","floor":10.0,"turns":3.0},{"damage":0.0,"enemies":"Exordium Thugs","floor":13.0,"turns":3.0},{"damage":2.0,"enemies":"Gremlin Gang","floor":14.0,"turns":3.0},{"damage":3.0,"enemies":"Hexaghost","floor":16.0,"turns":8.0},{"damage":9.0,"enemies":"Chosen","floor":18.0,"turns":6.0},{"damage":1.0,"enemies":"Spheric Guardian","floor":21.0,"turns":4.0},{"damage":0.0,"enemies":"3 Cultists","floor":24.0,"turns":5.0},{"damage":2.0,"enemies":"Centurion and Healer","floor":25.0,"turns":6.0},{"damage":31.0,"enemies":"Chosen and Byrds","floor":28.0,"turns":9.0},{"damage":0.0,"enemies":"Shelled Parasite and Fungi","floor":30.0,"turns":5.0},{"damage":61,"enemies":"Collector","floor":33,"turns":11}],"seed_played":"8711346853381379246","potions_obtained":[{"floor":1.0,"key":"AttackPotion"},{"floor":4.0,"key":"AttackPotion"},{"floor":14.0,"key":"SpeedPotion"},{"floor":18.0,"key":"Swift Potion"},{"floor":25.0,"key":"FocusPotion"},{"floor":30.0,"key":"DuplicationPotion"}],"is_trial":false,"path_per_floor":["M","?","M","M","?","R","M","R","T","M","?","$","M","M","R","B",null,"M","T","$","M","?","R","M","M","T","?","M","$","M","?","R","B"],"character_chosen":"DEFECT","items_purchased":["Torii","Gash","Finesse"],"campfire_rested":1,"item_purchase_floors":[12,20,29],"current_hp_per_floor":[61,61,61,61,61,61,49,49,49,48,48,48,48,46,46,43,62,53,53,53,52,36,36,36,41,41,41,17,17,24,24,44,0,0],"gold":41,"neow_bonus":"TWO_FIFTY_GOLD","is_daily":false,"chose_seed":false,"campfire_upgraded":4,"win_rate":0.0,"timestamp":1608341437,"path_taken":["M","?","M","?","?","R","M","R","T","M","?","$","M","?","R","BOSS","M","?","$","M","?","R","M","M","T","?","?","$","M","?","R","BOSS"],"items_purchased_type":["Relic","Card","Card"],"build_version":"2020-12-13","purchased_purges":3,"victory":false,"max_hp_per_floor":[68,68,68,68,68,68,68,68,68,68,68,68,68,68,68,68,68,68,68,68,68,68,68,68,68,68,68,68,68,68,68,68,68,68],"card_choices":[{"not_picked":["Turbo","Compile Driver"],"picked":"Genetic Algorithm","floor":1.0},{"not_picked":["Steam","Rebound","Chaos"],"picked":"SKIP","floor":3.0},{"not_picked":["Fusion","Chill"],"picked":"Go for the Eyes","floor":4.0},{"not_picked":["Coolheaded","Compile Driver"],"picked":"BootSequence","floor":7.0},{"not_picked":["Cold Snap","Hello World"],"picked":"Leap","floor":10.0},{"not_picked":["Barrage","Doom and Gloom"],"picked":"Gash","floor":13.0},{"not_picked":["Hologram","Turbo","Stack"],"picked":"SKIP","floor":14.0},{"not_picked":["Biased Cognition","Multi-Cast"],"picked":"Buffer","floor":16.0},{"not_picked":["Rip and Tear","Stack"],"picked":"Leap","floor":18.0},{"not_picked":["Capacitor","Melter","Streamline"],"picked":"SKIP","floor":21.0},{"not_picked":["Steam","Melter"],"picked":"Self Repair","floor":24.0},{"not_picked":["Steam","Ball Lightning"],"picked":"BootSequence","floor":25.0},{"not_picked":["Darkness","Blizzard","Stack"],"picked":"SKIP","floor":28.0},{"not_picked":["Static Discharge","Cold Snap+1"],"picked":"Rebound","floor":30.0}],"player_experience":823053,"relics_obtained":[{"floor":9.0,"key":"The Courier"},{"floor":19.0,"key":"Blue Candle"},{"floor":22.0,"key":"Enchiridion"},{"floor":26.0,"key":"Bottled Tornado"},{"floor":27.0,"key":"Unceasing Top"}],"event_choices":[{"damage_healed":0.0,"max_hp_gain":0.0,"max_hp_loss":0.0,"gold_gain":0.0,"event_name":"Match and Keep!","player_choice":"2 cards matched","floor":2.0,"gold_loss":0.0,"damage_taken":0.0,"cards_obtained":["All For One","Swift Strike"]},{"cards_removed":["Strike_B"],"damage_healed":0.0,"max_hp_gain":0.0,"max_hp_loss":0.0,"gold_gain":0.0,"event_name":"Living Wall","player_choice":"Forget","floor":5.0,"gold_loss":0.0,"damage_taken":0.0},{"cards_removed":["Strike_B"],"damage_healed":0.0,"max_hp_gain":0.0,"max_hp_loss":0.0,"gold_gain":0.0,"event_name":"Bonfire Elementals","player_choice":"Offered Basic","floor":11.0,"gold_loss":0.0,"damage_taken":0.0},{"damage_healed":0.0,"max_hp_gain":0.0,"max_hp_loss":0.0,"gold_gain":0.0,"event_name":"Cursed Tome","player_choice":"Obtained Book","floor":22.0,"gold_loss":0.0,"damage_taken":16.0},{"damage_healed":0.0,"max_hp_gain":0.0,"max_hp_loss":0.0,"gold_gain":0.0,"event_name":"Wheel of Change","player_choice":"Relic","floor":27.0,"gold_loss":0.0,"damage_taken":0.0}],"is_beta":false,"boss_relics":[{"not_picked":["Inserter","Astrolabe"],"picked":"Nuclear Battery"}],"items_purged_floors":[12,20,29],"is_endless":false,"potions_floor_spawned":[1,4,14,18,25,30],"killed_by":"Collector","ascension_level":12}}