{"host":"no0bdlpxzp7bzzks","time":1608420979,"event":{"mods":["BaseMod","Better Match","Block Reminder","Colored Map","Curses Come First","DeckTracker","Downfall","Duelist Mod","Filter the Spire","Highlight Path","Jorbs\u0027s Wanderer Trilogy","Key Reminder","Mad Scientist","Minty Spire (QoL Compilation)","Permanent Neow","Relic Sorter","Relic Stats","StSLib","The Construct"],"gold_per_floor":[113,129,129,129,54,81,81,109,109,121,139,152,175,194,194,297,297,316,316,331,342,115,144,144,179,244,256,368,380,392,404,416,428,428],"floor_reached":33,"playtime":3817,"items_purged":[],"score":368,"play_id":"8d7c4c78-573f-402c-927e-afa449c8f4e8","local_time":"20201219173619","is_ascension_mode":false,"campfire_choices":[{"data":"stsjorbsmod:FindFamiliar","floor":7,"key":"SMITH"},{"data":"stsjorbsmod:Channel","floor":15,"key":"SMITH"},{"floor":24,"key":"RECALL"},{"data":"stsjorbsmod:Channel","floor":27,"key":"SMITH"},{"data":"stsjorbsmod:MagicMirror","floor":32,"key":"SMITH"}],"circlet_count":0,"master_deck":["stsjorbsmod:ForbiddenGrimoire+1","stsjorbsmod:Strike_Wanderer+1","stsjorbsmod:Defend_Wanderer+1","stsjorbsmod:FreshAdventure","stsjorbsmod:EyeOfTheStorm","stsjorbsmod:Index+1","stsjorbsmod:Thorns","stsjorbsmod:FindFamiliar+1","stsjorbsmod:Rediscovery","stsjorbsmod:MagicMissiles","stsjorbsmod:FracturedMind","stsjorbsmod:Channel+1","stsjorbsmod:ColorSpray","stsjorbsmod:Feast","stsjorbsmod:Trauma","stsjorbsmod:Hibernate+1","stsjorbsmod:MagicMissiles+1","stsjorbsmod:ColorSpray+1","stsjorbsmod:FracturedMind","stsjorbsmod:WanderingMind","stsjorbsmod:TinyHut","stsjorbsmod:TrueStrike","stsjorbsmod:MageArmor","stsjorbsmod:Introspection","stsjorbsmod:MagicMirror+1","stsjorbsmod:Channel+1","stsjorbsmod:Aid+1"],"relics":["stsjorbsmod:GrimoireRelic","Mercury Hourglass","Ancient Tea Set","Toy Ornithopter","Odd Mushroom","Astrolabe","Orrery","Centennial Puzzle","keyreminder:keyreminder","MawBank","Juzu Bracelet","Incense Burner","Pantograph"],"acts_visited":["Exordium","TheCity"],"potions_floor_usage":[12,13,28,28],"damage_taken":[{"damage":0.0,"enemies":"Jaw Worm","floor":1.0,"turns":3.0},{"damage":0.0,"enemies":"Small Slimes","floor":2.0,"turns":3.0},{"damage":29,"enemies":"Gremlin Nob","floor":6,"turns":5},{"damage":16,"enemies":"3 Sentries","floor":8,"turns":5},{"damage":0,"enemies":"2 Louse","floor":10,"turns":2},{"damage":11,"enemies":"Blue Slaver","floor":11,"turns":4},{"damage":6,"enemies":"Large Slime","floor":12,"turns":5},{"damage":0,"enemies":"The Mushroom Lair","floor":13,"turns":2},{"damage":2,"enemies":"Looter","floor":14,"turns":3},{"damage":17,"enemies":"Hexaghost","floor":16,"turns":7},{"damage":14,"enemies":"2 Thieves","floor":18,"turns":3},{"damage":15,"enemies":"Spheric Guardian","floor":20,"turns":4},{"damage":9,"enemies":"Shelled Parasite and Fungi","floor":21,"turns":4},{"damage":10,"enemies":"Slavers","floor":23,"turns":4},{"damage":1,"enemies":"Gremlin Leader","floor":25,"turns":4},{"damage":20,"enemies":"Colosseum Slavers","floor":28,"turns":2},{"damage":17,"enemies":"Colosseum Nobs","floor":28,"turns":4},{"damage":55,"enemies":"Automaton","floor":33,"turns":7}],"seed_played":"-5275834910398926307","potions_obtained":[{"floor":6,"key":"stsjorbsmod:BurningPotion"},{"floor":8,"key":"Block Potion"},{"floor":11,"key":"Explosive Potion"},{"floor":13,"key":"champ:CounterPotion"},{"floor":16,"key":"BlessingOfTheForge"},{"floor":25,"key":"Energy Potion"},{"floor":28,"key":"GamblersBrew"}],"is_trial":false,"path_per_floor":["M","M","?","?","$","E","R","E","T","M","M","M","?","M","R","B",null,"M","?","M","M","$","E","R","E","T","R","?","$","?","$","R","B"],"character_chosen":"WANDERER","items_purchased":["stsjorbsmod:FindFamiliar","stsjorbsmod:TinyHut","stsjorbsmod:TrueStrike","Orrery"],"campfire_rested":0,"item_purchase_floors":[5,22,22,22],"current_hp_per_floor":[64,64,69,55,55,29,29,16,16,18,9,16,21,21,21,4,73,59,59,51,42,42,32,32,33,33,33,11,11,11,11,11,0,0],"gold":428,"neow_bonus":"REMOVE_TWO","is_daily":false,"chose_seed":false,"campfire_upgraded":4,"win_rate":0.0,"timestamp":1608420979,"path_taken":["M","M","?","?","?","E","R","E","T","M","M","M","?","M","R","BOSS","M","?","M","M","$","E","R","E","T","R","?","$","?","?","R","BOSS"],"items_purchased_type":["Card","Card","Card","Relic"],"build_version":"2020-12-13","purchased_purges":0,"victory":false,"max_hp_per_floor":[64,64,69,69,69,69,69,69,69,69,69,73,73,73,73,73,73,73,73,75,75,75,75,75,75,75,75,75,75,75,75,75,75,75],"relic_stats":{"Centennial Puzzle":[12],"counters":[18,70],"Astrolabe":["stsjorbsmod:Hibernate","stsjorbsmod:MagicMissiles","stsjorbsmod:ColorSpray"],"Pantograph":25,"Juzu Bracelet":0,"MawBank":96,"obtain_stats":[{"Astrolabe":17,"stsjorbsmod:GrimoireRelic":0,"Juzu Bracelet":26,"Incense Burner":28,"Odd Mushroom":13,"Ancient Tea Set":8,"MawBank":25,"Mercury Hourglass":6,"keyreminder:keyreminder":24,"Centennial Puzzle":23,"Pantograph":28,"Orrery":22,"Toy Ornithopter":9},{"Astrolabe":10,"stsjorbsmod:GrimoireRelic":0,"Juzu Bracelet":15,"Incense Burner":17,"Odd Mushroom":8,"Ancient Tea Set":4,"MawBank":15,"Mercury Hourglass":3,"keyreminder:keyreminder":14,"Centennial Puzzle":14,"Pantograph":17,"Orrery":13,"Toy Ornithopter":4},{"Astrolabe":38,"stsjorbsmod:GrimoireRelic":0,"Juzu Bracelet":57,"Incense Burner":63,"Odd Mushroom":28,"Ancient Tea Set":16,"MawBank":57,"Mercury Hourglass":11,"keyreminder:keyreminder":53,"Centennial Puzzle":53,"Pantograph":63,"Orrery":49,"Toy Ornithopter":16}],"Toy Ornithopter":20,"Mercury Hourglass":[273]},"card_choices":[{"not_picked":["stsjorbsmod:ParryingBlow","stsjorbsmod:UnseenServant"],"picked":"stsjorbsmod:Index","floor":1.0},{"not_picked":["stsjorbsmod:AnimateObjects","stsjorbsmod:Materialize"],"picked":"stsjorbsmod:Thorns","floor":2.0},{"not_picked":["stsjorbsmod:OldPocket","stsjorbsmod:Mania"],"picked":"stsjorbsmod:Rediscovery","floor":6},{"not_picked":["stsjorbsmod:BookOfTongues","stsjorbsmod:Hurt"],"picked":"stsjorbsmod:MagicMissiles","floor":8},{"not_picked":["stsjorbsmod:ParryingBlow","stsjorbsmod:Firebolt"],"picked":"stsjorbsmod:FracturedMind","floor":10},{"not_picked":["stsjorbsmod:Firebolt","stsjorbsmod:Counterspell"],"picked":"stsjorbsmod:Channel","floor":11},{"not_picked":["stsjorbsmod:Hibernate","stsjorbsmod:FracturedMind"],"picked":"stsjorbsmod:ColorSpray","floor":12},{"not_picked":["stsjorbsmod:ChatteringStrike","stsjorbsmod:Hurt"],"picked":"stsjorbsmod:Feast","floor":13},{"not_picked":["stsjorbsmod:DisguiseSelf","stsjorbsmod:Thorns","stsjorbsmod:WeightOfMemory"],"picked":"SKIP","floor":14},{"not_picked":["stsjorbsmod:CorrodingBarrier","stsjorbsmod:ThirstingSword"],"picked":"stsjorbsmod:Trauma","floor":16},{"not_picked":["stsjorbsmod:Will","stsjorbsmod:BurningFlask"],"picked":"stsjorbsmod:FracturedMind","floor":18},{"not_picked":["stsjorbsmod:Mania","stsjorbsmod:Will"],"picked":"stsjorbsmod:WanderingMind","floor":20},{"not_picked":["stsjorbsmod:FindFamiliar+1","stsjorbsmod:DisguiseSelf","stsjorbsmod:SmithingStrike"],"picked":"SKIP","floor":21},{"not_picked":["stsjorbsmod:UnseenServant","stsjorbsmod:Message+1"],"picked":"stsjorbsmod:MageArmor","floor":22},{"not_picked":["stsjorbsmod:Message","stsjorbsmod:TrueStrike"],"picked":"stsjorbsmod:Introspection","floor":22},{"not_picked":["stsjorbsmod:ArcaneWeapon+1","stsjorbsmod:Rediscovery"],"picked":"stsjorbsmod:MagicMirror","floor":22},{"not_picked":["stsjorbsmod:WeightOfMemory","stsjorbsmod:Banish"],"picked":"stsjorbsmod:Channel","floor":22},{"not_picked":["stsjorbsmod:ChatteringStrike","stsjorbsmod:AnimateObjects","stsjorbsmod:BlackTentacles+1"],"picked":"SKIP","floor":23},{"not_picked":["stsjorbsmod:OldPocket+1","stsjorbsmod:Firebolt"],"picked":"stsjorbsmod:Aid+1","floor":25}],"player_experience":193288,"relics_obtained":[{"floor":6,"key":"Mercury Hourglass"},{"floor":8,"key":"Ancient Tea Set"},{"floor":9,"key":"Toy Ornithopter"},{"floor":13,"key":"Odd Mushroom"},{"floor":23,"key":"Centennial Puzzle"},{"floor":25,"key":"MawBank"},{"floor":26,"key":"Juzu Bracelet"},{"floor":28,"key":"Incense Burner"},{"floor":28,"key":"Pantograph"}],"event_choices":[{"damage_healed":0.0,"max_hp_gain":5.0,"max_hp_loss":0.0,"gold_gain":0.0,"event_name":"Big Fish","player_choice":"Donut","floor":3.0,"gold_loss":0.0,"damage_taken":0.0},{"damage_healed":0.0,"max_hp_gain":0.0,"max_hp_loss":0.0,"gold_gain":0.0,"event_name":"Shining Light","player_choice":"Entered Light","floor":4.0,"gold_loss":0.0,"damage_taken":14.0,"cards_upgraded":["stsjorbsmod:Defend_Wanderer","stsjorbsmod:Strike_Wanderer"]},{"damage_healed":0,"gold_gain":0,"player_choice":"Fought Mushrooms","damage_taken":0,"max_hp_gain":0,"max_hp_loss":0,"event_name":"Mushrooms","floor":13,"gold_loss":0},{"damage_healed":0,"gold_gain":0,"player_choice":"Ignored","damage_taken":0,"max_hp_gain":0,"max_hp_loss":0,"event_name":"Vampires","floor":19,"gold_loss":0},{"damage_healed":0,"gold_gain":0,"player_choice":"Fight","damage_taken":0,"max_hp_gain":0,"max_hp_loss":0,"event_name":"Colosseum","floor":28,"gold_loss":0},{"damage_healed":0,"gold_gain":0,"player_choice":"Fought Nobs","damage_taken":0,"max_hp_gain":0,"max_hp_loss":0,"event_name":"Colosseum","floor":28,"gold_loss":0},{"cards_removed":["stsjorbsmod:Defend_Wanderer"],"damage_healed":0,"gold_gain":0,"player_choice":"Elegance","damage_taken":0,"max_hp_gain":0,"max_hp_loss":0,"event_name":"Back to Basics","floor":30,"gold_loss":0}],"is_beta":false,"boss_relics":[{"not_picked":["Black Star","Runic Pyramid"],"picked":"Astrolabe"}],"items_purged_floors":[],"is_endless":false,"potions_floor_spawned":[6,8,11,13,16,18,21,25,28],"killed_by":"Automaton","ascension_level":0}}