{"host":"kmq7aw60w430zvtx","time":1608405173,"event":{"mods":["BaseMod","Downfall","GifTheSpireLib","Hermit","Hubris","Minty Spire (QoL Compilation)","Replay The Spire","StSLib","The Construct","The Cursed","The Hierophant","The Jungle","The Necromancer","The Runesmith"],"gold_per_floor":[117,131,131,150,59,59,87,12,88,88,115,115,115,125,125,225,225,244,262,279,11,29,29,58,58,58,93,93,108,108,128,225,323,323,338,355,402,119,131,157,157,187,214,214,214],"floor_reached":44,"playtime":2250,"items_purged":["Strike_R","Defend_R"],"score":644,"play_id":"2f9b8728-1c24-4c73-8f5f-0933fecb5cd0","local_time":"20201219201253","is_ascension_mode":true,"campfire_choices":[{"data":"Combust","floor":6.0,"key":"SMITH"},{"floor":10.0,"key":"RECALL"},{"floor":15.0,"key":"REST"},{"data":"Metallicize","floor":23,"key":"SMITH"},{"data":"Infernal Blade","floor":28,"key":"SMITH"},{"data":"Metallicize","floor":30,"key":"SMITH"},{"floor":41,"key":"REST"}],"circlet_count":0,"master_deck":["Strike_R","Strike_R","Strike_R+1","Strike_R+1","Defend_R","Defend_R","Defend_R+1","Bash+1","Twin Strike","Combust+1","Replay:Undeath\u0027s Touch","expansioncontent:DonusPower","Metallicize+1","Armaments","Pommel Strike","Juggernaut+1","Infernal Blade+1","Double Tap+1","Run Through+1","Perfected Strike+1","Shrug It Off","Bandage Up","Metallicize+1","Pommel Strike","Perfected Strike+1","Clothesline","Infernal Blade+1","Armaments+1","Juggernaut","Warcry","ReplayTheSpireMod:Muscle Training+1","Twin Strike","Twin Strike","Intimidate+1","Juggernaut","Reckless Charge+1"],"relics":["Burning Blood","Bag of Preparation","hubris:OldNail","construct:RocketBooster","Ooze Armor","Lee\u0027s Waffle","Pen Nib","Runesmith:Nanobots","hubris:Reverence","hubris:ScarierMask","Counterbalance","Simple Rune","Quantum Egg","Boot","Smiling Mask"],"acts_visited":["Exordium","theJungle:Jungle","TheBeyond"],"potions_floor_usage":[20,24,31,33,33,40,42,44,44],"damage_taken":[{"damage":9.0,"enemies":"Jaw Worm","floor":1.0,"turns":3.0},{"damage":0.0,"enemies":"Small Slimes","floor":2.0,"turns":2.0},{"damage":2.0,"enemies":"Cultist","floor":4.0,"turns":3.0},{"damage":29.0,"enemies":"Gremlin Nob","floor":7.0,"turns":4.0},{"damage":25.0,"enemies":"3 Sentries","floor":11.0,"turns":6.0},{"damage":25.0,"enemies":"Gremlin Gang","floor":14.0,"turns":5.0},{"damage":21.0,"enemies":"Fading Forest","floor":16.0,"turns":11.0},{"damage":10.0,"enemies":"theJungle:GiantWrat","floor":18.0,"turns":3.0},{"damage":15,"enemies":"Shell Parasite","floor":19,"turns":4},{"damage":2,"enemies":"theJungle:JungleHuntersEncounter","floor":20,"turns":4},{"damage":28,"enemies":"theJungle:Snecko_Cultist_And_Trap","floor":22,"turns":5},{"damage":24,"enemies":"theJungle:Cassacara","floor":24,"turns":5},{"damage":8,"enemies":"theJungle:2_Phrogs","floor":27,"turns":6},{"damage":0,"enemies":"Snake Plant","floor":29,"turns":2},{"damage":2,"enemies":"theJungle:JungleHuntersEncounter","floor":31,"turns":3},{"damage":70,"enemies":"theJungle:TotemBoss","floor":33,"turns":8},{"damage":4,"enemies":"3 Shapes","floor":35,"turns":3},{"damage":9,"enemies":"Orb Walker","floor":36,"turns":3},{"damage":5,"enemies":"2 Orb Walkers","floor":37,"turns":3},{"damage":19,"enemies":"4 Shapes","floor":39,"turns":3},{"damage":60,"enemies":"Reptomancer","floor":40,"turns":4},{"damage":22,"enemies":"Nemesis","floor":42,"turns":7},{"damage":49,"enemies":"Reptomancer","floor":44,"turns":3}],"seed_played":"-5644649195906806009","potions_obtained":[{"floor":4.0,"key":"HeartOfIron"},{"floor":7.0,"key":"SteroidPotion"},{"floor":11.0,"key":"champ:CounterPotion"},{"floor":19,"key":"Swift Potion"},{"floor":22,"key":"SpeedPotion"},{"floor":24,"key":"Adrenaline Potion"},{"floor":33,"key":"Explosive Potion"},{"floor":35,"key":"Energy Potion"},{"floor":36,"key":"Energy Potion"},{"floor":40,"key":"DistilledChaos"}],"is_trial":false,"path_per_floor":["M","M","?","M","$","R","E","$","T","R","E","?","?","M","R","B",null,"M","M","M","$","M","R","E","$","T","E","R","M","R","M","R","B",null,"M","M","?","$","M","E","R","E","T","E"],"character_chosen":"IRONCLAD","items_purchased":["expansioncontent:DonusPower","Bandage Up","Metallicize","Lee\u0027s Waffle","Twin Strike","Simple Rune"],"campfire_rested":2,"item_purchase_floors":[5,21,21,21,38,38],"current_hp_per_floor":[77,80,68,72,72,72,49,49,49,49,30,30,30,11,35,28,80,76,67,71,87,69,69,55,55,55,57,57,63,63,71,71,11,87,87,84,87,87,74,24,50,40,40,0,0],"gold":214,"neow_bonus":"UPGRADE_CARD","is_daily":false,"chose_seed":false,"campfire_upgraded":4,"win_rate":0.0,"timestamp":1608405173,"path_taken":["M","M","?","M","$","R","E","$","T","R","E","?","?","M","R","BOSS","M","M","M","$","?","R","E","$","T","E","R","M","R","M","R","BOSS","M","?","?","$","M","E","R","E","T","E"],"items_purchased_type":["Card","Card","Card","Relic","Card","Relic"],"build_version":"2020-12-13","purchased_purges":2,"victory":false,"max_hp_per_floor":[80,80,80,80,80,80,80,80,80,80,80,80,80,80,80,80,80,80,80,80,87,87,87,87,87,87,87,87,87,87,87,87,87,87,87,87,87,87,87,87,87,87,87,87,87],"card_choices":[{"not_picked":["Heavy Blade","Havoc"],"picked":"Twin Strike","floor":1.0},{"not_picked":["True Grit","Anger"],"picked":"Combust","floor":2.0},{"not_picked":["Havoc","True Grit"],"picked":"Replay:Undeath\u0027s Touch","floor":4.0},{"not_picked":["Sword Boomerang","Pommel Strike"],"picked":"Metallicize","floor":7.0},{"not_picked":["Run Through","Combust"],"picked":"Armaments","floor":11.0},{"not_picked":["Second Wind","Replay:Many Hands"],"picked":"Infernal Blade","floor":14.0},{"not_picked":["Corruption","Impervious"],"picked":"Double Tap","floor":16.0},{"not_picked":["Flex","Inflame"],"picked":"Run Through+1","floor":18},{"not_picked":["Hemokinesis","Bloodletting"],"picked":"Perfected Strike","floor":19},{"not_picked":["Hemokinesis","Entrench"],"picked":"Shrug It Off","floor":20},{"not_picked":["Clothesline","Hemokinesis"],"picked":"Pommel Strike","floor":22},{"not_picked":["ReplayTheSpireMod:Corrosion Curse","Corruption"],"picked":"Perfected Strike+1","floor":24},{"not_picked":["Demonic Infusion","Second Wind"],"picked":"Clothesline","floor":27},{"not_picked":["Pummel","Anger+1"],"picked":"Infernal Blade+1","floor":29},{"not_picked":["Headbutt","ReplayTheSpireMod:Strike From Hell"],"picked":"Armaments+1","floor":31},{"not_picked":["Replay:Many Hands","Eclipse"],"picked":"Juggernaut","floor":33},{"not_picked":["Power Through+1","Havoc","Heavy Blade+1"],"picked":"SKIP","floor":35},{"not_picked":["hubris:ReadiedAction+1","Cleave+1"],"picked":"Warcry","floor":36},{"not_picked":["Flex+1","hubris:ReadiedAction+1"],"picked":"ReplayTheSpireMod:Muscle Training+1","floor":37},{"not_picked":["Feel No Pain","Heavy Blade"],"picked":"Intimidate","floor":39},{"not_picked":["Replay:Undeath\u0027s Touch+1","Evolve"],"picked":"Juggernaut","floor":40},{"not_picked":["Sentinel","Massacre"],"picked":"Reckless Charge+1","floor":42}],"player_experience":239178,"relics_obtained":[{"floor":7.0,"key":"hubris:OldNail"},{"floor":11.0,"key":"construct:RocketBooster"},{"floor":24,"key":"Pen Nib"},{"floor":26,"key":"Runesmith:Nanobots"},{"floor":27,"key":"hubris:Reverence"},{"floor":37,"key":"Counterbalance"},{"floor":40,"key":"Quantum Egg"},{"floor":42,"key":"Boot"},{"floor":43,"key":"Smiling Mask"}],"event_choices":[{"damage_healed":0.0,"max_hp_gain":0.0,"max_hp_loss":0.0,"gold_gain":0.0,"event_name":"Scrap Ooze","player_choice":"Success","floor":3.0,"gold_loss":0.0,"damage_taken":12.0,"relics_obtained":["Bag of Preparation"]},{"damage_healed":0.0,"max_hp_gain":0.0,"max_hp_loss":0.0,"gold_gain":0.0,"event_name":"Match and Keep!","player_choice":"2 cards matched","floor":13.0,"gold_loss":0.0,"damage_taken":0.0,"cards_obtained":["Pommel Strike","Juggernaut"]},{"damage_healed":0,"gold_gain":0,"player_choice":"Fight","damage_taken":0,"max_hp_gain":0,"max_hp_loss":0,"event_name":"Mysterious Sphere","floor":37,"gold_loss":0}],"is_beta":false,"boss_relics":[{"not_picked":["Empty Cage","hubris:BlackHole"],"picked":"Ooze Armor"},{"not_picked":["SacredBark","Replay:Wanted Poster"],"picked":"hubris:ScarierMask"}],"items_purged_floors":[8,38],"is_endless":false,"potions_floor_spawned":[4,7,11,19,22,24,33,35,36,40],"killed_by":"Reptomancer","ascension_level":4}}