{"host":"hv0j318t350gu4p2","time":1608412923,"event":{"mods":["AchievementEnabler","BaseMod","BetterRewards","Card Forge","Clawfect","Colored Map","Colored Powertips","Colorless Booster Pack","Custom Start","Downfall","Googly Eyes","Hero for Fun","Highlight Path","Hubris","Lobotomy","Minty Spire (QoL Compilation)","Replay The Spire","Shop Mod","StSLib","Td1madao Mod","The Animator","The Jungle","The Necromancer","Transform Curses","egg","everything is the same but u backflip on backflip"],"gold_per_floor":[116,116,136,136,152,152,152,152],"floor_reached":7,"playtime":290,"items_purged":[],"score":45,"play_id":"109cc13e-fe2b-42e4-acea-107bb47b0d38","local_time":"20201219162203","is_ascension_mode":true,"campfire_choices":[{"floor":6,"key":"REST"}],"circlet_count":0,"master_deck":["Strike_R","Strike_R","Strike_R","Strike_R","Strike_R","Defend_R","Defend_R","Defend_R","Defend_R","Bash","Murderer","Flex","WallGazer","Replay:Undeath\u0027s Touch","GreedKing","OSAHOGD"],"relics":["Burning Blood","Hammer of Thor","Seething Fire","Anvil of the Gods","CogitoBucket","Pet Ghost"],"acts_visited":["Exordium"],"potions_floor_usage":[],"damage_taken":[{"damage":2,"enemies":"2 Louse","floor":1,"turns":4},{"damage":6,"enemies":"Cultist","floor":3,"turns":4},{"damage":17,"enemies":"Jaw Worm","floor":4,"turns":5},{"damage":34,"enemies":"Exordium Thugs","floor":5,"turns":6},{"damage":33,"enemies":"Lagavulin","floor":7,"turns":4}],"seed_played":"3579701483850959668","potions_obtained":[],"is_trial":false,"path_per_floor":["M","?","M","M","M","R","E"],"character_chosen":"IRONCLAD","items_purchased":[],"campfire_rested":1,"item_purchase_floors":[],"current_hp_per_floor":[80,80,80,69,41,65,32,32],"gold":152,"neow_bonus":"","is_daily":false,"chose_seed":false,"campfire_upgraded":0,"win_rate":0.0,"timestamp":1608412923,"path_taken":["M","?","M","M","M","R","E"],"items_purchased_type":[],"build_version":"2020-12-13","purchased_purges":0,"victory":false,"max_hp_per_floor":[80,80,80,80,80,80,80,80],"card_choices":[{"not_picked":["CherryBlossoms","Scorched"],"picked":"Murderer","floor":1},{"not_picked":["Flame Barrier","Replay:Undeath\u0027s Touch"],"picked":"Flex","floor":1},{"not_picked":["Rudolta","BeautyBeast"],"picked":"WallGazer","floor":3},{"not_picked":["Perfected Strike","Heavy Blade"],"picked":"Replay:Undeath\u0027s Touch","floor":3},{"not_picked":["PunishingBird","ShyLook"],"picked":"GreedKing","floor":4},{"not_picked":["Anger","Barricade","Carnage"],"picked":"SKIP","floor":4},{"not_picked":["MeatLantern","Variant"],"picked":"OSAHOGD","floor":5},{"not_picked":["Headbutt","Blood for Blood","ReplayTheSpireMod:Strike From Hell"],"picked":"SKIP","floor":5}],"player_experience":49661,"relics_obtained":[],"event_choices":[{"damage_healed":0,"gold_gain":0,"player_choice":"Box","damage_taken":0,"relics_obtained":["Pet Ghost"],"max_hp_gain":0,"max_hp_loss":0,"event_name":"Big Fish","floor":2,"gold_loss":0,"cards_obtained":["Regret"]}],"is_beta":false,"boss_relics":[],"items_purged_floors":[],"is_endless":false,"potions_floor_spawned":[],"killed_by":"Lagavulin","ascension_level":1}}