{"host":"pew4fjlaqz7m1maf","time":1608410313,"event":{"mods":["AchievementEnabler","Act Like it!","Bartender","BaseMod","Bestiary","Booster Modes","Colored Map","Colored Powertips","Curses Come First","DeckTracker","Duelist Mod","GifTheSpireLib","Hallownest","Hero for Fun","Hyrulean Relics","Jedi Mod","Kalas","LagranYue(ùfäiòNÅEåé)","Magitek Elite","MarisaÅiñ∂âJÅ@ñÇóùçπÅj","Melee Mod","Minty Spire (QoL Compilation)","Prisma Mod","Quick Restart","Random Character Button","Rare Cards Sparkle","Relic Stats","Replay The Spire","SOSÅiézîb?îVéqÅj","StSLib","Td1madao Mod","The Animator","The Bug Knight","The Mystic","The Senshi","The Servant 0.9.4","The Wild Card","TheHero","TheWitcher","Uncapped","Waifu the Spire","Åyå˜î\ModÅz?ñæìIç≈?Boss"],"gold_per_floor":[118,118,83,99,114,149,149,168,168,30,50,60,72,82,82,179,179,150,150,164,16,216,246,246,264,264,264,264,280,280,280,79,89,89,192,192,207,224,224,0,0,27,27,39,39,39,55,55,55,75,75,75,75,75,42,75,75],"floor_reached":58,"playtime":7236,"items_purged":["Tornado_Kick","Defend_Bartender"],"score":1283,"play_id":"169226ca-15fd-490d-89e4-3692466861ef","local_time":"20201219133833","is_ascension_mode":true,"campfire_choices":[{"floor":7.0,"key":"REST"},{"floor":15.0,"key":"REST"},{"floor":24.0,"key":"REST"},{"floor":30.0,"key":"REST"},{"floor":34.0,"key":"REST"},{"floor":43.0,"key":"REST"},{"data":"Torment","floor":46.0,"key":"SMITH"},{"data":"Apotheosis","floor":48.0,"key":"SMITH"},{"floor":51.0,"key":"RECALL"},{"data":"Defend_Bartender","floor":54.0,"key":"SMITH"}],"circlet_count":0,"master_deck":["Strike_Bartender","Strike_Bartender","Strike_Bartender","Strike_Bartender","Defend_Bartender+1","Defend_Bartender+1","Defend_Bartender+1","Somersault","Perfect_Balance","Stick_and_Move+1","Foot_Thrust","Blizzard_Spikes","Mirage","Greased_Lightning","Fading_Blow+1","Dancing_Jab+1","Coeurl_Form","Bouncer","Torment+1","Moonsault_Kick+1","CurseOfTheBell","Dragonkick+1","Glare+1","Well_Drinks","Fading_Blow+1","Center_Self+1","OpoOpo_Form","Bitters","Fading_Blow+1","Elbow_Slash+1","Cold_Blooded","Sucker_Punch+1","Madness","Madness","Apotheosis+1","Hook+1","PanicButton","Mind Blast+1","Jack Of All Trades","Raptor_Form","Free_Pour+1","Foot_Thrust+1","Alacrity","Elbow_Slash+1","Dragonkick+1","Dragonkick+1","Fading_Blow+1"],"relics":["Sneakers","LagranYue:RandomDrawCardRelic","NeowsBlessing","LagranYue:GuideDeadRelic","Molten Egg 2","Calling Bell","HornCleat","Pondfish Scales","Replay:Bottled Snecko","Golden_Hairpin","Dream Catcher","White_Cape","Lizard Tail","Bottled Flame"],"acts_visited":["Exordium","TheCity","TheBeyond","TheEnding"],"potions_floor_usage":[57],"damage_taken":[{"damage":0.0,"enemies":"Jaw Worm","floor":1.0,"turns":1.0},{"damage":0.0,"enemies":"2 Louse","floor":4.0,"turns":1.0},{"damage":0.0,"enemies":"Cultist","floor":5.0,"turns":1.0},{"damage":23.0,"enemies":"3 Sentries","floor":6.0,"turns":14.0},{"damage":0.0,"enemies":"Blue Slaver","floor":8.0,"turns":6.0},{"damage":0.0,"enemies":"Large Slime","floor":11.0,"turns":7.0},{"damage":6.0,"enemies":"Lots of Slimes","floor":12.0,"turns":6.0},{"damage":0.0,"enemies":"Looter","floor":13.0,"turns":4.0},{"damage":11.0,"enemies":"Exordium Thugs","floor":14.0,"turns":6.0},{"damage":20.0,"enemies":"Fading Forest","floor":16.0,"turns":11.0},{"damage":30.0,"enemies":"2 Thieves","floor":18.0,"turns":5.0},{"damage":13.0,"enemies":"Cultist and Chosen","floor":20.0,"turns":10.0},{"damage":0.0,"enemies":"HollowMod:Nosk","floor":23.0,"turns":18.0},{"damage":7.0,"enemies":"Shelled Parasite and Fungi","floor":25.0,"turns":7.0},{"damage":9.0,"enemies":"3 Cultists","floor":29.0,"turns":6.0},{"damage":0.0,"enemies":"Sentry and Sphere","floor":33.0,"turns":6.0},{"damage":2.0,"enemies":"Champ","floor":35.0,"turns":26.0},{"damage":3.0,"enemies":"3 Shapes","floor":37.0,"turns":5.0},{"damage":2.0,"enemies":"Orb Walker","floor":38.0,"turns":4.0},{"damage":0.0,"enemies":"Giant Head","floor":42.0,"turns":9.0},{"damage":1.0,"enemies":"Writhing Mass","floor":44.0,"turns":7.0},{"damage":2.0,"enemies":"Spire Growth","floor":47.0,"turns":4.0},{"damage":0.0,"enemies":"Transient","floor":50.0,"turns":5.0},{"damage":38.0,"enemies":"Donu and Deca","floor":52.0,"turns":15.0},{"damage":39.0,"enemies":"Shield and Spear","floor":56.0,"turns":10.0},{"damage":39,"enemies":"The Heart","floor":57,"turns":9}],"seed_played":"-5871102793870285629","potions_obtained":[{"floor":1.0,"key":"LiquidMemories"},{"floor":8.0,"key":"SteroidPotion"},{"floor":11.0,"key":"SteroidPotion"},{"floor":13.0,"key":"BlessingOfTheForge"},{"floor":16.0,"key":"Milkshake"},{"floor":20.0,"key":"Adrenaline Potion"},{"floor":25.0,"key":"SteroidPotion"},{"floor":29.0,"key":"jedi:tentaclejuice"},{"floor":33.0,"key":"SpeedPotion"},{"floor":44.0,"key":"SkillPotion"}],"is_trial":false,"path_per_floor":["M","?","?","M","M","E","R","M","T","$","M","M","M","M","R","B",null,"M","?","M","$","?","E","R","M","PTL","PTL","T","M","R","?","$","M","R","B",null,"M","M","?","$","?","E","R","M","T","R","M","R","T","M","R","B",null,"R","$","E","B",null],"character_chosen":"BARTENDER","items_purchased":["Mirage","Greased_Lightning","Fading_Blow+1","Well_Drinks","Bitters","Fading_Blow+1","Apotheosis","Hook+1","Dragonkick+1"],"campfire_rested":6,"item_purchase_floors":[10,10,10,21,32,32,40,40,55],"current_hp_per_floor":[70,56,70,70,70,47,68,68,68,68,68,62,62,51,70,50,70,40,40,27,27,27,27,48,41,41,41,41,32,53,53,53,53,70,68,70,67,65,56,56,46,46,67,66,66,66,64,64,64,64,64,26,70,70,70,31,35],"gold":75,"neow_bonus":"THREE_ENEMY_KILL","is_daily":false,"chose_seed":false,"campfire_upgraded":3,"win_rate":0.0,"timestamp":1608410313,"path_taken":["M","?","?","M","M","E","R","M","T","?","M","M","M","?","R","BOSS","M","?","M","$","?","E","R","?","PTL","PTL","T","M","R","?","$","M","R","BOSS","M","?","?","$","?","E","R","M","T","R","M","R","?","M","R","BOSS","R","$","E","BOSS"],"items_purchased_type":["Card","Card","Card","Card","Card","Card","Card","Card","Card"],"build_version":"2020-12-13","purchased_purges":2,"victory":true,"max_hp_per_floor":[70,70,70,70,70,70,70,70,70,70,70,70,70,70,70,70,70,70,70,70,70,70,70,70,70,70,70,70,70,70,70,70,70,70,70,70,70,70,70,70,70,70,70,70,70,70,70,70,70,70,70,70,70,70,70,70,70],"relic_stats":{"Dream Catcher":1,"Lizard Tail":35,"counters":[26,198],"obtain_stats":[{"Sneakers":0,"LagranYue:RandomDrawCardRelic":0,"NeowsBlessing":0,"LagranYue:GuideDeadRelic":6,"White_Cape":45,"Calling Bell":17,"Pondfish Scales":17,"Golden_Hairpin":36,"Dream Catcher":42,"Lizard Tail":49,"Bottled Flame":56,"HornCleat":17,"Molten Egg 2":9,"Replay:Bottled Snecko":23},{"Sneakers":0,"LagranYue:RandomDrawCardRelic":0,"NeowsBlessing":0,"LagranYue:GuideDeadRelic":4,"White_Cape":21,"Calling Bell":10,"Pondfish Scales":10,"Golden_Hairpin":17,"Dream Catcher":20,"Lizard Tail":22,"Bottled Flame":25,"HornCleat":10,"Molten Egg 2":5,"Replay:Bottled Snecko":13},{"Sneakers":0,"LagranYue:RandomDrawCardRelic":0,"NeowsBlessing":0,"LagranYue:GuideDeadRelic":17,"White_Cape":156,"Calling Bell":57,"Pondfish Scales":57,"Golden_Hairpin":132,"Dream Catcher":150,"Lizard Tail":160,"Bottled Flame":189,"HornCleat":57,"Molten Egg 2":23,"Replay:Bottled Snecko":90}]},"card_choices":[{"not_picked":["Bicycle_Kick","Dragonkick"],"picked":"Perfect_Balance","floor":1.0},{"not_picked":["Raptor_Form","Phantom_Blow"],"picked":"Stick_and_Move","floor":4.0},{"not_picked":["Scoop","Snap_Punch"],"picked":"Tornado_Kick","floor":5.0},{"not_picked":["Bloodbath_Bartender","Alacrity"],"picked":"Foot_Thrust","floor":6.0},{"not_picked":["Dancing_Jab","Vortex"],"picked":"Blizzard_Spikes","floor":8.0},{"not_picked":["On_The_Rocks","Combo_Master"],"picked":"Dancing_Jab+1","floor":11.0},{"not_picked":["Greased_Lightning","On_The_Rocks"],"picked":"Coeurl_Form","floor":12.0},{"not_picked":["Feint","Ball_Of_Ice"],"picked":"Bouncer","floor":13.0},{"not_picked":["Fading_Blow+1","Center_Self"],"picked":"Torment","floor":14.0},{"not_picked":["Combo_Master","Storage"],"picked":"Moonsault_Kick+1","floor":16.0},{"not_picked":["Dancing_Jab+1","OpoOpo_Form"],"picked":"Dragonkick+1","floor":18.0},{"not_picked":["On_The_Rocks+1","Greased_Lightning"],"picked":"Glare+1","floor":20.0},{"not_picked":["Butterfly_Float","Dancing_Jab+1"],"picked":"Fading_Blow+1","floor":23.0},{"not_picked":["Stick_and_Move+1","Ripple"],"picked":"Center_Self+1","floor":25.0},{"not_picked":["Dancing_Jab+1","Patience"],"picked":"OpoOpo_Form","floor":29.0},{"not_picked":["Ripple+1","Step_Of_The_Wind"],"picked":"Elbow_Slash+1","floor":33.0},{"not_picked":["Patience","Breathe_Deep"],"picked":"Cold_Blooded","floor":35.0},{"not_picked":["Pony_Shot+1","Dancing_Jab+1"],"picked":"Sucker_Punch+1","floor":37.0},{"not_picked":["Ball_Of_Ice","Tornado_Kick+1","ThreeSidedStar+1"],"picked":"SKIP","floor":38.0},{"not_picked":["jedi:forcepull","jedi:RedIncense"],"picked":"PanicButton","floor":41.0},{"not_picked":["Good Instincts","Swift Strike+1"],"picked":"Mind Blast+1","floor":41.0},{"not_picked":["jedi:forcepull","Trip"],"picked":"Jack Of All Trades","floor":41.0},{"not_picked":["Rising_Crane+1","Step_Of_The_Wind+1"],"picked":"Raptor_Form","floor":42.0},{"not_picked":["Scoop","With_A_Twist"],"picked":"Free_Pour+1","floor":43.0},{"not_picked":["Scowl","Storage"],"picked":"Foot_Thrust+1","floor":44.0},{"not_picked":["Feint","Raptor_Form"],"picked":"Alacrity","floor":47.0},{"not_picked":["Blizzard_Spikes","Tornado_Kick+1"],"picked":"Elbow_Slash+1","floor":50.0},{"not_picked":["Ripple","Glare+1"],"picked":"Fading_Blow+1","floor":56.0}],"player_experience":56485,"relics_obtained":[{"floor":6.0,"key":"LagranYue:GuideDeadRelic"},{"floor":9.0,"key":"Molten Egg 2"},{"floor":17.0,"key":"HornCleat"},{"floor":17.0,"key":"Pondfish Scales"},{"floor":23.0,"key":"Replay:Bottled Snecko"},{"floor":42.0,"key":"Dream Catcher"},{"floor":45.0,"key":"White_Cape"},{"floor":49.0,"key":"Lizard Tail"},{"floor":56.0,"key":"Bottled Flame"}],"event_choices":[{"damage_healed":0.0,"max_hp_gain":0.0,"max_hp_loss":0.0,"gold_gain":0.0,"event_name":"Shining Light","player_choice":"Entered Light","floor":2.0,"gold_loss":0.0,"damage_taken":14.0,"cards_upgraded":["Defend_Bartender","Defend_Bartender"]},{"damage_healed":17.0,"max_hp_gain":0.0,"max_hp_loss":0.0,"gold_gain":0.0,"event_name":"The Cleric","player_choice":"Healed","floor":3.0,"gold_loss":35.0,"damage_taken":0.0},{"damage_healed":0.0,"max_hp_gain":0.0,"max_hp_loss":0.0,"gold_gain":0.0,"event_name":"Vampires","player_choice":"Ignored","floor":19.0,"gold_loss":0.0,"damage_taken":0.0},{"damage_healed":0.0,"max_hp_gain":0.0,"max_hp_loss":0.0,"gold_gain":200.0,"event_name":"Wheel of Change","player_choice":"Gold","floor":22.0,"gold_loss":0.0,"damage_taken":0.0},{"damage_healed":0.0,"max_hp_gain":0.0,"max_hp_loss":0.0,"gold_gain":0.0,"event_name":"Upgrade Shrine","player_choice":"Upgraded","floor":31.0,"gold_loss":0.0,"damage_taken":0.0,"cards_upgraded":["Stick_and_Move"]},{"damage_healed":0.0,"max_hp_gain":0.0,"max_hp_loss":0.0,"gold_gain":0.0,"event_name":"Winding Halls","player_choice":"Embrace Madness","floor":39.0,"gold_loss":0.0,"damage_taken":9.0,"cards_obtained":["Madness","Madness"]},{"damage_healed":0.0,"max_hp_gain":0.0,"max_hp_loss":0.0,"gold_gain":0.0,"event_name":"SensoryStone","player_choice":"Memory 3","floor":41.0,"gold_loss":0.0,"damage_taken":10.0}],"is_beta":false,"boss_relics":[{"not_picked":["Kintsugi","jedi:paperlyon"],"picked":"Calling Bell"},{"not_picked":["Ring of Chaos","LagranYue:ContractPerformanceRelic"],"picked":"Golden_Hairpin"}],"items_purged_floors":[21,32],"is_endless":false,"potions_floor_spawned":[1,8,11,13,14,16,20,25,29,33,38,44,47],"ascension_level":1}}