{"host":"cr9rpoy6dx9riis3","time":1608389184,"event":{"mods":["AchievementEnabler","BaseMod","Better Altar","Better Note","Better Sensory Stone","Better Skull","Better Third Choice","Better-Laid Plans","BetterRewards","Block Reminder","Curses Come First","Displayed Cursed Tome","Emptier Cage","Marked Mod","Minty Spire (QoL Compilation)","Permanent Neow","Relic Sorter","StSLib","The Blue Laboratory","Transform Curses"],"gold_per_floor":[114,92,17,32,47,47,47,47,47,62,92,55,85,100,100,200,200,215,23,38,53,68,68,98,98,98,128,143,143,173,188,188,288,288,303,318,318,318,333,333,363,378,378,408,408,11,41,56,56,56],"floor_reached":51,"playtime":2688,"items_purged":["Havoc","Wild Strike","Iron Wave+1"],"score":882,"play_id":"56d153af-2fbe-4ac4-ae91-31572c051fbb","local_time":"20201219154624","daily_mods":["Draft","Uncertain Future","Elite Swarm"],"is_ascension_mode":false,"campfire_choices":[{"data":"Rampage","floor":6,"key":"SMITH"},{"data":"Ghostly Armor","floor":8,"key":"SMITH"},{"data":"Evolve","floor":15,"key":"SMITH"},{"data":"Double Tap","floor":23,"key":"SMITH"},{"data":"Demon Form","floor":29,"key":"SMITH"},{"data":"Rupture","floor":32,"key":"SMITH"},{"data":"Rupture","floor":40,"key":"SMITH"},{"data":"Demon Form","floor":49,"key":"SMITH"}],"circlet_count":0,"master_deck":["Shrug It Off","Rampage+1","Power Through","Evolve+1","Pummel","Shockwave","Blood for Blood","Power Through","Ghostly Armor+1","Pommel Strike","Blood for Blood","Blood for Blood","Sentinel+1","Immolate","Seeing Red","Immolate","Double Tap+1","Good Instincts","Hemokinesis","Seeing Red+1","Shrug It Off+1","Demon Form+1","Metallicize","Impervious","Rupture+1","Metallicize","Demon Form+1","Disarm+1","Rupture+1","Brutality","Limit Break","Flame Barrier","Reaper","Disarm+1"],"relics":["Black Blood","Bottled Flame","SlaversCollar","Blood Vial","Oddly Smooth Stone","Calipers","Incense Burner","betterThird:SlimedRelic"],"acts_visited":["Exordium","TheCity","TheBeyond"],"potions_floor_usage":[30,32,39,44,50],"damage_taken":[{"damage":0,"enemies":"Small Slimes","floor":1,"turns":5},{"damage":0,"enemies":"2 Louse","floor":4,"turns":3},{"damage":3,"enemies":"Jaw Worm","floor":5,"turns":5},{"damage":10,"enemies":"Gremlin Gang","floor":10,"turns":5},{"damage":0,"enemies":"Gremlin Nob","floor":11,"turns":5},{"damage":12,"enemies":"3 Sentries","floor":13,"turns":6},{"damage":7,"enemies":"Blue Slaver","floor":14,"turns":3},{"damage":2,"enemies":"Slime Boss","floor":16,"turns":10},{"damage":20,"enemies":"Spheric Guardian","floor":18,"turns":6},{"damage":20,"enemies":"2 Thieves","floor":20,"turns":4},{"damage":8,"enemies":"Snake Plant","floor":21,"turns":5},{"damage":7,"enemies":"Centurion and Healer","floor":22,"turns":5},{"damage":4,"enemies":"Slavers","floor":24,"turns":3},{"damage":5,"enemies":"Gremlin Leader","floor":27,"turns":8},{"damage":6,"enemies":"3 Cultists","floor":28,"turns":6},{"damage":2,"enemies":"Slavers","floor":30,"turns":2},{"damage":18,"enemies":"Sentry and Sphere","floor":31,"turns":8},{"damage":23,"enemies":"Champ","floor":33,"turns":12},{"damage":18,"enemies":"3 Shapes","floor":35,"turns":4},{"damage":15,"enemies":"Orb Walker","floor":36,"turns":6},{"damage":15,"enemies":"4 Shapes","floor":39,"turns":3},{"damage":32,"enemies":"Giant Head","floor":41,"turns":10},{"damage":19,"enemies":"Maw","floor":42,"turns":8},{"damage":22,"enemies":"Reptomancer","floor":44,"turns":8},{"damage":16,"enemies":"Giant Head","floor":47,"turns":9},{"damage":35,"enemies":"Spire Growth","floor":48,"turns":7},{"damage":27,"enemies":"Awakened One","floor":50,"turns":13}],"seed_played":"-2908382401684788831","potions_obtained":[{"floor":4,"key":"blueLaboratory:EnragingPotion"},{"floor":10,"key":"SteroidPotion"},{"floor":14,"key":"blueLaboratory:BottledHope"},{"floor":27,"key":"DistilledChaos"},{"floor":30,"key":"SteroidPotion"},{"floor":31,"key":"Fruit Juice"},{"floor":33,"key":"DuplicationPotion"},{"floor":39,"key":"blueLaboratory:LimitlessPotion"}],"is_trial":false,"path_per_floor":["M","?","$","M","M","R","?","R","T","M","E","$","E","M","R","B",null,"M","$","M","M","M","R","E","?","T","E","M","R","E","M","R","B",null,"M","M","?","?","M","R","E","M","T","E","?","$","E","M","R","B",null],"character_chosen":"IRONCLAD","items_purchased":["Seeing Red","Good Instincts","Blood Vial","Flame Barrier","Block Potion"],"campfire_rested":0,"item_purchase_floors":[12,19,46,46,46],"current_hp_per_floor":[80,69,69,75,78,78,83,83,83,79,85,85,79,78,78,82,85,71,71,57,55,54,54,56,56,56,57,57,57,61,49,54,37,90,84,81,81,81,78,78,58,51,51,41,74,74,70,51,51,50],"gold":56,"neow_bonus":"","is_daily":true,"chose_seed":false,"campfire_upgraded":8,"win_rate":0.0,"timestamp":1608389184,"path_taken":["M","?","$","M","M","R","?","R","T","M","E","?","E","M","R","BOSS","M","$","?","?","M","R","E","?","T","E","M","R","E","M","R","BOSS","M","M","?","?","M","R","E","M","T","E","?","$","E","M","R","BOSS"],"items_purchased_type":["Card","Card","Relic","Card","Potion"],"build_version":"2020-12-13","purchased_purges":3,"victory":true,"max_hp_per_floor":[80,80,80,80,80,80,85,85,85,85,85,85,85,85,85,85,85,85,85,85,85,85,85,85,85,85,85,85,85,85,85,90,90,90,90,90,90,85,85,85,85,85,85,85,74,74,74,74,74,74],"card_choices":[{"not_picked":["Sword Boomerang","Body Slam"],"picked":"Havoc","floor":0},{"not_picked":["Sword Boomerang","Havoc"],"picked":"Shrug It Off","floor":0},{"not_picked":["Flex","Combust"],"picked":"Rampage","floor":0},{"not_picked":["Cleave","Sword Boomerang"],"picked":"Power Through","floor":0},{"not_picked":["Flex","Thunderclap"],"picked":"Wild Strike","floor":0},{"not_picked":["Clash","Cleave"],"picked":"Iron Wave","floor":0},{"not_picked":["Clothesline","Thunderclap"],"picked":"Power Through","floor":0},{"not_picked":["Cleave","Pommel Strike"],"picked":"Evolve","floor":0},{"not_picked":["Clash","Twin Strike"],"picked":"Headbutt","floor":0},{"not_picked":["Headbutt","Pommel Strike"],"picked":"Pummel","floor":0},{"not_picked":["Sword Boomerang","Warcry"],"picked":"Shockwave","floor":0},{"not_picked":["Whirlwind","Clash"],"picked":"Blood for Blood","floor":0},{"not_picked":["Clothesline","Battle Trance"],"picked":"Power Through","floor":0},{"not_picked":["Shrug It Off","Armaments"],"picked":"Ghostly Armor","floor":0},{"not_picked":["Warcry","Armaments"],"picked":"Pommel Strike","floor":0},{"not_picked":["Iron Wave","Anger"],"picked":"Blood for Blood","floor":1},{"not_picked":["Sword Boomerang","Cleave"],"picked":"Blood for Blood","floor":4},{"not_picked":["Shrug It Off","Clothesline"],"picked":"Sentinel","floor":5},{"not_picked":["Power Through","Pommel Strike","Anger"],"picked":"SKIP","floor":10},{"not_picked":["Impervious","Bludgeon"],"picked":"Immolate","floor":11},{"not_picked":["Bludgeon","Reaper"],"picked":"Immolate","floor":13},{"not_picked":["Twin Strike","Combust","Perfected Strike"],"picked":"SKIP","floor":14},{"not_picked":["Feed","Demon Form"],"picked":"Double Tap","floor":16},{"not_picked":["Perfected Strike+1","Sever Soul+1"],"picked":"Iron Wave+1","floor":18},{"not_picked":["Clothesline","Rupture"],"picked":"Hemokinesis","floor":20},{"not_picked":["Wild Strike","Pommel Strike"],"picked":"Seeing Red","floor":21},{"not_picked":["Flex","Evolve"],"picked":"Shrug It Off+1","floor":22},{"not_picked":["Reaper","Double Tap"],"picked":"Demon Form","floor":24},{"not_picked":["Limit Break","Berserk"],"picked":"Impervious","floor":27},{"not_picked":["Headbutt+1","Wild Strike"],"picked":"Rupture","floor":28},{"not_picked":["Double Tap","Berserk","Corruption"],"picked":"SKIP","floor":30},{"not_picked":["Iron Wave","Pommel Strike"],"picked":"Metallicize","floor":31},{"not_picked":["Corruption","Offering"],"picked":"Demon Form","floor":33},{"not_picked":["Cleave+1","Armaments+1"],"picked":"Disarm+1","floor":35},{"not_picked":["Clothesline+1","Evolve+1","Sever Soul+1"],"picked":"SKIP","floor":36},{"not_picked":["Clothesline","Blood for Blood"],"picked":"Rupture","floor":39},{"not_picked":["Fiend Fire","Bludgeon"],"picked":"Brutality","floor":41},{"not_picked":["Perfected Strike","Cleave","Battle Trance+1"],"picked":"SKIP","floor":42},{"not_picked":["Brutality","Barricade"],"picked":"Limit Break","floor":44},{"not_picked":["Impervious","Juggernaut"],"picked":"Reaper","floor":47},{"not_picked":["Intimidate","Twin Strike+1"],"picked":"Disarm+1","floor":48}],"player_experience":737668,"relics_obtained":[{"floor":9,"key":"Calipers"},{"floor":11,"key":"Incense Burner"},{"floor":24,"key":"Bottled Flame"},{"floor":30,"key":"War Paint"},{"floor":41,"key":"Oddly Smooth Stone"}],"event_choices":[{"damage_healed":0,"gold_gain":0,"player_choice":"Slimed","damage_taken":11,"max_hp_gain":0,"max_hp_loss":0,"event_name":"betterThird:BetterGoop","floor":2,"gold_loss":22},{"damage_healed":0,"gold_gain":0,"player_choice":"Donut","damage_taken":0,"max_hp_gain":5,"max_hp_loss":0,"event_name":"Big Fish","floor":7,"gold_loss":0},{"damage_healed":0,"gold_gain":0,"cards_transformed":["Headbutt","Iron Wave"],"player_choice":"Became Test Subject","damage_taken":0,"max_hp_gain":0,"max_hp_loss":0,"event_name":"Drug Dealer","floor":25,"gold_loss":0,"cards_obtained":["Metallicize","Feel No Pain"]},{"cards_removed":["Power Through"],"damage_healed":0,"gold_gain":0,"player_choice":"Removed Skill","damage_taken":0,"max_hp_gain":0,"max_hp_loss":0,"event_name":"Falling","floor":37,"gold_loss":0},{"damage_healed":0,"gold_gain":0,"player_choice":"Max HP","damage_taken":0,"max_hp_gain":0,"max_hp_loss":5,"event_name":"Winding Halls","floor":38,"gold_loss":0},{"damage_healed":74,"gold_gain":0,"player_choice":"Heal","damage_taken":0,"max_hp_gain":0,"max_hp_loss":11,"event_name":"The Moai Head","floor":45,"gold_loss":0}],"is_beta":false,"boss_relics":[{"not_picked":["Snecko Eye","Velvet Choker"],"picked":"SlaversCollar"},{"not_picked":["Calling Bell","Black Star"],"picked":"Black Blood"}],"items_purged_floors":[3,19,46],"is_endless":false,"potions_floor_spawned":[4,10,14,18,27,30,31,33,39,42,47],"ascension_level":0}}