{"host":"4k3z1vmw52e7hl04","time":1608343600,"event":{"mods":["AchievementEnabler","Aspiration","BaseMod","Best Route Mod","Better Altar","Better Match","Better Note","Better Third Choice","Block Reminder","Colored Powertips","GifTheSpireLib","Hermit","HexUI Lib","Highlight Path","Hubris","Infinite Spire","Minty Spire (QoL Compilation)","Rare Cards Sparkle","Replay The Spire","Shop Mod","Spicy Shops","StSLib","Stuff the Spire","SuperFastMode","Synergy Search","The Animator","The Bug Knight","The Runesmith","everything is the same but u backflip on backflip"],"gold_per_floor":[116,131,147,26,26,26,44,56,80,94,94,0,0,28,28,124,124,139,67,79,96,106,106,121,121,121,121,121,138,154,171,171,273,273,291,291,291,304,304,304,123,149,161,173,262,274,300,329,251,263],"floor_reached":51,"playtime":3117,"items_purged":["Defend_B"],"score":731,"play_id":"24cf6e53-c49d-4a27-b24d-f48cb969c8c2","local_time":"20201218180640","is_ascension_mode":false,"campfire_choices":[{"data":"Crystallizer","floor":6,"key":"SMITH"},{"floor":15,"key":"REST"},{"floor":25,"key":"REST"},{"floor":27,"key":"REST"},{"data":"FIFO Queue","floor":32,"key":"SMITH"},{"floor":40,"key":"RECALL"}],"circlet_count":0,"master_deck":["Strike_B","Strike_B","Strike_B","Defend_B","Defend_B","Zap","Dualcast","Darkness","Sweeping Beam","Crystallizer+1","Crystallizer","Go for the Eyes","Loop+1","Compile Driver","Rebound","Enlightenment","StuffTheSpire:Plugnplay","Thunder Strike","Ball Lightning","Storm+1","Go for the Eyes+1","Panic Button+1","Static Discharge","Stack+1","FIFO Queue+1","Barrage","Force Field+1","Mirror Shield","Compile Driver","Leap","Streamline","Barrage","White Noise+1","infinitespire:Oblivion","Turbo+1","Barrage","Barrage+1"],"relics":["Cracked Core","aspiration:Nostalgia","m_RuneBlood","Omamori","FaceOfCleric","aspiration:FaultyCoupler","hubris:ScarierMask","Shuriken","Philosopher\u0027s Stone","Ice Cream","hubris:Icosahedron","StuffTheSpire:GrapeVine","MawBank","StuffTheSpire:NeowsTribute","Bronze Scales"],"acts_visited":["Exordium","TheCity","TheBeyond"],"potions_floor_usage":[14,16,24,33,42,50,50],"damage_taken":[{"damage":1,"enemies":"Cultist","floor":1,"turns":3},{"damage":15,"enemies":"Small Slimes","floor":2,"turns":3},{"damage":6,"enemies":"Jaw Worm","floor":3,"turns":3},{"damage":18,"enemies":"3 Louse","floor":7,"turns":3},{"damage":10,"enemies":"Looter","floor":8,"turns":3},{"damage":20,"enemies":"Exordium Thugs","floor":10,"turns":4},{"damage":26,"enemies":"3 Sentries","floor":14,"turns":5},{"damage":33,"enemies":"Fading Forest","floor":16,"turns":11},{"damage":3,"enemies":"3 Byrds","floor":18,"turns":5},{"damage":21,"enemies":"Chosen","floor":20,"turns":6},{"damage":4,"enemies":"Sentry and Sphere","floor":21,"turns":3},{"damage":24,"enemies":"Snake Plant","floor":22,"turns":5},{"damage":25,"enemies":"Centurion and Healer","floor":24,"turns":3},{"damage":4,"enemies":"3 Cultists","floor":29,"turns":3},{"damage":10,"enemies":"Cultist and Chosen","floor":30,"turns":4},{"damage":16,"enemies":"Centurion and Healer","floor":31,"turns":5},{"damage":43,"enemies":"Champ","floor":33,"turns":10},{"damage":8,"enemies":"Orb Walker","floor":35,"turns":2},{"damage":14,"enemies":"3 Shapes","floor":38,"turns":4},{"damage":41,"enemies":"Nightmare","floor":42,"turns":6},{"damage":17,"enemies":"Jaw Worm Horde","floor":47,"turns":3},{"damage":11,"enemies":"4 Shapes","floor":48,"turns":3},{"damage":47,"enemies":"hubris:GrandSnecko","floor":50,"turns":10}],"seed_played":"-1608704709568937915","potions_obtained":[{"floor":2,"key":"Cursed Concoction"},{"floor":5,"key":"Adrenaline Potion"},{"floor":5,"key":"Milkshake"},{"floor":14,"key":"PowerPotion"},{"floor":16,"key":"Ancient Potion"},{"floor":20,"key":"Fire Potion"},{"floor":29,"key":"Strength Potion"},{"floor":31,"key":"infinitespire:BlackPotion"},{"floor":35,"key":"Adrenaline Potion"},{"floor":45,"key":"SpeedPotion"}],"is_trial":false,"path_per_floor":["M","M","M","$","?","R","M","M","T","M","?","?","?","E","R","B",null,"M","$","M","M","M","?","M","R","T","R","?","M","M","M","R","B",null,"M","AVR","?","M","?","R","$","NM","T","?","?","?","M","M","R","B",null],"character_chosen":"DEFECT","items_purchased":["Crystallizer","Go for the Eyes","Storm","StuffTheSpire:GrapeVine","Streamline","Barrage"],"campfire_rested":3,"item_purchase_floors":[4,4,19,41,41,41],"current_hp_per_floor":[75,63,60,60,60,60,45,38,38,21,21,27,27,5,29,18,83,84,84,67,67,47,47,26,52,52,78,78,78,72,60,60,21,92,88,88,88,78,78,78,78,41,41,83,83,79,66,59,59,16],"gold":275,"neow_bonus":"NOSTALGIA","is_daily":false,"chose_seed":false,"campfire_upgraded":2,"win_rate":0.0,"timestamp":1608343600,"path_taken":["M","?","M","$","?","R","M","?","T","M","?","?","?","E","R","BOSS","M","$","M","?","M","?","M","R","T","R","?","M","M","M","R","BOSS","M","AVR","?","M","?","R","$","NM","T","?","?","?","?","M","R","BOSS"],"items_purchased_type":["Card","Card","Card","Relic","Card","Card"],"build_version":"2020-12-13","purchased_purges":1,"victory":true,"max_hp_per_floor":[75,75,75,75,75,75,75,75,75,75,75,81,81,82,82,83,83,84,84,85,86,87,87,88,88,88,88,88,89,90,91,91,92,92,93,93,93,94,94,94,94,95,95,83,83,79,80,81,81,82],"card_choices":[{"not_picked":["StuffTheSpire:LoadUp","Coolheaded"],"picked":"Darkness","floor":1},{"not_picked":["Steam","Scrape"],"picked":"Sweeping Beam","floor":2},{"not_picked":["StuffTheSpire:ShieldGenerator","FIFO Queue"],"picked":"Crystallizer","floor":3},{"not_picked":["Turbo","Doom and Gloom"],"picked":"Loop","floor":7},{"not_picked":["Hologram","Steam Power"],"picked":"Compile Driver","floor":8},{"not_picked":["Bash","Cold Snap"],"picked":"Rebound","floor":10},{"not_picked":["Streamline","Rip and Tear"],"picked":"StuffTheSpire:Plugnplay","floor":14},{"not_picked":["Biased Cognition","Fission"],"picked":"Thunder Strike","floor":16},{"not_picked":["Leap","StuffTheSpire:GlassShard"],"picked":"Ball Lightning","floor":18},{"not_picked":["StuffTheSpire:LoadUp+1","Steam"],"picked":"Go for the Eyes+1","floor":20},{"not_picked":["Compile Driver","Rebound"],"picked":"Panic Button+1","floor":21},{"not_picked":["Multi-Cast","Sweeping Beam"],"picked":"Static Discharge","floor":22},{"not_picked":["Panic Button","Gash+1"],"picked":"Stack+1","floor":24},{"not_picked":["Go for the Eyes","Rebound"],"picked":"FIFO Queue","floor":29},{"not_picked":["Conserve Battery","StuffTheSpire:Rend"],"picked":"Barrage","floor":30},{"not_picked":["Ball Lightning+1","Steam"],"picked":"Force Field+1","floor":31},{"not_picked":["hubris:DoWhile","Rainbow"],"picked":"Mirror Shield","floor":33},{"not_picked":["ReplayTheSpireMod:System Scan","Ball Lightning"],"picked":"Compile Driver","floor":35},{"not_picked":["StuffTheSpire:LoadUp+1","StuffTheSpire:CleanHardDrive+1"],"picked":"Leap","floor":38},{"not_picked":["Panic Button","Sweeping Beam+1"],"picked":"White Noise+1","floor":42},{"not_picked":["infinitespire:Starlight","hubris:InfiniteBlow"],"picked":"infinitespire:Oblivion","floor":42},{"not_picked":["Scrape+1","Leap"],"picked":"Turbo+1","floor":45},{"not_picked":["Go for the Eyes","Darkness"],"picked":"Barrage","floor":47},{"not_picked":["Go for the Eyes+1","Streamline+1"],"picked":"Barrage+1","floor":48}],"player_experience":260946,"relics_obtained":[{"floor":9,"key":"Omamori"},{"floor":14,"key":"aspiration:FaultyCoupler"},{"floor":26,"key":"Shuriken"},{"floor":42,"key":"MawBank"},{"floor":43,"key":"StuffTheSpire:NeowsTribute"},{"floor":45,"key":"Bronze Scales"}],"event_choices":[{"damage_healed":0,"gold_gain":0,"player_choice":"Got Potions","damage_taken":0,"max_hp_gain":0,"max_hp_loss":0,"event_name":"Lab","floor":5,"gold_loss":0},{"damage_healed":0,"gold_gain":0,"player_choice":"Ignored","damage_taken":0,"max_hp_gain":0,"max_hp_loss":0,"event_name":"Golden Wing","floor":11,"gold_loss":0},{"damage_healed":0,"gold_gain":0,"player_choice":"RENOUNCE","damage_taken":94,"max_hp_gain":0,"max_hp_loss":0,"event_name":"betterThird:BetterSerpent","floor":12,"gold_loss":94,"cards_obtained":["Enlightenment"]},{"damage_healed":0,"gold_gain":0,"player_choice":"Trade","damage_taken":0,"relics_obtained":["FaceOfCleric"],"max_hp_gain":0,"max_hp_loss":0,"event_name":"FaceTrader","floor":13,"gold_loss":0},{"damage_healed":0,"gold_gain":0,"player_choice":"Upgraded","damage_taken":0,"max_hp_gain":0,"max_hp_loss":0,"event_name":"Upgrade Shrine","floor":23,"gold_loss":0,"cards_upgraded":["Storm"]},{"cards_removed":["Storm"],"damage_healed":0,"gold_gain":0,"player_choice":"Give","damage_taken":0,"max_hp_gain":0,"max_hp_loss":0,"event_name":"betterNote:BetterNote","floor":28,"gold_loss":0,"cards_obtained":["Defend_B"]},{"cards_removed":["Defend_B"],"damage_healed":0,"gold_gain":0,"player_choice":"Removed Skill","damage_taken":0,"max_hp_gain":0,"max_hp_loss":0,"event_name":"Falling","floor":37,"gold_loss":0},{"damage_healed":83,"gold_gain":0,"player_choice":"Heal","damage_taken":0,"max_hp_gain":0,"max_hp_loss":12,"event_name":"The Moai Head","floor":44,"gold_loss":0},{"damage_healed":0,"gold_gain":0,"player_choice":"Max HP","damage_taken":0,"max_hp_gain":0,"max_hp_loss":4,"event_name":"Winding Halls","floor":46,"gold_loss":0},{"cards_removed":["Strike_B"],"damage_healed":0,"gold_gain":0,"player_choice":"Upgrade and Remove","damage_taken":0,"max_hp_gain":0,"max_hp_loss":0,"event_name":"Designer","floor":49,"gold_loss":90,"cards_upgraded":["Loop"]}],"is_beta":false,"boss_relics":[{"not_picked":["hubris:VirtuousBlindfold","ReplayTheSpireMod:SealedPack"],"picked":"hubris:ScarierMask"},{"not_picked":["Kintsugi","SacredBark"],"picked":"Philosopher\u0027s Stone"}],"items_purged_floors":[36],"is_endless":false,"potions_floor_spawned":[2,14,16,18,20,29,30,31,35],"ascension_level":0}}