{"host":"n3vqtvx9hbigdfc4","time":1608369053,"event":{"mods":["AchievementEnabler","BaseMod","Better Third Choice","Block Reminder","Colored Map","Colored Powertips","Downfall","Minty Spire (QoL Compilation)","Permanent Neow","Rare Cards Sparkle","Relic Stats","Replay The Spire","Shop Mod","StSLib"],"gold_per_floor":[119,21,34,44,59,59,69,96,171,204,204,223,223,255,255,352,352,372,322,342,342,353,353,353,353],"floor_reached":24,"playtime":1003,"items_purged":["Defend_R"],"score":327,"play_id":"f505cb93-bbb1-4b18-a23d-091cb670eef3","local_time":"20201219031053","is_ascension_mode":true,"campfire_choices":[{"data":"ReplayTheSpireMod:LeadingStrike","floor":6,"key":"SMITH"},{"data":"ReplayReversal","floor":15,"key":"SMITH"},{"data":"Intimidate","floor":23,"key":"SMITH"}],"circlet_count":0,"master_deck":["AscendersBane","Strike_R","Strike_R","Strike_R","Strike_R","Strike_R","Defend_R","Defend_R","Defend_R","Bash","Anger","Fire Breathing","Shrug It Off","Dropkick","ReplayTheSpireMod:LeadingStrike+1","Infernal Blade","Ghostly Armor","Wild Strike","Whirlwind","Intimidate+1","ReplayReversal+1","Immolate","Headbutt+1","Rage","Flame Barrier","Rage"],"relics":["Burning Blood","ReplayTheSpireMod:Spearhead","Blue Candle","StoneCalendar","HornCleat","CultistMask","Happy Flower","SacredBark"],"acts_visited":["Exordium","TheCity"],"potions_floor_usage":[8,10,12,14,19],"damage_taken":[{"damage":1,"enemies":"Cultist","floor":1,"turns":3},{"damage":6,"enemies":"2 Louse","floor":3,"turns":3},{"damage":9,"enemies":"Jaw Worm","floor":4,"turns":3},{"damage":8,"enemies":"Blue Slaver","floor":5,"turns":3},{"damage":16,"enemies":"Exordium Thugs","floor":7,"turns":4},{"damage":10,"enemies":"Gremlin Nob","floor":8,"turns":4},{"damage":19,"enemies":"Replay:BlueRogue","floor":10,"turns":5},{"damage":9,"enemies":"Red Slaver","floor":12,"turns":3},{"damage":14,"enemies":"Gremlin Nob","floor":14,"turns":4},{"damage":28,"enemies":"Slime Boss","floor":16,"turns":7},{"damage":0,"enemies":"3 Byrds","floor":18,"turns":5},{"damage":23,"enemies":"Spheric Guardian","floor":20,"turns":5},{"damage":35,"enemies":"Snecko","floor":22,"turns":7},{"damage":39,"enemies":"Book of Stabbing","floor":24,"turns":4}],"seed_played":"-8886234285879461947","potions_obtained":[{"floor":1,"key":"BlessingOfTheForge"},{"floor":5,"key":"BloodPotion"},{"floor":7,"key":"SkillPotion"},{"floor":8,"key":"Strength Potion"},{"floor":10,"key":"SteroidPotion"},{"floor":18,"key":"Fruit Juice"},{"floor":20,"key":"Venom Potion"}],"is_trial":false,"path_per_floor":["M","$","M","M","M","R","M","E","T","E","T","M","?","E","R","B",null,"M","?","M","?","M","R","E"],"character_chosen":"IRONCLAD","items_purchased":["Shrug It Off"],"campfire_rested":0,"item_purchase_floors":[2],"current_hp_per_floor":[77,77,77,74,72,72,62,58,58,45,45,42,42,34,34,12,63,69,79,62,62,33,33,0,0],"gold":353,"neow_bonus":"THREE_CARDS","is_daily":false,"chose_seed":false,"campfire_upgraded":3,"win_rate":0.0,"timestamp":1608369053,"path_taken":["M","?","M","M","M","R","M","E","T","E","?","M","?","E","R","BOSS","M","?","?","?","M","R","E"],"items_purchased_type":["Card"],"build_version":"2020-12-13","purchased_purges":1,"victory":false,"max_hp_per_floor":[80,80,80,80,80,80,80,80,80,80,80,80,80,80,80,80,80,80,90,90,90,90,90,90,90],"relic_stats":{"Happy Flower":[9],"counters":[14,60],"Blue Candle":[0],"StoneCalendar":[71],"obtain_stats":[{"ReplayTheSpireMod:Spearhead":8,"HornCleat":11,"Happy Flower":14,"Blue Candle":9,"SacredBark":17,"StoneCalendar":10,"CultistMask":13,"Burning Blood":0},{"ReplayTheSpireMod:Spearhead":6,"HornCleat":7,"Happy Flower":9,"Blue Candle":6,"SacredBark":10,"StoneCalendar":7,"CultistMask":8,"Burning Blood":0},{"ReplayTheSpireMod:Spearhead":20,"HornCleat":25,"Happy Flower":32,"Blue Candle":20,"SacredBark":39,"StoneCalendar":25,"CultistMask":28,"Burning Blood":0}],"Burning Blood":78},"card_choices":[{"not_picked":["Reckless Charge","Bloodletting"],"picked":"Anger","floor":0},{"not_picked":["Feel No Pain","Perfected Strike"],"picked":"Fire Breathing","floor":1},{"not_picked":["Anger","Life Link"],"picked":"Dropkick","floor":3},{"not_picked":["Thunderclap","Sword Boomerang"],"picked":"ReplayTheSpireMod:LeadingStrike","floor":4},{"not_picked":["Heavy Blade","Rupture"],"picked":"Infernal Blade","floor":5},{"not_picked":["Havoc","Twin Strike"],"picked":"Ghostly Armor","floor":7},{"not_picked":["Warcry","Sever Soul"],"picked":"Wild Strike","floor":8},{"not_picked":["Havoc","Cleave"],"picked":"Whirlwind","floor":10},{"not_picked":["Sentinel","Cleave"],"picked":"Intimidate","floor":12},{"not_picked":["Burning Pact","Cleave"],"picked":"ReplayReversal","floor":14},{"not_picked":["Berserk","Limit Break"],"picked":"Immolate","floor":16},{"not_picked":["Infernal Blade","Warcry"],"picked":"Headbutt+1","floor":18},{"not_picked":["Twin Strike","Perfected Strike"],"picked":"Rage","floor":20},{"not_picked":["Entrench+1","Rupture"],"picked":"Rage","floor":22}],"player_experience":447738,"relics_obtained":[{"floor":8,"key":"ReplayTheSpireMod:Spearhead"},{"floor":9,"key":"Blue Candle"},{"floor":10,"key":"StoneCalendar"},{"floor":11,"key":"HornCleat"},{"floor":14,"key":"Happy Flower"}],"event_choices":[{"damage_healed":0,"gold_gain":0,"player_choice":"Trade","damage_taken":0,"relics_obtained":["CultistMask"],"max_hp_gain":0,"max_hp_loss":0,"event_name":"FaceTrader","floor":13,"gold_loss":0},{"damage_healed":0,"gold_gain":0,"player_choice":"Bet on Owner","damage_taken":0,"max_hp_gain":0,"max_hp_loss":0,"event_name":"The Joust","floor":19,"gold_loss":50},{"damage_healed":0,"gold_gain":0,"player_choice":"Read","damage_taken":0,"max_hp_gain":0,"max_hp_loss":0,"event_name":"The Library","floor":21,"gold_loss":0,"cards_obtained":["Flame Barrier"]}],"is_beta":false,"boss_relics":[{"not_picked":["Electric Blood","Ring of Chaos"],"picked":"SacredBark"}],"items_purged_floors":[2],"is_endless":false,"potions_floor_spawned":[1,5,7,8,10,18,20],"killed_by":"Book of Stabbing","ascension_level":10}}