{"host":"81h68oe4mr04pk3r","time":1608367817,"event":{"mods":["Act Like it!","Aspiration","BaseMod","BetterRewards","Colored Map","Colored Powertips","Conspire","Downfall","Hermit","Hubris","Infinite Spire","Jorbs\u0027s Wanderer Trilogy","Koishi","Lobotomy","LobotomyExtend","Marisa????????","Minty Spire (QoL Compilation)","Quick Restart","Reimu??????","Remilia??????","Replay The Spire","StSLib","The Bug Knight","The Construct","The Cursed","The Disciple","The Servant 0.9.4"],"gold_per_floor":[109,109,120,23,39,39,2,13,13,13,29,29,41,41,41,140,140,140,140,88,88,108,108,108,108,118,118,118,136,136,136],"floor_reached":30,"playtime":1256,"items_purged":["Sword Boomerang"],"score":218,"play_id":"560fc1e2-9f18-481f-84c6-cf9d4bf3e588","local_time":"20201219005017","is_ascension_mode":false,"campfire_choices":[{"data":"Run Through","floor":6,"key":"SMITH"},{"floor":12,"key":"REST"},{"data":"Fluid Movement","floor":15,"key":"SMITH"},{"data":"Armaments","floor":23,"key":"SMITH"}],"circlet_count":0,"master_deck":["Strike_R","Strike_R","Strike_R","Strike_R","Defend_R","Defend_R","Defend_R","Defend_R","Bash","Armaments+1","Run Through+1","Armaments+1","Thunderclap","Flex+1","Flex","Flex","Fluid Movement+1","Limit Break","Anger","Cleave","Spot Weakness+1","infinitespire:Menacing","Deadly Poison"],"relics":["Burning Blood","aspiration:Nostalgia","stsjorbsmod:GrimoireRelic","LetterFromLob","hubris:DisguiseKit","Champion Belt","Strawberry"],"acts_visited":["Exordium","TheCity"],"potions_floor_usage":[16,16,16,29],"damage_taken":[{"damage":5,"enemies":"Small Slimes","floor":1,"turns":4},{"damage":9,"enemies":"Cultist","floor":3,"turns":4},{"damage":6,"enemies":"Jaw Worm","floor":5,"turns":3},{"damage":18,"enemies":"3 Louse","floor":8,"turns":3},{"damage":12,"enemies":"Blue Slaver","floor":11,"turns":3},{"damage":13,"enemies":"Lots of Slimes","floor":13,"turns":3},{"damage":48,"enemies":"Hexaghost","floor":16,"turns":13},{"damage":10,"enemies":"Chosen","floor":22,"turns":4},{"damage":59,"enemies":"3 Byrds","floor":26,"turns":7},{"damage":44,"enemies":"Snake Plant","floor":29,"turns":6},{"damage":10,"enemies":"Centurion and Healer","floor":30,"turns":1}],"seed_played":"-336228285146696219","potions_obtained":[{"floor":3,"key":"AttackPotion"},{"floor":5,"key":"hexamod:EctoCoolerPotion"},{"floor":8,"key":"infinitespire:BlackPotion"},{"floor":26,"key":"BloodPotion"},{"floor":29,"key":"FearPotion"}],"is_trial":false,"path_per_floor":["M","?","M","$","M","R","$","M","T","?","M","R","M","$","R","B",null,"M","?","$","?","M","R","PTL","PTL","M","AVR","T","M","M"],"character_chosen":"IRONCLAD","items_purchased":["Armaments","Fire Potion","Flex","Sword Boomerang"],"campfire_rested":1,"item_purchase_floors":[4,4,7,20],"current_hp_per_floor":[80,80,77,77,77,77,77,65,65,65,59,80,73,73,73,31,80,80,80,80,80,76,76,76,76,23,23,30,9,0,0],"gold":136,"neow_bonus":"NOSTALGIA","is_daily":false,"chose_seed":false,"campfire_upgraded":3,"win_rate":0.0,"timestamp":1608367817,"path_taken":["M","?","M","$","M","R","?","M","T","?","M","R","M","$","R","BOSS","M","?","$","?","?","R","PTL","PTL","M","AVR","T","M","M"],"items_purchased_type":["Card","Potion","Card","Card"],"build_version":"2020-12-13","purchased_purges":1,"victory":false,"max_hp_per_floor":[80,80,80,80,80,80,80,80,80,80,80,80,80,80,80,80,80,80,80,80,80,80,80,80,80,80,80,87,87,87,87],"card_choices":[{"not_picked":["Clothesline","Warcry"],"picked":"Armaments","floor":1},{"not_picked":["True Grit","Uppercut"],"picked":"Run Through","floor":3},{"not_picked":["Anger","Clash"],"picked":"Thunderclap","floor":5},{"not_picked":["Infernal Blade","Dual Wield"],"picked":"Flex","floor":8},{"not_picked":["Corruption","hubris:CleavingFinish","Second Wind","Masterful Stab"],"picked":"SKIP","floor":11},{"not_picked":["Armaments","ReplayTheSpireMod:Corrosion Curse","Clothesline"],"picked":"Fluid Movement","floor":13},{"not_picked":["Corruption","Fiend Fire","Burst"],"picked":"Limit Break","floor":16},{"not_picked":["Sword Boomerang","Hemokinesis+1","conspire:PoisonWeapons"],"picked":"Cleave","floor":22},{"not_picked":["Clash","Headbutt","Accuracy"],"picked":"Spot Weakness+1","floor":26},{"not_picked":["Uppercut+1","Warcry","Run Through"],"picked":"Deadly Poison","floor":29}],"player_experience":114498,"relics_obtained":[{"floor":1,"key":"LetterFromLob"},{"floor":9,"key":"hubris:DisguiseKit"},{"floor":28,"key":"Strawberry"}],"event_choices":[{"damage_healed":0,"gold_gain":0,"player_choice":"Forge","damage_taken":0,"max_hp_gain":0,"max_hp_loss":0,"event_name":"Accursed Blacksmith","floor":2,"gold_loss":0,"cards_upgraded":["Armaments"]},{"damage_healed":0,"gold_gain":0,"cards_transformed":["Strike_R"],"player_choice":"Transformed","damage_taken":0,"max_hp_gain":0,"max_hp_loss":0,"event_name":"Transmorgrifier","floor":21,"gold_loss":0,"cards_obtained":["Anger"]}],"is_beta":false,"boss_relics":[{"not_picked":["Philosopher\u0027s Stone","Painkiller Herb","Runic Dome"]}],"items_purged_floors":[27],"is_endless":false,"potions_floor_spawned":[3,5,8,13,26,29],"killed_by":"Centurion and Healer","ascension_level":0}}