{"host":"yo9wwslrag05lh37","time":1608415725,"event":{"mods":["AchievementEnabler","BaseMod","Block Reminder","Colored Map","Colored Powertips","GifTheSpireLib","HexUI Lib","Highlight Path","Minty Spire (QoL Compilation)","Rare Cards Sparkle","Relic Stats","StSLib","everything is the same but u backflip on backflip"],"gold_per_floor":[115,130,144,157,157,157,191,208,235,249,266,266,103,118,118,195,195,215,165,181,193,205,205,221,221,221,237,237,152,52,80,80,80,80],"floor_reached":33,"playtime":1307,"items_purged":["Strike_G","Regret"],"score":546,"play_id":"529abfad-2e57-4256-b8cb-b2fe4f17fec1","local_time":"20201219230845","is_ascension_mode":true,"campfire_choices":[{"data":"Blade Dance","floor":6.0,"key":"SMITH"},{"floor":12.0,"key":"REST"},{"data":"Blade Dance","floor":15.0,"key":"SMITH"},{"data":"Envenom","floor":23,"key":"SMITH"},{"floor":25,"key":"REST"},{"floor":28,"key":"REST"},{"data":"Footwork","floor":32,"key":"SMITH"}],"circlet_count":0,"master_deck":["AscendersBane","Strike_G","Strike_G+1","Strike_G","Strike_G+1","Defend_G","Defend_G+1","Defend_G","Defend_G+1","Defend_G","Survivor","Neutralize","Finisher+1","Predator","Blade Dance+1","Malaise","Blade Dance+1","Footwork+1","Well Laid Plans+1","Envenom+1"],"relics":["Ring of the Snake","Bottled Lightning","Whetstone","Cursed Key","Anchor","War Paint"],"acts_visited":["Exordium","TheCity"],"potions_floor_usage":[16,16,31,33],"damage_taken":[{"damage":1.0,"enemies":"2 Louse","floor":1.0,"turns":4.0},{"damage":1.0,"enemies":"Cultist","floor":2.0,"turns":4.0},{"damage":7.0,"enemies":"Jaw Worm","floor":3.0,"turns":4.0},{"damage":0.0,"enemies":"Red Slaver","floor":4.0,"turns":4.0},{"damage":29.0,"enemies":"Gremlin Nob","floor":7.0,"turns":4.0},{"damage":6.0,"enemies":"3 Louse","floor":8.0,"turns":3.0},{"damage":6.0,"enemies":"Exordium Thugs","floor":10.0,"turns":4.0},{"damage":0.0,"enemies":"Large Slime","floor":11.0,"turns":1.0},{"damage":4.0,"enemies":"Lots of Slimes","floor":14.0,"turns":4.0},{"damage":11,"enemies":"Slime Boss","floor":16,"turns":6},{"damage":15,"enemies":"Spheric Guardian","floor":18,"turns":4},{"damage":0,"enemies":"Chosen","floor":20,"turns":3},{"damage":4,"enemies":"Centurion and Healer","floor":21,"turns":4},{"damage":20,"enemies":"Snake Plant","floor":22,"turns":3},{"damage":10,"enemies":"3 Cultists","floor":24,"turns":5},{"damage":17,"enemies":"Snecko","floor":27,"turns":5},{"damage":30,"enemies":"Book of Stabbing","floor":31,"turns":5},{"damage":32,"enemies":"Collector","floor":33,"turns":4}],"seed_played":"-2678641881353303691","potions_obtained":[{"floor":2.0,"key":"PowerPotion"},{"floor":7.0,"key":"Dexterity Potion"},{"floor":16,"key":"PowerPotion"},{"floor":18,"key":"ColorlessPotion"},{"floor":20,"key":"CultistPotion"},{"floor":31,"key":"FairyPotion"}],"is_trial":false,"path_per_floor":["M","M","M","M","?","R","E","M","T","M","M","R","$","M","R","B",null,"M","?","M","M","M","R","M","R","T","M","R","?","$","E","R","B"],"character_chosen":"THE_SILENT","items_purchased":["Footwork"],"campfire_rested":3,"item_purchase_floors":[13],"current_hp_per_floor":[64,63,56,56,56,56,27,21,21,15,15,36,36,32,32,21,59,44,44,44,40,20,20,10,31,31,14,35,35,35,5,5,0,0],"gold":80,"neow_bonus":"TEN_PERCENT_HP_BONUS","is_daily":false,"chose_seed":false,"campfire_upgraded":4,"win_rate":0.0,"timestamp":1608415725,"path_taken":["M","M","M","M","?","R","E","?","T","M","M","R","$","M","R","BOSS","M","?","?","M","M","R","M","R","T","M","R","?","$","E","R","BOSS"],"items_purchased_type":["Card"],"build_version":"2020-12-13","purchased_purges":2,"victory":false,"max_hp_per_floor":[72,72,72,72,72,72,72,72,72,72,72,72,72,72,72,72,72,72,72,72,72,72,72,72,72,72,72,72,72,72,72,72,72,72],"relic_stats":{"counters":[18,71],"Whetstone":["Strike_G","Strike_G"],"War Paint":["Defend_G","Defend_G"],"Cursed Key":1,"obtain_stats":[{"Anchor":29,"Bottled Lightning":7,"Whetstone":9,"War Paint":31,"Cursed Key":17,"Ring of the Snake":0},{"Anchor":16,"Bottled Lightning":5,"Whetstone":6,"War Paint":17,"Cursed Key":10,"Ring of the Snake":0},{"Anchor":62,"Bottled Lightning":20,"Whetstone":23,"War Paint":67,"Cursed Key":38,"Ring of the Snake":0}],"Ring of the Snake":[36]},"card_choices":[{"not_picked":["Deflect","Poisoned Stab"],"picked":"Finisher","floor":1.0},{"not_picked":["Deadly Poison","Dagger Throw"],"picked":"Predator","floor":2.0},{"not_picked":["Dash","Deflect"],"picked":"Blade Dance","floor":3.0},{"not_picked":["Poisoned Stab","Acrobatics","Predator"],"picked":"SKIP","floor":4.0},{"not_picked":["Quick Slash","Dodge and Roll"],"picked":"Malaise","floor":7.0},{"not_picked":["Prepared","Slice","Setup"],"picked":"SKIP","floor":8.0},{"not_picked":["Underhanded Strike","Outmaneuver"],"picked":"Blade Dance","floor":10.0},{"not_picked":["Riddle With Holes","Deflect","Slice"],"picked":"SKIP","floor":11.0},{"not_picked":["Dagger Spray","Sucker Punch","Blade Dance"],"picked":"SKIP","floor":14.0},{"not_picked":["Prepared","Bane"],"picked":"Well Laid Plans+1","floor":18},{"not_picked":["Cloak And Dagger","Poisoned Stab","Endless Agony"],"picked":"SKIP","floor":20},{"not_picked":["Dagger Spray","Infinite Blades"],"picked":"Envenom","floor":21},{"not_picked":["Masterful Stab","Catalyst","Deflect"],"picked":"SKIP","floor":22},{"not_picked":["Well Laid Plans","Flechettes","Dagger Spray"],"picked":"SKIP","floor":24},{"not_picked":["Dagger Throw","Catalyst","Quick Slash"],"picked":"SKIP","floor":27},{"not_picked":["Underhanded Strike","Dagger Spray","Grand Finale"],"picked":"SKIP","floor":31}],"player_experience":1347366,"relics_obtained":[{"floor":7.0,"key":"Bottled Lightning"},{"floor":9.0,"key":"Whetstone"},{"floor":31,"key":"War Paint"}],"event_choices":[{"damage_healed":0.0,"max_hp_gain":0.0,"max_hp_loss":0.0,"gold_gain":0.0,"event_name":"Upgrade Shrine","player_choice":"Upgraded","floor":5.0,"gold_loss":0.0,"damage_taken":0.0,"cards_upgraded":["Finisher"]},{"damage_healed":0,"gold_gain":0,"player_choice":"Bet on Owner","damage_taken":0,"max_hp_gain":0,"max_hp_loss":0,"event_name":"The Joust","floor":19,"gold_loss":50},{"damage_healed":0,"gold_gain":0,"player_choice":"Obtained Relic","damage_taken":0,"relics_obtained":["Anchor"],"max_hp_gain":0,"max_hp_loss":0,"event_name":"Addict","floor":29,"gold_loss":85}],"is_beta":false,"boss_relics":[{"not_picked":["Busted Crown","Velvet Choker"],"picked":"Cursed Key"}],"items_purged_floors":[13,30],"is_endless":false,"potions_floor_spawned":[2,7,8,11,16,18,20,31],"killed_by":"Collector","ascension_level":20}}