{"host":"0kaxg9rjckhp4v2r","time":1608401154,"event":{"mods":["AchievementEnabler","BaseMod","Bestiary","Better Altar","Better Match","Better Note","Better Sensory Stone","Better Silent Start","Better Skull","Better Third Choice","Better-Laid Plans","Colored Powertips","Disable Question Mark Monsters","Emptier Cage","Minty Spire (QoL Compilation)","Quick Restart","SacredBarkPlus","StSLib","The Dragon Tamer","The Marked","Unceasing Turn Reminder","yUi"],"gold_per_floor":[119,119,139,64,74,100,25,45,45,45,0,0,0,16,16,113,113,131,131,50,50,63,63,63,80,80,40,74,74,74,74],"floor_reached":30,"playtime":1508,"items_purged":["theMarked:Strike"],"score":246,"play_id":"ca3f4a65-7bca-4ec5-a92f-e844498323d7","local_time":"20201219130554","is_ascension_mode":false,"campfire_choices":[{"data":"theMarked:StartUp","floor":10.0,"key":"SMITH"},{"data":"theMarked:SoldierOfQuellstein","floor":15.0,"key":"SMITH"},{"data":"theMarked:ComboAttacks","floor":23,"key":"SMITH"}],"circlet_count":0,"master_deck":["theMarked:Strike","theMarked:Strike","theMarked:Strike","theMarked:Defend","theMarked:Defend","theMarked:Defend","theMarked:Defend","theMarked:SoldierOfQuellstein+1","theMarked:ParalyzingBlade","theMarked:DispelDoubt","theMarked:StartUp+1","theMarked:BanishingStrike","theMarked:TakeCover","theMarked:Opportunist","theMarked:EmpowerWeapon","theMarked:RepellingDischarge","theMarked:HeritageOfTheMarked","theMarked:BindingBlade","theMarked:DeterminationOfTheMarked","theMarked:ComboAttacks+1","theMarked:TwofoldDefense","Necronomicurse","theMarked:MuscleMemory","theMarked:RogueSparks"],"relics":["theMarked:ArtifactOfAir","NeowsBlessing","Question Card","Matryoshka","Sozu","Bronze Scales","White Beast Statue","Necronomicon","Sundial","Juzu Bracelet","Omamori","MutagenicStrength"],"acts_visited":["Exordium","TheCity"],"potions_floor_usage":[22,22,22],"damage_taken":[{"damage":0.0,"enemies":"Cultist","floor":1.0,"turns":1.0},{"damage":0.0,"enemies":"2 Louse","floor":3.0,"turns":1.0},{"damage":0.0,"enemies":"Small Slimes","floor":5.0,"turns":2.0},{"damage":44.0,"enemies":"Lagavulin","floor":6.0,"turns":7.0},{"damage":2.0,"enemies":"2 Fungi Beasts","floor":8.0,"turns":4.0},{"damage":10.0,"enemies":"Exordium Thugs","floor":14.0,"turns":4.0},{"damage":25.0,"enemies":"Slime Boss","floor":16.0,"turns":12.0},{"damage":5.0,"enemies":"Chosen","floor":18.0,"turns":5.0},{"damage":13,"enemies":"2 Thieves","floor":22,"turns":4},{"damage":12,"enemies":"Cultist and Chosen","floor":25,"turns":7},{"damage":20,"enemies":"Gremlin Leader","floor":28,"turns":6},{"damage":5,"enemies":"Snake Plant","floor":30,"turns":2}],"seed_played":"-7389651017028778585","potions_obtained":[{"floor":1.0,"key":"theMarked:SummonPotion"},{"floor":6.0,"key":"Swift Potion"},{"floor":8.0,"key":"GamblersBrew"},{"floor":16.0,"key":"Energy Potion"}],"is_trial":false,"path_per_floor":["M","?","M","$","M","E","$","M","T","R","$","?","$","M","R","B",null,"M","?","$","T","M","R","?","M","T","?","E","?","M"],"character_chosen":"THE_DEFAULT","items_purchased":["theMarked:Opportunist","theMarked:RepellingDischarge","theMarked:ComboAttacks"],"campfire_rested":0,"item_purchase_floors":[7,11,20],"current_hp_per_floor":[70,70,70,70,70,26,26,24,24,24,24,47,47,37,37,12,70,65,65,65,65,52,52,36,24,24,24,4,4,0,0],"gold":74,"neow_bonus":"THREE_ENEMY_KILL","is_daily":false,"chose_seed":false,"campfire_upgraded":3,"win_rate":0.0,"timestamp":1608401154,"path_taken":["M","?","M","$","M","E","?","?","T","R","$","?","$","M","R","BOSS","M","?","$","?","M","R","?","M","T","?","E","?","M"],"items_purchased_type":["Card","Card","Card"],"build_version":"2020-12-13","purchased_purges":1,"victory":false,"max_hp_per_floor":[70,70,70,70,70,70,70,70,70,70,70,70,70,70,70,70,70,70,70,70,70,70,70,70,70,70,70,70,70,70,70],"card_choices":[{"not_picked":["theMarked:LightningStrikesTwice","theMarked:Aftermath"],"picked":"theMarked:ParalyzingBlade","floor":1.0},{"not_picked":["theMarked:ResourceFulStrike","theMarked:Frustration"],"picked":"theMarked:StartUp","floor":3.0},{"not_picked":["theMarked:ChainLightning","theMarked:ResourceFulStrike"],"picked":"theMarked:BanishingStrike","floor":5.0},{"not_picked":["theMarked:MagicAdept","theMarked:BanishingWave"],"picked":"theMarked:TakeCover","floor":6.0},{"not_picked":["theMarked:Polarize","theMarked:MagicAdept","theMarked:LightningStrikesTwice"],"picked":"theMarked:EmpowerWeapon","floor":8.0},{"not_picked":["theMarked:Electrify","theMarked:WastefulAttack","theMarked:BanishingWave"],"picked":"theMarked:HeritageOfTheMarked","floor":14.0},{"not_picked":["theMarked:Defy","theMarked:TakeOffHeels","theMarked:Challenge"],"picked":"theMarked:BindingBlade","floor":16.0},{"not_picked":["theMarked:ComboAttacks","theMarked:Aftermath","theMarked:Polarize+1"],"picked":"theMarked:DeterminationOfTheMarked","floor":18.0},{"not_picked":["theMarked:SwordAndMagic","theMarked:WardOff","theMarked:CreepingChasm"],"picked":"theMarked:TwofoldDefense","floor":22},{"not_picked":["theMarked:ComboAttacks+1","theMarked:BanishingStrike","theMarked:WastefulAttack"],"picked":"theMarked:MuscleMemory","floor":25},{"not_picked":["theMarked:ComboAttacks","theMarked:Panic","theMarked:Electrocute"],"picked":"theMarked:RogueSparks","floor":28}],"player_experience":282044,"relics_obtained":[{"floor":6.0,"key":"Question Card"},{"floor":9.0,"key":"Matryoshka"},{"floor":21,"key":"Bronze Scales"},{"floor":21,"key":"White Beast Statue"},{"floor":24,"key":"Necronomicon"},{"floor":26,"key":"Sundial"},{"floor":26,"key":"Juzu Bracelet"},{"floor":28,"key":"Omamori"}],"event_choices":[{"damage_healed":0.0,"max_hp_gain":0.0,"max_hp_loss":0.0,"gold_gain":0.0,"cards_transformed":["theMarked:Strike"],"event_name":"Transmorgrifier","player_choice":"Transformed","floor":2.0,"gold_loss":0.0,"damage_taken":0.0,"cards_obtained":["theMarked:DispelDoubt"]},{"damage_healed":23.0,"max_hp_gain":0.0,"max_hp_loss":0.0,"gold_gain":0.0,"event_name":"Big Fish","player_choice":"Banana","floor":12.0,"gold_loss":0.0,"damage_taken":0.0},{"damage_healed":0,"gold_gain":0,"player_choice":"Ignored","damage_taken":0,"max_hp_gain":0,"max_hp_loss":0,"event_name":"betterNote:BetterNote","floor":19,"gold_loss":0,"cards_obtained":["DeusExMachina"]},{"damage_healed":0,"gold_gain":0,"player_choice":"Obtained Book","damage_taken":16,"max_hp_gain":0,"max_hp_loss":0,"event_name":"Cursed Tome","floor":24,"gold_loss":0},{"damage_healed":0,"gold_gain":0,"player_choice":"Bought 3 Potions","damage_taken":0,"max_hp_gain":0,"max_hp_loss":0,"event_name":"The Woman in Blue","floor":27,"gold_loss":0},{"damage_healed":0,"gold_gain":0,"player_choice":"Inject Mutagens","damage_taken":0,"relics_obtained":["MutagenicStrength"],"max_hp_gain":0,"max_hp_loss":0,"event_name":"Drug Dealer","floor":29,"gold_loss":0}],"is_beta":false,"boss_relics":[{"not_picked":["Fusion Hammer","Empty Cage"],"picked":"Sozu"}],"items_purged_floors":[4],"is_endless":false,"potions_floor_spawned":[1,6,8,16,22,25,28],"killed_by":"Snake Plant","ascension_level":0}}