{"host":"jkgg7n5hn1slsm35","time":1608369953,"event":{"mods":["Aspiration","BaseMod","BetterRewards","Conspire","Googly Eyes","Gremlin Skip","Halation","Highlight Path","Hubris","Infinite Spire","Minty Spire (QoL Compilation)","Permanent Neow","StSLib","SuperFastMode","vexMod"],"gold_per_floor":[114,114,187,207,223,223,242,242,242,242,242,242,272,303,303,401,401,421,421,421,441,459,459,478,478,478,478,496,526,526,526,526,625,625,641,741,753,149,4,36,36,36,36,36,36,54,54,89,89,101,101],"floor_reached":50,"playtime":1318,"items_purged":["Strike_R","Strike_R"],"score":684,"play_id":"4b170707-c9ce-427d-b1c0-1d312efc0f7c","local_time":"20201219102553","is_ascension_mode":false,"campfire_choices":[{"data":"Iron Wave","floor":6,"key":"SMITH"},{"data":"Iron Wave","floor":8,"key":"SMITH"},{"floor":10,"key":"DIG"},{"floor":12,"key":"DIG"},{"data":"Iron Wave","floor":15,"key":"SMITH"},{"data":"Iron Wave","floor":23,"key":"SMITH"},{"data":"Rampage","floor":25,"key":"SMITH"},{"data":"Clash","floor":27,"key":"SMITH"},{"data":"Shrug It Off","floor":32,"key":"SMITH"},{"data":"hubris:DuctTapeCard","floor":41,"key":"SMITH"},{"floor":44,"key":"REST"},{"floor":47,"key":"DIG"},{"floor":49,"key":"DIG"}],"circlet_count":0,"master_deck":["Strike_R","Strike_R","Strike_R","Defend_R","Defend_R","Defend_R+1","Defend_R+1","Bash","Iron Wave+1","Iron Wave+1","Iron Wave+1","Shrug It Off+1","Clash+1","Thunderclap+1","Iron Wave+1","Pommel Strike+1","Body Slam+1","Clash+1","hubris:DuctTapeCard+2"],"relics":["Burning Blood","conspire:DecoderRing","Shovel","War Paint","Ancient Tea Set","Odd Mushroom","vexMod:InvisibilityCloak","aspiration:PoetsPen_weak","aspiration:VileToxins","Black Star","Turnip","conspire:GlowingRock","Mummified Hand","conspire:SpecialSausage","hubris:GlazedTorus","Juzu Bracelet","Lee\u0027s Waffle","hubris:DuctTape","Matryoshka","StrikeDummy","Charon\u0027s Ashes","aspiration:HatOfInfinitePower","hubris:ChampionShield","MawBank"],"acts_visited":["Exordium","TheCity","TheBeyond"],"potions_floor_usage":[13,16,50],"damage_taken":[{"damage":1,"enemies":"Jaw Worm","floor":1,"turns":3},{"damage":1,"enemies":"Cultist","floor":4,"turns":3},{"damage":0,"enemies":"2 Louse","floor":5,"turns":3},{"damage":2,"enemies":"Blue Slaver","floor":7,"turns":6},{"damage":18,"enemies":"The Mushroom Lair","floor":13,"turns":6},{"damage":10,"enemies":"3 Sentries","floor":14,"turns":10},{"damage":53,"enemies":"Slime Boss","floor":16,"turns":18},{"damage":0,"enemies":"Chosen","floor":18,"turns":4},{"damage":11,"enemies":"2 Thieves","floor":21,"turns":4},{"damage":1,"enemies":"Snake Plant","floor":22,"turns":4},{"damage":0,"enemies":"Cultist and Chosen","floor":24,"turns":4},{"damage":3,"enemies":"Centurion and Healer","floor":28,"turns":5},{"damage":2,"enemies":"Gremlin Leader","floor":29,"turns":5},{"damage":10,"enemies":"Champ","floor":33,"turns":7},{"damage":0,"enemies":"Orb Walker","floor":35,"turns":2},{"damage":0,"enemies":"3 Darklings","floor":37,"turns":5},{"damage":57,"enemies":"Nightmare","floor":40,"turns":7},{"damage":0,"enemies":"Spire Growth","floor":46,"turns":3},{"damage":2,"enemies":"conspire:MimicChest","floor":48,"turns":4}],"seed_played":"7314711809285957404","potions_obtained":[{"floor":1,"key":"conspire:TimeTravelPotion"},{"floor":13,"key":"Fire Potion"},{"floor":14,"key":"Energy Potion"},{"floor":18,"key":"SteroidPotion"},{"floor":29,"key":"EssenceOfSteel"}],"is_trial":false,"path_per_floor":["M","?","T","M","M","R","M","R","T","R","?","R","?","E","R","B",null,"M","?","AVR","M","M","R","M","R","T","R","M","E","?","?","R","B",null,"M","?","M","$","$","NM","R","?","T","R","?","M","R","?","R","B"],"character_chosen":"IRONCLAD","items_purchased":["hubris:GlazedTorus","Juzu Bracelet","Flash of Steel","Lee\u0027s Waffle"],"campfire_rested":1,"item_purchase_floors":[38,38,38,39],"current_hp_per_floor":[80,85,85,85,85,85,85,85,85,85,85,85,83,79,79,32,85,85,85,85,80,85,85,85,85,85,85,85,85,69,78,78,74,90,90,90,90,90,97,46,46,46,46,75,75,81,81,85,85,0,0],"gold":101,"neow_bonus":"THREE_CARDS","is_daily":false,"chose_seed":false,"campfire_upgraded":8,"win_rate":0.0,"timestamp":1608369953,"path_taken":["M","?","?","?","M","R","M","R","T","R","?","R","?","E","R","BOSS","M","?","AVR","M","M","R","M","R","T","R","?","E","?","?","R","BOSS","M","?","M","?","$","NM","R","?","T","R","?","M","R","?","R","BOSS"],"items_purchased_type":["Relic","Relic","Card","Relic"],"build_version":"2020-12-13","purchased_purges":2,"victory":false,"max_hp_per_floor":[80,85,85,85,85,85,85,85,85,85,85,85,85,85,85,85,85,85,85,85,85,85,85,85,85,85,85,85,85,90,90,90,90,90,90,90,90,90,97,97,97,97,97,97,97,97,97,97,97,97,97],"card_choices":[{"not_picked":["hubris:CleavingFinish","Headbutt"],"picked":"Iron Wave","floor":0},{"not_picked":["Sword Boomerang","Clothesline"],"picked":"Iron Wave","floor":1},{"not_picked":["Second Wind","Fire Breathing","Headbutt"],"picked":"SKIP","floor":4},{"not_picked":["Pommel Strike","Perfected Strike","Warcry"],"picked":"SKIP","floor":5},{"not_picked":["Havoc","Warcry","Feel No Pain"],"picked":"SKIP","floor":7},{"not_picked":["True Grit","Flex"],"picked":"Iron Wave","floor":13},{"not_picked":["Pommel Strike","Double Tap"],"picked":"Shrug It Off","floor":14},{"not_picked":["Cleave","Disarm+1"],"picked":"Clash","floor":18},{"not_picked":["Cleave+1","Headbutt"],"picked":"Thunderclap+1","floor":21},{"not_picked":["Flex+1","Uppercut"],"picked":"Iron Wave","floor":22},{"not_picked":["Reckless Charge+1","Inflame+1"],"picked":"Rampage","floor":24},{"not_picked":["Battle Trance","Cleave"],"picked":"Pommel Strike+1","floor":28},{"not_picked":["Wild Strike","Double Tap"],"picked":"Body Slam+1","floor":29},{"not_picked":["Flame Barrier+1","Flex"],"picked":"Clash+1","floor":35},{"not_picked":["True Grit+1","Pommel Strike+1","Dark Embrace"],"picked":"SKIP","floor":37},{"not_picked":["Flex+1","Disarm","Fire Breathing"],"picked":"SKIP","floor":40},{"not_picked":["Seeing Red","Fire Breathing","Sword Boomerang"],"picked":"SKIP","floor":46}],"player_experience":1767038,"relics_obtained":[{"floor":3,"key":"conspire:DecoderRing"},{"floor":9,"key":"Shovel"},{"floor":10,"key":"War Paint"},{"floor":12,"key":"Ancient Tea Set"},{"floor":13,"key":"Odd Mushroom"},{"floor":14,"key":"vexMod:InvisibilityCloak"},{"floor":26,"key":"Turnip"},{"floor":29,"key":"conspire:GlowingRock"},{"floor":29,"key":"Mummified Hand"},{"floor":40,"key":"hubris:DuctTape"},{"floor":40,"key":"Matryoshka"},{"floor":43,"key":"StrikeDummy"},{"floor":43,"key":"Charon\u0027s Ashes"},{"floor":47,"key":"aspiration:HatOfInfinitePower"},{"floor":48,"key":"hubris:ChampionShield"},{"floor":49,"key":"MawBank"}],"event_choices":[{"damage_healed":0,"gold_gain":0,"player_choice":"Donut","damage_taken":0,"max_hp_gain":5,"max_hp_loss":0,"event_name":"Big Fish","floor":2,"gold_loss":0},{"damage_healed":0,"gold_gain":0,"player_choice":"Fought Mushrooms","damage_taken":0,"max_hp_gain":0,"max_hp_loss":0,"event_name":"Mushrooms","floor":13,"gold_loss":0},{"damage_healed":0,"gold_gain":0,"player_choice":"Ignored","damage_taken":0,"max_hp_gain":0,"max_hp_loss":0,"event_name":"Transmorgrifier","floor":19,"gold_loss":0},{"damage_healed":0,"gold_gain":0,"player_choice":"Shed Blood","damage_taken":21,"max_hp_gain":5,"max_hp_loss":0,"event_name":"Forgotten Altar","floor":30,"gold_loss":0},{"damage_healed":0,"gold_gain":100,"player_choice":"Pray","damage_taken":0,"max_hp_gain":0,"max_hp_loss":0,"event_name":"Golden Shrine","floor":36,"gold_loss":0},{"damage_healed":0,"gold_gain":0,"player_choice":"Ignored","damage_taken":0,"max_hp_gain":0,"max_hp_loss":0,"event_name":"SecretPortal","floor":42,"gold_loss":0}],"is_beta":false,"boss_relics":[{"not_picked":["vexMod:RockOfEvil","conspire:RunicOctahedron"],"picked":"aspiration:PoetsPen_weak"},{"not_picked":["hubris:ScarierMask","vexMod:ImprovementManual"],"picked":"conspire:SpecialSausage"}],"items_purged_floors":[20,38],"is_endless":true,"potions_floor_spawned":[1,13,14,18,29,35,48],"killed_by":"infinitespire:MassOfShapes","ascension_level":0}}