{"host":"w01uex9uy9hwwtiw","time":1608349491,"event":{"mods":["BaseMod","Lobotomy","LobotomyExtend","Minty Spire (QoL Compilation)","Remilia（蕾米莉亚）","Replay The Spire","RumiaBox-露米娅的神秘盒子","SIMod","StSLib","TestMod","The Construct","The Cursed","vexMod","【东方二次创作】八云紫mod","【遗物Mod】死灵法师NEW","【遗物卡牌】REMEMod","篝火指南","老伊莉雅"],"gold_per_floor":[115,186,416,428,378,378,404,404,404,423,423,451,451,451,451,554,554,565,1015,1026,1036,1036,1036,1036,1046,1072,1072,1086,32,32,46,46,162,162,185,160,110,123,149,189,189,189,237,237,277,30,59,76,76,120],"floor_reached":51,"playtime":4534,"items_purged":["Hallucinations","SpecialBullet"],"score":925,"play_id":"61d887a8-5eec-4524-8c2d-b3044deb335d","local_time":"20201219114451","is_ascension_mode":false,"campfire_choices":[{"floor":15,"key":"REST"},{"floor":24,"key":"REST"},{"floor":32,"key":"RECALL"}],"circlet_count":0,"master_deck":["SpecialBullet","SpecialBullet","SpecialBullet","SpecialBullet","InformationCode","ExtractionCode","BigBadWolf","InTheNameOfLoveAndHate","Soda+1","Tough","OldLady","BlackSwan","Tough+1","FrostShard","VoidDream","RedEyes","DaCapo","SpiderBud","GoldRush","GoldRush+1","UniverseFragment","WristCuter","SpecialBullet","ShyLook","QueenOfHatred","BlueScar","BlueScar+1","SpecialBullet","QueenBee","FeatherOfHonor","SpecialBullet","Scorched","ParadiseLost","Lamp","Moonlight","SpecialBullet","WristCuter","SpecialBullet","Horn","Twilight","NothingThere","Pinks","CurseOfTheBell","TrainingCode","LaLuna","SilentOrchestra","Justitia","BlueStar","Tough+1","ExtractionCode","Panacea","Lantern","SoundOfStar","HeroicMonk","Noise+1","CENSORED","CentralCode"],"relics":["CogitoBucket","testmod-TestBox","testmod-BlackFramedGlasses","Bird Faced Urn","LetterFromLob","Strawberry","Mercury Hourglass","REME_HourglassOfDeath","testmod-HarvestTotem","SkinProphecy","RedMistMask","Enchiridion","Ring of Searing","Smiling Mask","Baka2","The Courier","vexMod:Spyglass","GodSword1","GodSword5","Replay:Wax Seal","ReplayTheSpireMod:Ninjato","AspirationHeart","Calling Bell","testmod-AssaultLearning","vexMod:InvisibilityCloak","testmod-TheFather","Replay:WaspNest","REME_ComplimentaryCards","testmod-InjuryResistance","testmod-Acrobat","ZombieArmy","AdjustmentMirror","AtMidnight"],"acts_visited":["Exordium","TheCity","TheBeyond"],"potions_floor_usage":[31,51,51],"damage_taken":[{"damage":0,"enemies":"Small Slimes","floor":1,"turns":3},{"damage":9,"enemies":"Cultist","floor":3,"turns":4},{"damage":5,"enemies":"2 Louse","floor":4,"turns":3},{"damage":5,"enemies":"Exordium Wildlife","floor":10,"turns":2},{"damage":42,"enemies":"3 Sentries","floor":12,"turns":4},{"damage":24,"enemies":"The Guardian","floor":16,"turns":7},{"damage":36,"enemies":"Shell Parasite","floor":18,"turns":2},{"damage":10,"enemies":"3 Byrds","floor":20,"turns":3},{"damage":7,"enemies":"Snake Plant","floor":21,"turns":1},{"damage":23,"enemies":"Cultist and Chosen","floor":25,"turns":2},{"damage":29,"enemies":"Shelled Parasite and Fungi","floor":28,"turns":3},{"damage":6,"enemies":"Slavers","floor":30,"turns":2},{"damage":68,"enemies":"Centurion and Healer","floor":31,"turns":3},{"damage":44,"enemies":"Champ","floor":33,"turns":5},{"damage":0,"enemies":"3 Shapes","floor":35,"turns":1},{"damage":24,"enemies":"Orb Walker","floor":38,"turns":3},{"damage":15,"enemies":"Transient","floor":39,"turns":5},{"damage":19,"enemies":"Nemesis","floor":40,"turns":3},{"damage":16,"enemies":"R_Hoarder","floor":45,"turns":3},{"damage":0,"enemies":"Spire Growth","floor":47,"turns":2},{"damage":0,"enemies":"Sphere and 2 Shapes","floor":48,"turns":1},{"damage":215,"enemies":"Awakened One","floor":50,"turns":5},{"damage":135,"enemies":"Malkuth","floor":51,"turns":6},{"damage":308,"enemies":"Netzach","floor":51,"turns":9},{"damage":265,"enemies":"Tiphereth","floor":51,"turns":7},{"damage":124,"enemies":"Binah","floor":51,"turns":4},{"damage":326,"enemies":"Angela","floor":51,"turns":10}],"seed_played":"2088769989113405026","potions_obtained":[{"floor":2,"key":"testmod-TimePotion"},{"floor":2,"key":"SmokeBomb"},{"floor":2,"key":"testmod-EscapePotion"},{"floor":39,"key":"Cursed Concoction"}],"is_trial":false,"path_per_floor":["M","?","M","M","?","R","T","?","T","M","R","E","R","?","R","B",null,"M","?","M","M","?","?","R","M","T","?","M","R","E","M","R","B",null,"M","?","$","M","M","E","?","?","T","?","E","$","M","M","R","B",null],"character_chosen":"Angela","items_purchased":["The Courier","Lamp","vexMod:Spyglass","GodSword1","Moonlight","GodSword5","Replay:Wax Seal","testmod-Acrobat","ZombieArmy"],"campfire_rested":2,"item_purchase_floors":[29,29,29,29,29,29,29,46,46],"current_hp_per_floor":[63,63,57,55,55,55,62,62,62,64,64,49,49,49,70,60,140,122,76,78,71,55,55,141,118,118,118,113,113,127,162,162,144,172,174,174,174,168,178,180,180,180,180,180,180,180,184,186,186,190],"gold":247,"neow_bonus":"ONE_RARE_RELIC","is_daily":false,"chose_seed":false,"campfire_upgraded":0,"win_rate":0.0,"timestamp":1608349491,"path_taken":["M","?","M","?","?","R","?","?","T","?","R","E","R","?","R","BOSS","M","?","M","?","?","?","R","M","T","?","?","R","E","M","R","BOSS","M","?","?","M","M","E","?","?","T","?","E","$","M","M","R","BOSS"],"items_purchased_type":["Relic","Card","Relic","Relic","Card","Relic","Relic","Relic","Relic"],"build_version":"2020-12-13","purchased_purges":2,"victory":true,"max_hp_per_floor":[63,63,63,63,63,63,70,70,70,70,70,70,70,70,70,70,140,140,140,142,144,144,144,144,146,146,146,148,148,150,170,170,172,172,174,174,174,176,178,180,180,180,180,180,180,180,184,186,186,190],"card_choices":[{"not_picked":["FairyFestival","BigBird"],"picked":"BigBadWolf","floor":1},{"not_picked":["Noise"],"picked":"InTheNameOfLoveAndHate","floor":1},{"not_picked":["SomewhereSpear","Loneliness"],"picked":"SKIP","floor":1},{"not_picked":["GreenStem"],"picked":"Soda","floor":2},{"not_picked":["RapturousDream"],"picked":"Tough","floor":3},{"not_picked":["Woodsman","CrumblingArmor"],"picked":"OldLady","floor":3},{"not_picked":["CherryBlossom"],"picked":"ScreamingWedge","floor":3},{"not_picked":["SolemnVow"],"picked":"Tough","floor":4},{"not_picked":["Woodsman","Murderer"],"picked":"BlackSwan","floor":4},{"not_picked":["Soda"],"picked":"Tough","floor":4},{"not_picked":["TodaysExpression"],"picked":"Lantern","floor":10},{"not_picked":["LittlePrince","CherryBlossoms"],"picked":"BlackArmy","floor":10},{"not_picked":["Regret_ego"],"picked":"FrostShard","floor":10},{"not_picked":["MeatLantern","Freischutz"],"picked":"VoidDream","floor":12},{"not_picked":["Loneliness"],"picked":"RedEyes","floor":12},{"not_picked":["Adoration"],"picked":"DaCapo","floor":16},{"not_picked":["BodiesMountain","MeatLantern"],"picked":"SpiderBud","floor":16},{"not_picked":["Twilight"],"picked":"GoldRush","floor":16},{"not_picked":["Murderer","Bloodbath"],"picked":"UniverseFragment","floor":18},{"not_picked":["Noise"],"picked":"WristCuter","floor":18},{"not_picked":["CherryBlossoms","HeroicMonk"],"picked":"ShyLook","floor":20},{"not_picked":["Noise+1","Pleasure+1"],"picked":"SKIP","floor":20},{"not_picked":["FairyFestival","HappyTeddy"],"picked":"QueenOfHatred","floor":21},{"not_picked":["CherryBlossom"],"picked":"BlueScar","floor":21},{"not_picked":["LaLuna","Freischutz"],"picked":"QueenBee","floor":25},{"not_picked":["BearPaw"],"picked":"FeatherOfHonor","floor":25},{"not_picked":["Harmony","LifeForTheDareDevil"],"picked":"SKIP","floor":25},{"not_picked":["Laetitia","FieryBird"],"picked":"Scorched","floor":28},{"not_picked":["TodaysExpression"],"picked":"ParadiseLost","floor":28},{"not_picked":["RapturousDream+1"],"picked":"WristCuter","floor":30},{"not_picked":["Harmony"],"picked":"Horn","floor":31},{"not_picked":["Adoration"],"picked":"Twilight","floor":33},{"not_picked":["LongBird","Porccubus"],"picked":"NothingThere","floor":33},{"not_picked":["Twilight"],"picked":"Pinks","floor":33},{"not_picked":["FieryBird","HeroicMonk"],"picked":"LaLuna","floor":35},{"not_picked":["WristCuter"],"picked":"TodaysExpression+1","floor":35},{"not_picked":["Rudolta","WhiteNight"],"picked":"SilentOrchestra","floor":38},{"not_picked":["Hornet+1"],"picked":"Justitia","floor":38},{"not_picked":["Alriune","WhitesApple"],"picked":"BlueStar","floor":39},{"not_picked":["BlackSwan_ego"],"picked":"Tough+1","floor":39},{"not_picked":["MagicBullet+1","Justitia"],"picked":"SKIP","floor":40},{"not_picked":["MagicBullet+1","Justitia"],"picked":"SKIP","floor":40},{"not_picked":["TodaysExpression+1"],"picked":"Lantern","floor":45},{"not_picked":["NakedNest","DreamingCurrent"],"picked":"LittleHelper","floor":45},{"not_picked":["TodaysExpression"],"picked":"SoundOfStar","floor":45},{"not_picked":["Freischutz","Variant"],"picked":"HeroicMonk","floor":47},{"not_picked":["ShedSkin+1"],"picked":"Noise+1","floor":47},{"not_picked":["Alriune","SnowQueen"],"picked":"CENSORED","floor":48},{"not_picked":["ScreamingWedge+1"],"picked":"BlackSwan_ego","floor":48}],"player_experience":103292,"relics_obtained":[{"floor":1,"key":"LetterFromLob"},{"floor":1,"key":"Baka"},{"floor":7,"key":"Strawberry"},{"floor":9,"key":"Mercury Hourglass"},{"floor":12,"key":"REME_HourglassOfDeath"},{"floor":18,"key":"RedMistMask"},{"floor":22,"key":"Enchiridion"},{"floor":23,"key":"Ring of Searing"},{"floor":26,"key":"Smiling Mask"},{"floor":28,"key":"Baka2"},{"floor":30,"key":"ReplayTheSpireMod:Ninjato"},{"floor":34,"key":"testmod-AssaultLearning"},{"floor":34,"key":"vexMod:InvisibilityCloak"},{"floor":34,"key":"testmod-TheFather"},{"floor":40,"key":"Replay:WaspNest"},{"floor":45,"key":"testmod-InjuryResistance"},{"floor":47,"key":"AtMidnight"}],"event_choices":[{"cards_removed":["SpecialBullet"],"damage_healed":0,"gold_gain":0,"player_choice":"Card Removal","damage_taken":0,"max_hp_gain":0,"max_hp_loss":0,"event_name":"The Cleric","floor":5,"gold_loss":50},{"damage_healed":0,"gold_gain":0,"player_choice":"Forge","damage_taken":0,"max_hp_gain":0,"max_hp_loss":0,"event_name":"Accursed Blacksmith","floor":8,"gold_loss":0,"cards_upgraded":["Soda"]},{"damage_healed":0,"gold_gain":450,"player_choice":"GOLD GOLD GOLD GOLD GOLD ","damage_taken":46,"max_hp_gain":0,"max_hp_loss":0,"event_name":"Knowing Skull","floor":19,"potions_obtained":[],"gold_loss":0,"cards_obtained":[]},{"damage_healed":0,"gold_gain":0,"player_choice":"Obtained Book","damage_taken":16,"max_hp_gain":0,"max_hp_loss":0,"event_name":"Cursed Tome","floor":22,"gold_loss":0},{"damage_healed":0,"gold_gain":0,"player_choice":"Bought 0 Potions","damage_taken":0,"max_hp_gain":0,"max_hp_loss":0,"event_name":"The Woman in Blue","floor":27,"gold_loss":0},{"damage_healed":0,"gold_gain":0,"player_choice":"Copied","damage_taken":0,"max_hp_gain":0,"max_hp_loss":0,"event_name":"Duplicator","floor":41,"gold_loss":0,"cards_obtained":["ExtractionCode"]},{"damage_healed":0,"gold_gain":0,"player_choice":"Memory 1","damage_taken":0,"max_hp_gain":0,"max_hp_loss":0,"event_name":"SensoryStone","floor":42,"gold_loss":0},{"damage_healed":0,"gold_gain":0,"player_choice":"Swap Relic","damage_taken":0,"relics_obtained":["REME_ComplimentaryCards"],"max_hp_gain":0,"max_hp_loss":0,"event_name":"给自己的盒子","floor":44,"relics_lost":["REME_ComplimentaryCards"],"gold_loss":0}],"is_beta":false,"boss_relics":[{"not_picked":["testmod-Recursion","Abe\u0027s Treasure"],"picked":"testmod-HarvestTotem"},{"not_picked":["Black Star","Honey Jar"],"picked":"Calling Bell"}],"items_purged_floors":[29,37],"is_endless":false,"potions_floor_spawned":[21,39,48],"ascension_level":0}}