{"host":"21h5e52imz35vo8g","time":1608397491,"event":{"mods":["AchievementEnabler","BaseMod","Colored Map","Colored Powertips","Googly Eyes","Minty Spire (QoL Compilation)","Quick Restart","Rare Cards Sparkle","Replay The Spire","StSLib"],"gold_per_floor":[112,62,96,115,115,143,143,143,170,170,186,261,73,104,104,203,203,217,237,16,16,33,68,68,68,68,87,124,24,24,52,52,156,156,174,174,174,195,219,254,254,129,205,205,228,228,261,261,261,267],"floor_reached":51,"playtime":2011,"items_purged":["Strike_R","Strike_R","Strike_R"],"score":1276,"play_id":"dd69053a-3830-4e02-b0aa-6fb55156c854","local_time":"20201220010451","is_ascension_mode":true,"campfire_choices":[{"data":"Heavy Blade","floor":8,"key":"SMITH"},{"data":"Inflame","floor":10,"key":"SMITH"},{"data":"Mayhem","floor":15,"key":"SMITH"},{"data":"Dual Wield","floor":24,"key":"SMITH"},{"floor":30,"key":"REST"},{"floor":32,"key":"RECALL"},{"data":"Double Tap","floor":41,"key":"SMITH"},{"data":"Exhume","floor":44,"key":"SMITH"},{"data":"Offering","floor":46,"key":"SMITH"}],"circlet_count":0,"master_deck":["Strike_R+1","Defend_R","Defend_R","Defend_R","Bash","Inflame+1","Heavy Blade+1","Flex+1","Inflame+1","Mayhem+1","ReplayTheSpireMod:Limb From Limb+1","Limit Break+1","Dual Wield+1","Inflame","Offering+1","Double Tap+1","Master of Strategy","Armaments+1","Exhume+1","Heavy Blade+1"],"relics":["Black Blood","NeowsBlessing","CaptainsWheel","Prayer Wheel","Bag of Preparation","Replay:Baseball","Matryoshka","Guide Book","ReplayTheSpireMod:TigerMarble","Enchiridion","Replay:Bandana","Replay:Ringing Soul","Whetstone","Ring of Fury","Incense Burner","Ancient Tea Set","HornCleat","Pear"],"acts_visited":["Exordium","TheCity","TheBeyond"],"potions_floor_usage":[16,22,31,39,40,40,45],"damage_taken":[{"damage":0,"enemies":"2 Louse","floor":1,"turns":2},{"damage":0,"enemies":"Jaw Worm","floor":4,"turns":1},{"damage":0,"enemies":"3 Sentries","floor":6,"turns":2},{"damage":0,"enemies":"Small Slimes","floor":11,"turns":2},{"damage":0,"enemies":"Lagavulin","floor":14,"turns":3},{"damage":16,"enemies":"Fading Forest","floor":16,"turns":11},{"damage":33,"enemies":"2 Thieves","floor":18,"turns":3},{"damage":0,"enemies":"Spheric Guardian","floor":19,"turns":2},{"damage":9,"enemies":"Centurion and Healer","floor":22,"turns":3},{"damage":30,"enemies":"Book of Stabbing","floor":23,"turns":4},{"damage":1,"enemies":"Snecko","floor":27,"turns":2},{"damage":24,"enemies":"Replay:Snechameleon","floor":28,"turns":2},{"damage":14,"enemies":"Shelled Parasite and Fungi","floor":31,"turns":2},{"damage":6,"enemies":"Champ","floor":33,"turns":2},{"damage":42,"enemies":"3 Shapes","floor":35,"turns":4},{"damage":0,"enemies":"Orb Walker","floor":38,"turns":1},{"damage":13,"enemies":"Transient","floor":39,"turns":3},{"damage":6,"enemies":"R_Hoarder","floor":40,"turns":4},{"damage":9,"enemies":"Jaw Worm Horde","floor":45,"turns":4},{"damage":0,"enemies":"Nemesis","floor":47,"turns":1},{"damage":12,"enemies":"Donu and Deca","floor":50,"turns":2}],"seed_played":"8381069164372302290","potions_obtained":[{"floor":1,"key":"Reflective Coating"},{"floor":6,"key":"Reflective Coating"},{"floor":11,"key":"AttackPotion"},{"floor":19,"key":"Toxic Potion"},{"floor":23,"key":"Block Potion"},{"floor":27,"key":"Fire Potion"},{"floor":31,"key":"PowerPotion"},{"floor":35,"key":"DistilledChaos"},{"floor":39,"key":"FearPotion"}],"is_trial":false,"path_per_floor":["M","?","?","M","?","E","?","R","T","R","M","?","$","E","R","B",null,"M","M","$","?","M","E","R","?","T","M","E","$","R","M","R","B",null,"M","?","?","M","M","E","R","$","T","R","M","R","E","?","R_BF","B",null],"character_chosen":"IRONCLAD","items_purchased":["Mayhem","Guide Book"],"campfire_rested":1,"item_purchase_floors":[13,20],"current_hp_per_floor":[78,78,78,80,77,80,80,80,80,80,80,69,69,75,75,70,78,57,69,69,69,72,54,54,38,38,49,37,37,61,59,59,68,79,49,49,52,64,66,75,75,75,75,75,78,78,100,103,105,105],"gold":267,"neow_bonus":"THREE_ENEMY_KILL","is_daily":false,"chose_seed":false,"campfire_upgraded":7,"win_rate":0.0,"timestamp":1608397491,"path_taken":["M","?","?","?","?","E","?","R","T","R","M","?","$","E","R","BOSS","M","M","$","?","M","E","R","?","T","M","E","$","R","M","R","BOSS","M","?","?","M","M","E","R","$","T","R","M","R","E","?","R_BF","BOSS"],"items_purchased_type":["Card","Relic"],"build_version":"2020-12-13","purchased_purges":3,"victory":true,"max_hp_per_floor":[80,80,80,80,80,80,80,80,80,80,80,80,80,80,80,80,80,80,80,80,80,80,80,80,80,80,80,80,80,80,80,80,83,83,83,83,86,86,89,92,92,92,92,92,92,92,102,105,105,105],"card_choices":[{"not_picked":["Spot Weakness","Dropkick"],"picked":"Inflame","floor":1},{"not_picked":["Clothesline","Body Slam"],"picked":"Heavy Blade","floor":4},{"not_picked":["Entrench","Impervious"],"picked":"Flex","floor":6},{"not_picked":["Wild Strike","Heavy Blade"],"picked":"Inflame","floor":11},{"not_picked":["ReplayTheSpireMod:Stacked","Rampage","Clash"],"picked":"SKIP","floor":11},{"not_picked":["ReplayTheSpireMod:Limb From Limb","Pommel Strike","ReplayTheSpireMod:Corrosion Curse"],"picked":"SKIP","floor":14},{"not_picked":["Pommel Strike","ReplayTheSpireMod:Corrosion Curse"],"picked":"ReplayTheSpireMod:Limb From Limb","floor":14},{"not_picked":["Immolate","Bludgeon"],"picked":"Limit Break","floor":16},{"not_picked":["Anger","Pommel Strike","Twin Strike"],"picked":"SKIP","floor":18},{"not_picked":["Iron Wave","Second Wind","ReplayTheSpireMod:Stacked"],"picked":"SKIP","floor":18},{"not_picked":["Sever Soul+1","Armaments"],"picked":"Dual Wield","floor":19},{"not_picked":["Wild Strike+1","Flex","Replay:Undeath\u0027s Touch+1"],"picked":"SKIP","floor":19},{"not_picked":["Sever Soul","Shrug It Off"],"picked":"Inflame","floor":22},{"not_picked":["Clash","Warcry","ReplayReversal"],"picked":"SKIP","floor":22},{"not_picked":["Abandon","Run Through"],"picked":"Offering","floor":23},{"not_picked":["Wild Strike","Sword Boomerang+1","Warcry+1"],"picked":"SKIP","floor":27},{"not_picked":["Clash","ReplayTheSpireMod:LeadingStrike","Body Slam"],"picked":"SKIP","floor":27},{"not_picked":["Rupture+1","Cleave+1","Pommel Strike"],"picked":"SKIP","floor":28},{"not_picked":["Iron Wave","Havoc","Perfected Strike"],"picked":"SKIP","floor":31},{"not_picked":["Replay:Undeath\u0027s Touch","ReplayTheSpireMod:Strike From Hell","True Grit+1"],"picked":"SKIP","floor":31},{"not_picked":["Hemogenesis","Reaper"],"picked":"Double Tap","floor":33},{"not_picked":["Pommel Strike","Metallicize+1","Warcry"],"picked":"SKIP","floor":35},{"not_picked":["Body Slam+1","True Grit","Pommel Strike+1"],"picked":"SKIP","floor":35},{"not_picked":["Dark Shackles","ReplayTheSpireMod:Private Reserves"],"picked":"Master of Strategy","floor":37},{"not_picked":["Armaments","Wild Strike","True Grit+1"],"picked":"SKIP","floor":38},{"not_picked":["Sword Boomerang+1","Headbutt+1","Berserk"],"picked":"SKIP","floor":38},{"not_picked":["Shrug It Off+1","ReplayTheSpireMod:Strike From Hell+1"],"picked":"Armaments+1","floor":39},{"not_picked":["True Grit+1","Battle Trance+1","Warcry+1"],"picked":"SKIP","floor":39},{"not_picked":["Dark Embrace+1","Replay:Undeath\u0027s Touch"],"picked":"Exhume","floor":40},{"not_picked":["Sentinel","Sever Soul","Havoc"],"picked":"SKIP","floor":45},{"not_picked":["Heavy Blade+1","Cleave","Burning Pact"],"picked":"SKIP","floor":45},{"not_picked":["ReplayTheSpireMod:Stacked+1","Anger","Life Link+1"],"picked":"SKIP","floor":47}],"player_experience":287961,"relics_obtained":[{"floor":3,"key":"CaptainsWheel"},{"floor":6,"key":"Bag of Preparation"},{"floor":9,"key":"Replay:Baseball"},{"floor":14,"key":"Matryoshka"},{"floor":23,"key":"ReplayTheSpireMod:TigerMarble"},{"floor":25,"key":"Enchiridion"},{"floor":26,"key":"Replay:Bandana"},{"floor":26,"key":"Replay:Ringing Soul"},{"floor":28,"key":"Whetstone"},{"floor":36,"key":"Ring of Fury"},{"floor":40,"key":"Incense Burner"},{"floor":43,"key":"Ancient Tea Set"},{"floor":43,"key":"HornCleat"},{"floor":47,"key":"Pear"}],"event_choices":[{"cards_removed":["Defend_R"],"damage_healed":0,"gold_gain":0,"player_choice":"Card Removal","damage_taken":0,"max_hp_gain":0,"max_hp_loss":0,"event_name":"The Cleric","floor":2,"gold_loss":50},{"damage_healed":0,"gold_gain":0,"player_choice":"Success","damage_taken":3,"relics_obtained":["Prayer Wheel"],"max_hp_gain":0,"max_hp_loss":0,"event_name":"Scrap Ooze","floor":5,"gold_loss":0},{"damage_healed":0,"gold_gain":75,"player_choice":"Gather Gold","damage_taken":11,"max_hp_gain":0,"max_hp_loss":0,"event_name":"World of Goop","floor":12,"gold_loss":0},{"damage_healed":0,"gold_gain":0,"player_choice":"Ignored","damage_taken":0,"max_hp_gain":0,"max_hp_loss":0,"event_name":"Vampires","floor":21,"gold_loss":0},{"damage_healed":0,"gold_gain":0,"player_choice":"Obtained Book","damage_taken":16,"max_hp_gain":0,"max_hp_loss":0,"event_name":"Cursed Tome","floor":25,"gold_loss":0},{"damage_healed":0,"gold_gain":0,"player_choice":"Memory 1","damage_taken":0,"max_hp_gain":0,"max_hp_loss":0,"event_name":"SensoryStone","floor":37,"gold_loss":0},{"damage_healed":0,"gold_gain":0,"player_choice":"Copied","damage_taken":0,"max_hp_gain":0,"max_hp_loss":0,"event_name":"Duplicator","floor":48,"gold_loss":0,"cards_obtained":["Heavy Blade"]}],"is_beta":false,"boss_relics":[{"not_picked":["Calling Bell","SlaversCollar"],"picked":"Black Blood"},{"not_picked":["Snecko Eye","Pandora\u0027s Box","Ooze Armor"]}],"items_purged_floors":[20,29,42],"is_endless":false,"potions_floor_spawned":[1,6,11,19,23,27,31,35,39],"ascension_level":6}}