{"host":"85dtmvttrcbdj5h5","time":1608353974,"event":{"mods":["AchievementEnabler","BaseMod","Bestiary","Colored Powertips","Filter the Spire","Highlight Path","Minty Spire (QoL Compilation)","Potion Indicator Mod","RNG Fix","Relic Stats"],"gold_per_floor":[114,43,63,13,30,60,60,85,130,150,28,41,41,56,56,159,159,174,89,102,6,6,35,48,48,71,71,90,90,105,105,105,200,200,212,212,212,225,235,235,235],"floor_reached":40,"playtime":6473,"items_purged":[],"score":443,"play_id":"f834bffc-07ad-4488-a472-6c3c5564e0f4","local_time":"20201218235934","is_ascension_mode":false,"campfire_choices":[{"data":"A Thousand Cuts","floor":7.0,"key":"SMITH"},{"data":"Adrenaline","floor":13.0,"key":"SMITH"},{"data":"Blade Dance","floor":15.0,"key":"SMITH"},{"data":"Dash","floor":25.0,"key":"SMITH"},{"data":"Tools of the Trade","floor":27.0,"key":"SMITH"},{"data":"Acrobatics","floor":29.0,"key":"SMITH"},{"data":"Expertise","floor":32.0,"key":"SMITH"}],"circlet_count":0,"master_deck":["Strike_G","Strike_G","Strike_G","Strike_G","Defend_G","Defend_G","Defend_G","Defend_G","Defend_G","Survivor","Neutralize","A Thousand Cuts+1","Flying Knee","Masterful Stab","Crippling Poison","Adrenaline+1","Blade Dance+1","Slice","Infinite Blades","All Out Attack","Finisher","Storm of Steel","PiercingWail","Acrobatics+1","Cloak And Dagger","Backflip","Neutralize","Dash+1","Tools of the Trade+1","Injury","Backstab","Dodge and Roll+1","Expertise+1","After Image","Madness","Madness","Dodge and Roll+1"],"relics":["Ring of the Snake","Dream Catcher","MealTicket","Ancient Tea Set","Cursed Key","Eternal Feather","Boot","Smiling Mask","SlaversCollar"],"acts_visited":["Exordium","TheCity","TheBeyond"],"potions_floor_usage":[40],"damage_taken":[{"damage":0.0,"enemies":"Small Slimes","floor":1.0,"turns":4.0},{"damage":0.0,"enemies":"Cultist","floor":3.0,"turns":3.0},{"damage":0.0,"enemies":"2 Louse","floor":5.0,"turns":2.0},{"damage":20.0,"enemies":"3 Sentries","floor":6.0,"turns":10.0},{"damage":13.0,"enemies":"Lagavulin","floor":8.0,"turns":7.0},{"damage":0.0,"enemies":"Large Slime","floor":10.0,"turns":4.0},{"damage":2.0,"enemies":"Looter","floor":12.0,"turns":2.0},{"damage":0.0,"enemies":"Blue Slaver","floor":14.0,"turns":2.0},{"damage":24.0,"enemies":"Slime Boss","floor":16.0,"turns":7.0},{"damage":0.0,"enemies":"3 Byrds","floor":18.0,"turns":3.0},{"damage":0.0,"enemies":"Chosen","floor":20.0,"turns":3.0},{"damage":5.0,"enemies":"Gremlin Leader","floor":23.0,"turns":4.0},{"damage":6.0,"enemies":"3 Cultists","floor":24.0,"turns":3.0},{"damage":0.0,"enemies":"Cultist and Chosen","floor":28.0,"turns":4.0},{"damage":0.0,"enemies":"Centurion and Healer","floor":30.0,"turns":3.0},{"damage":28.0,"enemies":"Collector","floor":33.0,"turns":8.0},{"damage":0.0,"enemies":"Orb Walker","floor":35.0,"turns":2.0},{"damage":12.0,"enemies":"3 Darklings","floor":38.0,"turns":5.0},{"damage":25.0,"enemies":"Transient","floor":39.0,"turns":5.0},{"damage":28,"enemies":"Nemesis","floor":40,"turns":6}],"seed_played":"-368168963117078527","potions_obtained":[{"floor":3.0,"key":"SteroidPotion"},{"floor":8.0,"key":"LiquidBronze"},{"floor":12.0,"key":"PowerPotion"},{"floor":16.0,"key":"CunningPotion"},{"floor":18.0,"key":"AttackPotion"},{"floor":30.0,"key":"ColorlessPotion"},{"floor":39.0,"key":"Block Potion"}],"is_trial":false,"path_per_floor":["M","$","M","?","M","E","R","E","T","M","$","M","R","M","R","B",null,"M","?","M","$","?","E","M","R","T","R","M","R","M","?","R","B",null,"M","?","?","M","M","E"],"character_chosen":"THE_SILENT","items_purchased":["Masterful Stab","Infinite Blades","All Out Attack","Cloak And Dagger","Backflip"],"campfire_rested":0,"item_purchase_floors":[2,11,11,21,21],"current_hp_per_floor":[70,70,70,70,70,50,50,37,37,37,52,50,50,50,50,26,70,70,70,70,70,70,65,59,70,70,70,70,70,70,70,70,42,70,70,61,61,49,24,0,0],"gold":235,"neow_bonus":"ONE_RANDOM_RARE_CARD","is_daily":false,"chose_seed":false,"campfire_upgraded":7,"win_rate":0.0,"timestamp":1608353974,"path_taken":["M","$","M","?","M","E","R","E","T","M","$","M","R","M","R","BOSS","M","?","M","$","?","E","M","R","T","R","M","R","?","?","R","BOSS","M","?","?","M","M","E"],"items_purchased_type":["Card","Card","Card","Card","Card"],"build_version":"2020-12-13","purchased_purges":0,"victory":false,"max_hp_per_floor":[70,70,70,70,70,70,70,70,70,70,70,70,70,70,70,70,70,70,70,70,70,70,70,70,70,70,70,70,70,70,70,70,70,70,70,70,70,70,70,70,70],"relic_stats":{"Dream Catcher":0,"counters":[20,87],"MealTicket":15,"Eternal Feather":11,"Cursed Key":1,"Boot":[156],"Smiling Mask":0,"obtain_stats":[{"SlaversCollar":34,"Dream Catcher":6,"MealTicket":8,"Eternal Feather":19,"Ancient Tea Set":9,"Cursed Key":17,"Boot":23,"Smiling Mask":26,"Ring of the Snake":0},{"SlaversCollar":16,"Dream Catcher":4,"MealTicket":5,"Eternal Feather":10,"Ancient Tea Set":5,"Cursed Key":9,"Boot":12,"Smiling Mask":13,"Ring of the Snake":0},{"SlaversCollar":69,"Dream Catcher":19,"MealTicket":26,"Eternal Feather":44,"Ancient Tea Set":26,"Cursed Key":41,"Boot":51,"Smiling Mask":54,"Ring of the Snake":0}],"Ring of the Snake":[40]},"card_choices":[{"not_picked":["Sucker Punch","Caltrops"],"picked":"Flying Knee","floor":1.0},{"not_picked":["Terror","Catalyst"],"picked":"Crippling Poison","floor":3.0},{"not_picked":["Skewer","Bane","Flechettes"],"picked":"SKIP","floor":5.0},{"not_picked":["Finisher","Outmaneuver"],"picked":"Adrenaline","floor":6.0},{"not_picked":["Skewer","Cloak And Dagger"],"picked":"Blade Dance","floor":8.0},{"not_picked":["Dodge and Roll","Poisoned Stab"],"picked":"Slice","floor":10.0},{"not_picked":["Underhanded Strike","Eviscerate"],"picked":"Finisher","floor":12.0},{"not_picked":["Reflex","Masterful Stab","Sucker Punch"],"picked":"SKIP","floor":14.0},{"not_picked":["Night Terror","Adrenaline"],"picked":"Storm of Steel","floor":16.0},{"not_picked":["Masterful Stab","Outmaneuver"],"picked":"PiercingWail","floor":18.0},{"not_picked":["Finisher","Escape Plan"],"picked":"Acrobatics","floor":20.0},{"not_picked":["Footwork+1","Heel Hook"],"picked":"Tools of the Trade","floor":23.0},{"not_picked":["Prepared","Dagger Throw","Dodge and Roll"],"picked":"SKIP","floor":24.0},{"not_picked":["Poisoned Stab","PiercingWail+1"],"picked":"Backstab","floor":28.0},{"not_picked":["Backstab+1","Bane"],"picked":"Dodge and Roll+1","floor":30.0},{"not_picked":["Envenom","Storm of Steel"],"picked":"After Image","floor":33.0},{"not_picked":["PiercingWail","Backflip","Poisoned Stab+1"],"picked":"SKIP","floor":35.0},{"not_picked":["Bane+1","Dagger Spray","Quick Slash"],"picked":"SKIP","floor":38.0},{"not_picked":["Outmaneuver+1","Unload"],"picked":"Dodge and Roll+1","floor":39.0}],"player_experience":104050,"relics_obtained":[{"floor":6.0,"key":"Dream Catcher"},{"floor":8.0,"key":"MealTicket"},{"floor":9.0,"key":"Ancient Tea Set"},{"floor":23.0,"key":"Boot"},{"floor":26.0,"key":"Smiling Mask"}],"event_choices":[{"cards_removed":["Strike_G"],"damage_healed":0.0,"max_hp_gain":0.0,"max_hp_loss":0.0,"gold_gain":0.0,"event_name":"The Cleric","player_choice":"Card Removal","floor":4.0,"gold_loss":50.0,"damage_taken":0.0},{"damage_healed":0.0,"max_hp_gain":0.0,"max_hp_loss":0.0,"gold_gain":0.0,"event_name":"Addict","player_choice":"Obtained Relic","floor":19.0,"gold_loss":85.0,"damage_taken":0.0,"relics_obtained":["Eternal Feather"]},{"damage_healed":0.0,"max_hp_gain":0.0,"max_hp_loss":0.0,"gold_gain":0.0,"event_name":"Match and Keep!","player_choice":"2 cards matched","floor":22.0,"gold_loss":0.0,"damage_taken":0.0,"cards_obtained":["Neutralize","Dash"]},{"damage_healed":0.0,"max_hp_gain":0.0,"max_hp_loss":0.0,"gold_gain":0.0,"event_name":"The Library","player_choice":"Read","floor":31.0,"gold_loss":0.0,"damage_taken":0.0,"cards_obtained":["Expertise"]},{"damage_healed":0.0,"max_hp_gain":0.0,"max_hp_loss":0.0,"gold_gain":0.0,"event_name":"Winding Halls","player_choice":"Embrace Madness","floor":36.0,"gold_loss":0.0,"damage_taken":9.0,"cards_obtained":["Madness","Madness"]},{"damage_healed":0.0,"max_hp_gain":0.0,"max_hp_loss":0.0,"gold_gain":0.0,"event_name":"NoteForYourself","player_choice":"Ignored","floor":37.0,"gold_loss":0.0,"damage_taken":0.0}],"is_beta":false,"boss_relics":[{"not_picked":["Runic Pyramid","Black Star"],"picked":"Cursed Key"},{"not_picked":["Busted Crown","Fusion Hammer"],"picked":"SlaversCollar"}],"items_purged_floors":[],"is_endless":false,"potions_floor_spawned":[3,8,12,16,18,30,39],"killed_by":"Nemesis","ascension_level":0}}