{"host":"4qkvkh7pd9qr2mca","time":1608396567,"event":{"mods":["AchievementEnabler","BaseMod","Colored Map","Colored Powertips","Highlight Path","Minty Spire (QoL Compilation)","Permanent Neow","Quick Restart","StSLib","SuperFastMode"],"gold_per_floor":[119,44,63,81,101,135,135,164,164,144,162,192,206,216,216,291,291,304,316,69,79,97,97,112,112,112],"floor_reached":25,"playtime":1240,"items_purged":["Strike_G"],"score":558,"play_id":"0ba97d19-81ea-4182-83e3-96f708c1b806","local_time":"20201219174927","is_ascension_mode":true,"campfire_choices":[{"floor":7,"key":"REST"},{"floor":15,"key":"REST"},{"floor":23,"key":"DIG"}],"circlet_count":0,"master_deck":["AscendersBane","Strike_G","Strike_G","Defend_G","Defend_G","Defend_G","Defend_G","Survivor","Neutralize","Calculated Gamble","Infinite Blades","Predator","Flying Knee","Noxious Fumes","Dash","Bane","Footwork","Blade Dance","PiercingWail","Footwork","Die Die Die","Dash","Dodge and Roll","Deflect","Calculated Gamble+1"],"relics":["Ring of the Snake","Happy Flower","Turnip","Lizard Tail","Shovel","WristBlade","Toolbox","Question Card"],"acts_visited":["Exordium","TheCity"],"potions_floor_usage":[5,8,12,16,16,21,22,25],"damage_taken":[{"damage":2,"enemies":"Jaw Worm","floor":1,"turns":6},{"damage":4,"enemies":"Small Slimes","floor":3,"turns":5},{"damage":0,"enemies":"Cultist","floor":4,"turns":4},{"damage":5,"enemies":"Lots of Slimes","floor":5,"turns":5},{"damage":15,"enemies":"3 Sentries","floor":6,"turns":7},{"damage":26,"enemies":"Gremlin Nob","floor":8,"turns":5},{"damage":0,"enemies":"3 Louse","floor":11,"turns":4},{"damage":9,"enemies":"Lagavulin","floor":12,"turns":6},{"damage":2,"enemies":"Red Slaver","floor":13,"turns":4},{"damage":4,"enemies":"Lots of Slimes","floor":14,"turns":3},{"damage":0,"enemies":"Hexaghost","floor":16,"turns":9},{"damage":15,"enemies":"2 Thieves","floor":18,"turns":5},{"damage":1,"enemies":"Spheric Guardian","floor":19,"turns":6},{"damage":13,"enemies":"Cultist and Chosen","floor":21,"turns":5},{"damage":28,"enemies":"Sentry and Sphere","floor":22,"turns":8},{"damage":6,"enemies":"Centurion and Healer","floor":24,"turns":5},{"damage":24,"enemies":"Book of Stabbing","floor":25,"turns":7}],"seed_played":"-5012807754952857383","potions_obtained":[{"floor":4,"key":"GhostInAJar"},{"floor":5,"key":"Ancient Potion"},{"floor":6,"key":"Swift Potion"},{"floor":10,"key":"LiquidBronze"},{"floor":12,"key":"DistilledChaos"},{"floor":16,"key":"Swift Potion"},{"floor":18,"key":"SteroidPotion"},{"floor":22,"key":"Block Potion"},{"floor":24,"key":"Ancient Potion"}],"is_trial":false,"path_per_floor":["M","?","M","M","M","E","R","E","T","?","M","E","M","M","R","B",null,"M","M","$","M","M","R","M","E"],"character_chosen":"THE_SILENT","items_purchased":["Toolbox"],"campfire_rested":2,"item_purchase_floors":[20],"current_hp_per_floor":[57,57,53,53,48,33,51,25,25,25,25,16,14,10,28,28,52,37,36,36,23,30,30,24,0,0],"gold":112,"neow_bonus":"TRANSFORM_TWO_CARDS","is_daily":false,"chose_seed":false,"campfire_upgraded":0,"win_rate":0.0,"timestamp":1608396567,"path_taken":["M","?","M","M","M","E","R","E","T","?","?","E","M","M","R","BOSS","M","M","$","M","M","R","M","E"],"items_purchased_type":["Relic"],"build_version":"2020-12-13","purchased_purges":1,"victory":false,"max_hp_per_floor":[60,60,60,60,60,60,60,60,60,60,60,60,60,60,60,60,60,60,60,60,60,60,60,60,60,60],"card_choices":[{"not_picked":["Bane","Sucker Punch"],"picked":"Predator","floor":1},{"not_picked":["Expertise","Prepared"],"picked":"Flying Knee","floor":3},{"not_picked":["Catalyst","Calculated Gamble"],"picked":"Noxious Fumes","floor":4},{"not_picked":["Cloak And Dagger","Burst"],"picked":"Dash","floor":5},{"not_picked":["Caltrops","Poisoned Stab"],"picked":"Bane","floor":6},{"not_picked":["Dodge and Roll","Dash","Dagger Spray"],"picked":"SKIP","floor":8},{"not_picked":["Backstab","Concentrate"],"picked":"Footwork","floor":11},{"not_picked":["Endless Agony","Tactician"],"picked":"Blade Dance","floor":12},{"not_picked":["Dagger Spray","Sucker Punch"],"picked":"PiercingWail","floor":13},{"not_picked":["Sucker Punch","Accuracy"],"picked":"Footwork","floor":14},{"not_picked":["Unload","Storm of Steel"],"picked":"Die Die Die","floor":16},{"not_picked":["Underhanded Strike","Blur"],"picked":"Dash","floor":18},{"not_picked":["Bane","Infinite Blades"],"picked":"Dodge and Roll","floor":19},{"not_picked":["Bane","Reflex","Acrobatics"],"picked":"SKIP","floor":21},{"not_picked":["Slice","Dodge and Roll"],"picked":"Deflect","floor":22},{"not_picked":["Expertise","Skewer","Deflect"],"picked":"Calculated Gamble+1","floor":24}],"player_experience":449658,"relics_obtained":[{"floor":6,"key":"Happy Flower"},{"floor":8,"key":"Turnip"},{"floor":9,"key":"Lizard Tail"},{"floor":12,"key":"Shovel"},{"floor":23,"key":"Question Card"}],"event_choices":[{"cards_removed":["Strike_G"],"damage_healed":0,"gold_gain":0,"player_choice":"Card Removal","damage_taken":0,"max_hp_gain":0,"max_hp_loss":0,"event_name":"The Cleric","floor":2,"gold_loss":75},{"damage_healed":0,"gold_gain":0,"player_choice":"Bought 1 Potion","damage_taken":0,"max_hp_gain":0,"max_hp_loss":0,"event_name":"The Woman in Blue","floor":10,"gold_loss":0}],"is_beta":false,"boss_relics":[{"not_picked":["Velvet Choker","Runic Dome"],"picked":"WristBlade"}],"items_purged_floors":[20],"is_endless":false,"potions_floor_spawned":[4,5,6,12,16,18,22,24],"killed_by":"Book of Stabbing","ascension_level":20}}