{"host":"6azrrw3tf7wb0f4b","time":1608348306,"event":{"mods":["BaseMod","DeckTracker","Minty Spire (QoL Compilation)","SuperFastMode"],"gold_per_floor":[110,110,126,51,63,63,91,91,91,101,276,294,304,269,269,269,269],"floor_reached":16,"playtime":328,"items_purged":["Strike_P"],"score":158,"play_id":"3f6db854-4706-48fb-9847-8d828144f854","local_time":"20201219122506","is_ascension_mode":true,"campfire_choices":[{"data":"ConjureBlade","floor":6.0,"key":"SMITH"},{"floor":15,"key":"REST"}],"circlet_count":0,"master_deck":["AscendersBane","Strike_P","Strike_P","Strike_P","Defend_P","Defend_P","Defend_P","Defend_P","Eruption","Vigilance","ConjureBlade+1","CarveReality","BattleHymn","Protect","Doubt","WindmillStrike","TalkToTheHand"],"relics":["PureWater","Darkstone Periapt","StrikeDummy"],"acts_visited":["Exordium"],"potions_floor_usage":[],"damage_taken":[{"damage":3.0,"enemies":"2 Louse","floor":1.0,"turns":2.0},{"damage":12.0,"enemies":"Cultist","floor":3.0,"turns":3.0},{"damage":3.0,"enemies":"Small Slimes","floor":5.0,"turns":4.0},{"damage":12.0,"enemies":"Lagavulin","floor":7.0,"turns":5.0},{"damage":11.0,"enemies":"Exordium Wildlife","floor":10.0,"turns":3.0},{"damage":12.0,"enemies":"3 Louse","floor":12.0,"turns":5.0},{"damage":13,"enemies":"Large Slime","floor":13,"turns":4},{"damage":33,"enemies":"Hexaghost","floor":16,"turns":5}],"seed_played":"2874179992521943348","potions_obtained":[{"floor":1.0,"key":"Block Potion"},{"floor":2.0,"key":"LiquidBronze"},{"floor":7.0,"key":"SkillPotion"}],"is_trial":false,"path_per_floor":["M","?","M","$","M","R","E","$","T","M","?","M","M","?","R","B"],"character_chosen":"WATCHER","items_purchased":[],"campfire_rested":1,"item_purchase_floors":[],"current_hp_per_floor":[62,62,50,50,47,47,35,35,35,24,30,18,5,5,28,0,0],"gold":269,"neow_bonus":"ONE_RANDOM_RARE_CARD","is_daily":false,"chose_seed":false,"campfire_upgraded":1,"win_rate":0.0,"timestamp":1608348306,"path_taken":["M","?","?","$","M","R","E","?","T","M","?","M","M","?","R","BOSS"],"items_purchased_type":[],"build_version":"2020-12-13","purchased_purges":1,"victory":false,"max_hp_per_floor":[72,72,72,72,72,72,72,72,72,72,78,78,78,78,78,78,78],"card_choices":[{"not_picked":["Fasting2","PathToVictory"],"picked":"CarveReality","floor":1.0},{"not_picked":["CrushJoints","MentalFortress"],"picked":"BattleHymn","floor":3.0},{"not_picked":["EmptyFist","ThirdEye","FlyingSleeves"],"picked":"SKIP","floor":5.0},{"not_picked":["CrushJoints","Meditate","CutThroughFate"],"picked":"SKIP","floor":7.0},{"not_picked":["PathToVictory","Evaluate"],"picked":"Protect","floor":10.0},{"not_picked":["Collect","JustLucky"],"picked":"WindmillStrike","floor":12},{"not_picked":["FollowUp","BowlingBash"],"picked":"TalkToTheHand","floor":13}],"player_experience":626437,"relics_obtained":[{"floor":7.0,"key":"Darkstone Periapt"},{"floor":9.0,"key":"StrikeDummy"}],"event_choices":[{"damage_healed":0.0,"max_hp_gain":0.0,"max_hp_loss":0.0,"gold_gain":0.0,"event_name":"Lab","player_choice":"Got Potions","floor":2.0,"gold_loss":0.0,"damage_taken":0.0},{"damage_healed":0.0,"max_hp_gain":0.0,"max_hp_loss":0.0,"gold_gain":175.0,"event_name":"Liars Game","player_choice":"AGREE","floor":11.0,"gold_loss":0.0,"damage_taken":0.0,"cards_obtained":["Doubt"]},{"damage_healed":0,"gold_gain":0,"player_choice":"Left Gold","damage_taken":0,"max_hp_gain":0,"max_hp_loss":0,"event_name":"World of Goop","floor":14,"gold_loss":35}],"is_beta":false,"boss_relics":[],"items_purged_floors":[4],"is_endless":false,"potions_floor_spawned":[1,7,10],"killed_by":"Hexaghost","ascension_level":11}}