{"host":"3a1ypf1irl30q4k8","time":1608386181,"event":{"mods":["AchievementEnabler","BaseMod","Bestiary","Colored Map","Minty Spire (QoL Compilation)","Relic Stats"],"gold_per_floor":[111,128,47,63,63,98,109,109,109,148,148,10,50,70,70,184,184,204,27,42,53,62,105,134,164,164,173,183,183,219,238,238,352,352,380,380,397,397,410,436,436,436,459,46,46,46,46,66,66,66,66,75,3,37,37,37],"floor_reached":55,"playtime":3398,"items_purged":["Strike_P"],"score":916,"play_id":"8728b9ec-78b2-4276-820c-6e4589847e96","local_time":"20201219135621","is_ascension_mode":true,"campfire_choices":[{"floor":8,"key":"REST"},{"data":"Scrawl","floor":11,"key":"SMITH"},{"data":"SandsOfTime","floor":15,"key":"SMITH"},{"floor":27,"key":"REST"},{"data":"Ragnarok","floor":29,"key":"SMITH"},{"floor":32,"key":"REST"},{"floor":42,"key":"RECALL"},{"data":"TalkToTheHand","floor":46,"key":"SMITH"},{"floor":49,"key":"REST"},{"floor":52,"key":"REST"}],"circlet_count":0,"master_deck":["Strike_P+1","Strike_P+1","Strike_P+1","Defend_P+1","Defend_P+1","Defend_P+1","Defend_P+1","Eruption+1","Vigilance+1","DeusExMachina+1","SandsOfTime+1","EmptyFist+1","Tantrum+1","ClearTheMind+1","Protect+1","Establishment+1","ThirdEye+1","Scrawl+1","CutThroughFate+1","Adaptation+1","DevaForm+1","Adaptation+1","SandsOfTime+1","Halt+1","Ragnarok+1","Evaluate+1","EmptyFist+1","Swivel+1","MasterReality+1","TalkToTheHand+1","Evaluate+1","Wireheading+1","Evaluate+1"],"relics":["PureWater","Bronze Scales","Mercury Hourglass","CeramicFish","Singing Bowl","Whetstone","Snecko Eye","ClockworkSouvenir","Dream Catcher","Meat on the Bone","Akabeko","CloakClasp","Black Star","Toxic Egg 2","Mark of the Bloom","Lantern","Eternal Feather","OrangePellets","Centennial Puzzle","Nunchaku","Oddly Smooth Stone"],"acts_visited":["Exordium","TheCity","TheBeyond","TheEnding"],"potions_floor_usage":[13,16,23,23,25,30,33,40,48,48,48,50,54],"damage_taken":[{"damage":2,"enemies":"Jaw Worm","floor":1,"turns":4},{"damage":0,"enemies":"Cultist","floor":2,"turns":3},{"damage":0,"enemies":"2 Louse","floor":4,"turns":2},{"damage":12,"enemies":"Lagavulin","floor":6,"turns":4},{"damage":3,"enemies":"Looter","floor":7,"turns":3},{"damage":10,"enemies":"3 Sentries","floor":10,"turns":5},{"damage":4,"enemies":"Gremlin Nob","floor":13,"turns":3},{"damage":10,"enemies":"Large Slime","floor":14,"turns":3},{"damage":5,"enemies":"The Guardian","floor":16,"turns":6},{"damage":7,"enemies":"Chosen","floor":18,"turns":3},{"damage":5,"enemies":"3 Byrds","floor":20,"turns":3},{"damage":0,"enemies":"Centurion and Healer","floor":21,"turns":2},{"damage":0,"enemies":"Slavers","floor":23,"turns":2},{"damage":0,"enemies":"3 Cultists","floor":24,"turns":3},{"damage":25,"enemies":"Gremlin Leader","floor":25,"turns":2},{"damage":0,"enemies":"Sentry and Sphere","floor":28,"turns":3},{"damage":17,"enemies":"Book of Stabbing","floor":30,"turns":3},{"damage":8,"enemies":"Centurion and Healer","floor":31,"turns":3},{"damage":23,"enemies":"Champ","floor":33,"turns":11},{"damage":0,"enemies":"Orb Walker","floor":35,"turns":1},{"damage":0,"enemies":"3 Darklings","floor":37,"turns":1},{"damage":0,"enemies":"4 Shapes","floor":39,"turns":5},{"damage":0,"enemies":"Giant Head","floor":40,"turns":5},{"damage":4,"enemies":"Transient","floor":48,"turns":5},{"damage":31,"enemies":"Donu and Deca","floor":50,"turns":14},{"damage":38,"enemies":"Shield and Spear","floor":54,"turns":6},{"damage":15,"enemies":"The Heart","floor":55,"turns":2}],"seed_played":"-8591731093358601365","potions_obtained":[{"floor":4,"key":"SteroidPotion"},{"floor":6,"key":"Weak Potion"},{"floor":7,"key":"Swift Potion"},{"floor":13,"key":"BottledMiracle"},{"floor":20,"key":"SteroidPotion"},{"floor":21,"key":"Block Potion"},{"floor":28,"key":"SkillPotion"},{"floor":30,"key":"DistilledChaos"},{"floor":33,"key":"SteroidPotion"},{"floor":35,"key":"Energy Potion"},{"floor":39,"key":"Explosive Potion"},{"floor":48,"key":"SpeedPotion"},{"floor":54,"key":"StancePotion"}],"is_trial":false,"path_per_floor":["M","M","$","M","?","E","M","R","T","E","R","$","E","M","R","B",null,"M","$","M","M","?","E","M","E","T","R","M","R","E","M","R","B",null,"M","T","M","?","M","E","?","R","T","$","?","R","$","M","R","B",null,"R","$","E","B"],"character_chosen":"WATCHER","items_purchased":["Tantrum","ClearTheMind","CutThroughFate","AttackPotion","Adaptation","ClockworkSouvenir","OrangePellets","TalkToTheHand","Centennial Puzzle","Weak Potion","LiquidMemories"],"campfire_rested":5,"item_purchase_floors":[3,3,12,12,19,19,44,44,44,44,53],"current_hp_per_floor":[70,70,70,70,58,46,43,64,64,54,54,54,50,42,42,37,74,69,69,66,68,68,68,68,45,45,69,71,71,54,46,73,50,86,86,86,88,88,88,88,88,88,88,88,87,87,87,83,83,52,52,52,52,14,0,0],"gold":37,"neow_bonus":"ONE_RANDOM_RARE_CARD","is_daily":false,"chose_seed":false,"campfire_upgraded":4,"win_rate":0.0,"timestamp":1608386181,"path_taken":["M","M","$","M","?","E","M","R","T","E","R","$","E","M","R","BOSS","M","$","M","M","?","E","M","E","T","R","M","R","E","M","R","BOSS","M","?","M","?","M","E","?","R","T","$","?","R","$","M","R","BOSS","R","$","E","BOSS"],"items_purchased_type":["Card","Card","Card","Potion","Card","Relic","Relic","Card","Relic","Potion","Potion"],"build_version":"2020-12-13","purchased_purges":1,"victory":false,"max_hp_per_floor":[72,72,72,72,72,72,72,72,72,72,72,72,72,74,74,74,74,76,76,78,80,80,80,80,82,82,82,84,84,84,84,86,86,86,86,86,88,88,90,92,92,92,92,92,87,87,87,87,89,89,89,89,89,89,89,89],"relic_stats":{"Mark of the Bloom":228,"Singing Bowl":22,"counters":[27,107],"CeramicFish":153,"Eternal Feather":0,"CloakClasp":[223],"Whetstone":["Eruption","Strike_P"],"Mercury Hourglass":[343],"OrangePellets":[4],"Dream Catcher":4,"Centennial Puzzle":[14],"Nunchaku":[0],"Bronze Scales":[207],"Snecko Eye":[97,126,95,109],"Black Star":2,"obtain_stats":[{"Mark of the Bloom":38,"Lantern":40,"Singing Bowl":10,"CeramicFish":9,"Oddly Smooth Stone":54,"Eternal Feather":40,"CloakClasp":30,"Whetstone":13,"Akabeko":26,"Mercury Hourglass":6,"ClockworkSouvenir":19,"OrangePellets":44,"Dream Catcher":23,"Centennial Puzzle":44,"Nunchaku":54,"Bronze Scales":5,"Snecko Eye":17,"Black Star":34,"PureWater":0,"Toxic Egg 2":36,"Meat on the Bone":25},{"Mark of the Bloom":21,"Lantern":23,"Singing Bowl":6,"CeramicFish":5,"Oddly Smooth Stone":26,"Eternal Feather":23,"CloakClasp":17,"Whetstone":7,"Akabeko":15,"Mercury Hourglass":4,"ClockworkSouvenir":10,"OrangePellets":23,"Dream Catcher":13,"Centennial Puzzle":23,"Nunchaku":26,"Bronze Scales":3,"Snecko Eye":9,"Black Star":19,"PureWater":0,"Toxic Egg 2":20,"Meat on the Bone":15},{"Mark of the Bloom":70,"Lantern":80,"Singing Bowl":21,"CeramicFish":16,"Oddly Smooth Stone":105,"Eternal Feather":80,"CloakClasp":54,"Whetstone":24,"Akabeko":48,"Mercury Hourglass":13,"ClockworkSouvenir":36,"OrangePellets":80,"Dream Catcher":43,"Centennial Puzzle":80,"Nunchaku":105,"Bronze Scales":9,"Snecko Eye":33,"Black Star":68,"PureWater":0,"Toxic Egg 2":69,"Meat on the Bone":48}],"Meat on the Bone":0},"card_choices":[{"not_picked":["JustLucky","PathToVictory"],"picked":"SandsOfTime","floor":1},{"not_picked":["Consecrate","BowlingBash"],"picked":"EmptyFist","floor":2},{"not_picked":["Halt","CrushJoints"],"picked":"Protect","floor":4},{"not_picked":["Swivel","DeceiveReality"],"picked":"Establishment","floor":6},{"not_picked":["Protect","Evaluate"],"picked":"ThirdEye","floor":7},{"not_picked":["EmptyBody","WaveOfTheHand"],"picked":"Scrawl","floor":10},{"not_picked":["Crescendo","Study"],"picked":"Adaptation","floor":13},{"not_picked":["CrushJoints","JustLucky","EmptyBody"],"picked":"Singing Bowl","floor":14},{"not_picked":["Judgement","Blasphemy"],"picked":"DevaForm","floor":16},{"not_picked":["EmptyFist","PathToVictory","CutThroughFate"],"picked":"Singing Bowl","floor":18},{"not_picked":["FlurryOfBlows","Protect","CutThroughFate"],"picked":"Singing Bowl","floor":20},{"not_picked":["Crescendo","PathToVictory","SashWhip"],"picked":"Singing Bowl","floor":21},{"not_picked":["Vengeance","ReachHeaven"],"picked":"Halt","floor":23},{"not_picked":["Halt","FollowUp"],"picked":"Ragnarok","floor":24},{"not_picked":["Worship","Wireheading","MentalFortress"],"picked":"Singing Bowl","floor":25},{"not_picked":["EmptyMind","WindmillStrike"],"picked":"Evaluate","floor":27},{"not_picked":["BowlingBash","Wireheading+1","JustLucky"],"picked":"Singing Bowl","floor":28},{"not_picked":["PathToVictory","Meditate"],"picked":"EmptyFist+1","floor":30},{"not_picked":["FlurryOfBlows+1","Halt"],"picked":"Swivel+1","floor":31},{"not_picked":["FlurryOfBlows","CrushJoints","SignatureMove"],"picked":"Singing Bowl","floor":32},{"not_picked":["Devotion","Brilliance"],"picked":"MasterReality","floor":33},{"not_picked":["CrushJoints+1","EmptyFist+1"],"picked":"EmptyBody+1","floor":35},{"not_picked":["Prostrate+1","Crescendo+1","PathToVictory+1"],"picked":"Singing Bowl","floor":37},{"not_picked":["CrushJoints+1","DeceiveReality+1","Consecrate"],"picked":"Singing Bowl","floor":39},{"not_picked":["SpiritShield+1","Worship+1","Collect+1"],"picked":"Singing Bowl","floor":40},{"not_picked":["CutThroughFate","Worship+1"],"picked":"Evaluate+1","floor":48},{"not_picked":["Consecrate","Adaptation+1","Weave+1"],"picked":"Singing Bowl","floor":49},{"not_picked":["CarveReality","Vengeance+1"],"picked":"Wireheading+1","floor":52},{"not_picked":["Consecrate+1","Conclude+1"],"picked":"Evaluate+1","floor":54}],"player_experience":857157,"relics_obtained":[{"floor":6,"key":"Mercury Hourglass"},{"floor":9,"key":"CeramicFish"},{"floor":10,"key":"Singing Bowl"},{"floor":13,"key":"Whetstone"},{"floor":23,"key":"Dream Catcher"},{"floor":25,"key":"Meat on the Bone"},{"floor":26,"key":"Akabeko"},{"floor":30,"key":"CloakClasp"},{"floor":36,"key":"Toxic Egg 2"},{"floor":40,"key":"Lantern"},{"floor":40,"key":"Eternal Feather"},{"floor":54,"key":"Nunchaku"},{"floor":54,"key":"Oddly Smooth Stone"}],"event_choices":[{"damage_healed":0,"gold_gain":0,"player_choice":"Success","damage_taken":12,"relics_obtained":["Bronze Scales"],"max_hp_gain":0,"max_hp_loss":0,"event_name":"Scrap Ooze","floor":5,"gold_loss":0},{"damage_healed":0,"gold_gain":0,"player_choice":"Copied","damage_taken":0,"max_hp_gain":0,"max_hp_loss":0,"event_name":"Duplicator","floor":22,"gold_loss":0,"cards_obtained":["SandsOfTime"]},{"damage_healed":0,"gold_gain":0,"player_choice":"Upgrade","damage_taken":0,"relics_obtained":["Mark of the Bloom"],"max_hp_gain":0,"max_hp_loss":0,"event_name":"MindBloom","floor":38,"gold_loss":0,"cards_upgraded":["Strike_P","Strike_P","Defend_P","Defend_P","Defend_P","Defend_P","Vigilance","DeusExMachina","EmptyFist","Tantrum","ClearTheMind","Protect","Establishment","ThirdEye","CutThroughFate","Adaptation","DevaForm","Adaptation","Halt","Evaluate","MasterReality"]},{"cards_removed":["EmptyBody"],"damage_healed":0,"gold_gain":0,"player_choice":"Removed Skill","damage_taken":0,"max_hp_gain":0,"max_hp_loss":0,"event_name":"Falling","floor":41,"gold_loss":0},{"damage_healed":0,"gold_gain":0,"player_choice":"Max HP","damage_taken":0,"max_hp_gain":0,"max_hp_loss":5,"event_name":"Winding Halls","floor":45,"gold_loss":0}],"is_beta":false,"boss_relics":[{"not_picked":["Fusion Hammer","SlaversCollar"],"picked":"Snecko Eye"},{"not_picked":["Sozu","Runic Pyramid"],"picked":"Black Star"}],"items_purged_floors":[12],"is_endless":false,"potions_floor_spawned":[4,6,7,13,20,21,28,30,33,35,39,48,54],"killed_by":"The Heart","ascension_level":3}}