{"host":"7l2t4psy44vpcd9q","time":1608392596,"event":{"mods":["AchievementEnabler","BaseMod","DeckTracker","Minty Spire (QoL Compilation)","SuperFastMode"],"gold_per_floor":[109,109,128,51,71,96,107,127,152,77,89,69,88,105,105,179,179,193,193,212,24,24,24,58,58,58],"floor_reached":25,"playtime":973,"items_purged":["Strike_P","Defend_P"],"score":536,"play_id":"570065cb-2326-4bee-b77e-3b91ecf82e95","local_time":"20201220004316","is_ascension_mode":true,"campfire_choices":[{"floor":15,"key":"REST"},{"data":"Adaptation","floor":23,"key":"SMITH"}],"circlet_count":0,"master_deck":["AscendersBane","Strike_P","Strike_P","Defend_P","Defend_P","Eruption","Vigilance","CutThroughFate","Wallop","WheelKick","MentalFortress","Vengeance","CrushJoints","EmptyFist","TalkToTheHand","BowlingBash","Halt","Vault","SignatureMove","EmptyFist","Halt","Adaptation+1","EmptyBody+1"],"relics":["PureWater","NeowsBlessing","Lantern","Oddly Smooth Stone","Sozu","Pen Nib"],"acts_visited":["Exordium","TheCity"],"potions_floor_usage":[14,18,24],"damage_taken":[{"damage":0,"enemies":"Cultist","floor":1,"turns":1},{"damage":0,"enemies":"Jaw Worm","floor":3,"turns":1},{"damage":0,"enemies":"2 Louse","floor":5,"turns":1},{"damage":34,"enemies":"3 Sentries","floor":6,"turns":6},{"damage":12,"enemies":"Exordium Wildlife","floor":7,"turns":4},{"damage":0,"enemies":"Large Slime","floor":8,"turns":5},{"damage":0,"enemies":"Looter","floor":11,"turns":3},{"damage":0,"enemies":"2 Fungi Beasts","floor":13,"turns":2},{"damage":7,"enemies":"Large Slime","floor":14,"turns":4},{"damage":0,"enemies":"Slime Boss","floor":16,"turns":5},{"damage":8,"enemies":"2 Thieves","floor":18,"turns":2},{"damage":8,"enemies":"3 Byrds","floor":20,"turns":5},{"damage":23,"enemies":"Slavers","floor":24,"turns":5},{"damage":26,"enemies":"Cultist and Chosen","floor":25,"turns":7}],"seed_played":"7367165896981692659","potions_obtained":[{"floor":6,"key":"LiquidBronze"},{"floor":8,"key":"SmokeBomb"},{"floor":12,"key":"LiquidMemories"},{"floor":13,"key":"Block Potion"},{"floor":16,"key":"LiquidMemories"}],"is_trial":false,"path_per_floor":["M","?","M","$","M","E","M","M","T","$","M","?","M","M","R","B",null,"M","?","M","$","?","R","E","M"],"character_chosen":"WATCHER","items_purchased":["WheelKick","Adaptation"],"campfire_rested":1,"item_purchase_floors":[4,21],"current_hp_per_floor":[61,61,61,61,61,27,15,15,15,15,15,15,15,8,28,28,58,50,50,42,42,42,42,19,0,0],"gold":58,"neow_bonus":"THREE_ENEMY_KILL","is_daily":false,"chose_seed":false,"campfire_upgraded":1,"win_rate":0.0,"timestamp":1608392596,"path_taken":["M","?","M","?","?","E","M","M","T","$","M","?","M","?","R","BOSS","M","?","M","$","?","R","E","M"],"items_purchased_type":["Card","Card"],"build_version":"2020-12-13","purchased_purges":2,"victory":false,"max_hp_per_floor":[68,68,68,68,68,68,68,68,68,68,68,68,68,68,68,68,68,68,68,68,68,68,68,68,68,68],"card_choices":[{"not_picked":["Evaluate","Prostrate"],"picked":"CutThroughFate","floor":1},{"not_picked":["Vengeance","SashWhip"],"picked":"Wallop","floor":3},{"not_picked":["Evaluate","Weave"],"picked":"MentalFortress","floor":5},{"not_picked":["Halt","ForeignInfluence"],"picked":"Vengeance","floor":6},{"not_picked":["Evaluate","Prostrate"],"picked":"CrushJoints","floor":7},{"not_picked":["EmptyBody","Evaluate"],"picked":"EmptyFist","floor":8},{"not_picked":["Halt","Ragnarok"],"picked":"TalkToTheHand","floor":11},{"not_picked":["WreathOfFlame","WheelKick"],"picked":"BowlingBash","floor":13},{"not_picked":["CarveReality","Crescendo"],"picked":"Halt","floor":14},{"not_picked":["Brilliance","Alpha"],"picked":"Vault","floor":16},{"not_picked":["Conclude+1","PathToVictory","Crescendo"],"picked":"SKIP","floor":18},{"not_picked":["ThirdEye","FollowUp"],"picked":"Halt","floor":20},{"not_picked":["EmptyMind","Wallop"],"picked":"EmptyBody+1","floor":24}],"player_experience":1106941,"relics_obtained":[{"floor":6,"key":"Lantern"},{"floor":9,"key":"Oddly Smooth Stone"},{"floor":24,"key":"Pen Nib"}],"event_choices":[{"damage_healed":0,"gold_gain":0,"player_choice":"0 cards matched","damage_taken":0,"max_hp_gain":0,"max_hp_loss":0,"event_name":"Match and Keep!","floor":2,"gold_loss":0,"cards_obtained":[]},{"damage_healed":0,"gold_gain":0,"player_choice":"Bought 1 Potion","damage_taken":0,"max_hp_gain":0,"max_hp_loss":0,"event_name":"The Woman in Blue","floor":12,"gold_loss":0},{"damage_healed":0,"gold_gain":0,"cards_transformed":["Strike_P","Defend_P"],"player_choice":"Became Test Subject","damage_taken":0,"max_hp_gain":0,"max_hp_loss":0,"event_name":"Drug Dealer","floor":19,"gold_loss":0,"cards_obtained":["SignatureMove","EmptyFist"]}],"is_beta":false,"boss_relics":[{"not_picked":["SlaversCollar","HolyWater"],"picked":"Sozu"}],"items_purged_floors":[10,21],"is_endless":false,"potions_floor_spawned":[6,8,13,16],"killed_by":"Cultist and Chosen","ascension_level":19}}