{"host":"axrdhsaugr8t8srp","time":1608395943,"event":{"mods":["BaseMod","Minty Spire (QoL Compilation)","StSLib"],"gold_per_floor":[110,110,110,127,52,52,87,87,87,119,135,135,161,196,196,196,196],"floor_reached":16,"playtime":452,"items_purged":[],"score":272,"play_id":"b8e614d1-0feb-4c0a-ab7a-c79712e4195f","local_time":"20201220033903","is_ascension_mode":true,"campfire_choices":[{"data":"Shrug It Off","floor":6,"key":"SMITH"},{"data":"Thunderclap","floor":8,"key":"SMITH"},{"data":"Whirlwind","floor":12,"key":"SMITH"},{"data":"True Grit","floor":15,"key":"SMITH"}],"circlet_count":0,"master_deck":["AscendersBane","Strike_R","Strike_R","Strike_R","Defend_R","Defend_R","Defend_R","Defend_R","Bash+1","Shrug It Off+1","Thunderclap+1","Whirlwind+1","True Grit+1"],"relics":["Burning Blood","NeowsBlessing","WingedGreaves","Champion Belt","Meat on the Bone","Anchor","Molten Egg 2"],"acts_visited":["Exordium"],"potions_floor_usage":[4,13],"damage_taken":[{"damage":0,"enemies":"Jaw Worm","floor":1,"turns":1},{"damage":0,"enemies":"Small Slimes","floor":4,"turns":1},{"damage":0,"enemies":"Lagavulin","floor":7,"turns":1},{"damage":29,"enemies":"Gremlin Nob","floor":10,"turns":6},{"damage":4,"enemies":"Cultist","floor":11,"turns":3},{"damage":10,"enemies":"3 Sentries","floor":13,"turns":3},{"damage":33,"enemies":"Lagavulin","floor":14,"turns":6},{"damage":56,"enemies":"The Guardian","floor":16,"turns":12}],"seed_played":"6016476223604114078","potions_obtained":[{"floor":4,"key":"Fruit Juice"},{"floor":7,"key":"SteroidPotion"}],"is_trial":false,"path_per_floor":["M","?","?","M","?","R","E","R","T","E","M","R","E","E","R","B"],"character_chosen":"IRONCLAD","items_purchased":[],"campfire_rested":0,"item_purchase_floors":[],"current_hp_per_floor":[74,74,74,80,80,80,80,80,80,57,59,59,55,40,40,0,0],"gold":196,"neow_bonus":"THREE_ENEMY_KILL","is_daily":false,"chose_seed":false,"campfire_upgraded":4,"win_rate":0.0,"timestamp":1608395943,"path_taken":["M","?","?","?","?","R","E","R","T","E","M","R","E","E","R","BOSS"],"items_purchased_type":[],"build_version":"2020-12-13","purchased_purges":0,"victory":false,"max_hp_per_floor":[75,75,75,80,80,80,80,80,80,80,80,80,80,80,80,80,80],"card_choices":[{"not_picked":["Warcry","Heavy Blade"],"picked":"Shrug It Off","floor":1},{"not_picked":["Headbutt","Iron Wave"],"picked":"Thunderclap","floor":4},{"not_picked":["Flex","Dark Embrace","Clash"],"picked":"SKIP","floor":7},{"not_picked":["Body Slam","Sword Boomerang"],"picked":"Whirlwind","floor":10},{"not_picked":["Whirlwind","Pommel Strike","Clothesline"],"picked":"SKIP","floor":11},{"not_picked":["Reckless Charge","Bludgeon"],"picked":"True Grit","floor":13},{"not_picked":["Burning Pact","Anger+1","Searing Blow+1"],"picked":"SKIP","floor":14}],"player_experience":790213,"relics_obtained":[{"floor":7,"key":"WingedGreaves"},{"floor":9,"key":"Champion Belt"},{"floor":10,"key":"Meat on the Bone"},{"floor":13,"key":"Anchor"},{"floor":14,"key":"Molten Egg 2"}],"event_choices":[{"damage_healed":0,"gold_gain":0,"player_choice":"Grow","damage_taken":0,"max_hp_gain":0,"max_hp_loss":0,"event_name":"Living Wall","floor":2,"gold_loss":0,"cards_upgraded":["Bash"]},{"cards_removed":["Strike_R"],"damage_healed":0,"gold_gain":0,"player_choice":"Offered Basic","damage_taken":0,"max_hp_gain":0,"max_hp_loss":0,"event_name":"Bonfire Elementals","floor":3,"gold_loss":0},{"cards_removed":["Strike_R"],"damage_healed":0,"gold_gain":0,"player_choice":"Card Removal","damage_taken":0,"max_hp_gain":0,"max_hp_loss":0,"event_name":"The Cleric","floor":5,"gold_loss":75}],"is_beta":false,"boss_relics":[],"items_purged_floors":[],"is_endless":false,"potions_floor_spawned":[4,7],"killed_by":"The Guardian","ascension_level":16}}