{"host":"aioitfzuz1h9wkvz","time":1608349716,"event":{"mods":["AchievementEnabler","BaseMod","Colored Map","Minty Spire (QoL Compilation)","Quick Restart","Relic Stats","StSLib"],"gold_per_floor":[109,123,134,209,224,224,257,257,257,289,309,409,421,437,437,533,533,547,74,90,105,125,156,169,169,169,169,182,97,116,136,136,232,232,251,270,270,270,270,295,42,58,109,109,125,138,158,158,158],"floor_reached":48,"playtime":1548,"items_purged":["Strike_R"],"score":527,"play_id":"b67a6246-e702-4e70-a225-2d042bbd6260","local_time":"20201219134836","is_ascension_mode":false,"campfire_choices":[{"data":"Fire Breathing","floor":6,"key":"SMITH"},{"floor":8,"key":"REST"},{"floor":15,"key":"REST"},{"floor":27,"key":"REST"},{"data":"Barricade","floor":32,"key":"SMITH"},{"floor":44,"key":"REST"}],"circlet_count":0,"master_deck":["Strike_R","Strike_R","Strike_R","Strike_R","Defend_R","Defend_R","Defend_R","Defend_R","Bash","Flex","Metallicize","Fire Breathing+1","Reckless Charge","Reckless Charge","Reaper+1","Barricade+1","Power Through","Havoc+1","Wild Strike+1","Writhe"],"relics":["Burning Blood","Ginger","Molten Egg 2","The Courier","Mark of Pain","Pen Nib","Bag of Marbles","Chemical X","Bronze Scales","Vajra","Oddly Smooth Stone","StrikeDummy","Eternal Feather","Black Star","MealTicket","CeramicFish","Bottled Tornado","PreservedInsect"],"acts_visited":["Exordium","TheCity","TheBeyond"],"potions_floor_usage":[10,16,21,22,33,33,33,40,42],"damage_taken":[{"damage":0,"enemies":"2 Louse","floor":1,"turns":3},{"damage":6,"enemies":"Jaw Worm","floor":2,"turns":3},{"damage":3,"enemies":"Cultist","floor":3,"turns":3},{"damage":15,"enemies":"Lots of Slimes","floor":5,"turns":10},{"damage":32,"enemies":"Gremlin Nob","floor":7,"turns":5},{"damage":18,"enemies":"3 Sentries","floor":10,"turns":4},{"damage":25,"enemies":"Large Slime","floor":11,"turns":6},{"damage":3,"enemies":"2 Fungi Beasts","floor":13,"turns":3},{"damage":5,"enemies":"Looter","floor":14,"turns":3},{"damage":47,"enemies":"The Guardian","floor":16,"turns":13},{"damage":43,"enemies":"Shell Parasite","floor":18,"turns":8},{"damage":24,"enemies":"Spheric Guardian","floor":20,"turns":4},{"damage":10,"enemies":"Chosen and Byrds","floor":21,"turns":6},{"damage":17,"enemies":"Centurion and Healer","floor":22,"turns":7},{"damage":64,"enemies":"Slavers","floor":23,"turns":6},{"damage":29,"enemies":"Snake Plant","floor":24,"turns":3},{"damage":6,"enemies":"Shelled Parasite and Fungi","floor":28,"turns":3},{"damage":0,"enemies":"Chosen and Byrds","floor":30,"turns":4},{"damage":14,"enemies":"Centurion and Healer","floor":31,"turns":3},{"damage":81,"enemies":"Champ","floor":33,"turns":10},{"damage":4,"enemies":"Orb Walker","floor":35,"turns":3},{"damage":19,"enemies":"3 Shapes","floor":36,"turns":3},{"damage":79,"enemies":"Reptomancer","floor":40,"turns":9},{"damage":32,"enemies":"Transient","floor":42,"turns":5},{"damage":35,"enemies":"Jaw Worm Horde","floor":45,"turns":4},{"damage":12,"enemies":"Sphere and 2 Shapes","floor":46,"turns":5},{"damage":35,"enemies":"Writhing Mass","floor":47,"turns":6},{"damage":40,"enemies":"Jaw Worm Horde","floor":48,"turns":3}],"seed_played":"-566546609510196544","potions_obtained":[{"floor":2,"key":"FairyPotion"},{"floor":7,"key":"Explosive Potion"},{"floor":10,"key":"SteroidPotion"},{"floor":13,"key":"ColorlessPotion"},{"floor":16,"key":"Swift Potion"},{"floor":20,"key":"Regen Potion"},{"floor":22,"key":"Fruit Juice"},{"floor":24,"key":"SteroidPotion"},{"floor":30,"key":"AttackPotion"},{"floor":36,"key":"EssenceOfSteel"},{"floor":42,"key":"Fruit Juice"}],"is_trial":false,"path_per_floor":["M","M","M","?","M","R","E","R","T","E","M","?","M","M","R","B",null,"M","$","M","M","M","E","M","?","T","R","M","?","M","M","R","B",null,"M","M","?","?","?","E","$","M","T","R","M","M","M","M"],"character_chosen":"IRONCLAD","items_purchased":["Pen Nib","Bag of Marbles","Chemical X","Bronze Scales","Bottled Tornado"],"campfire_rested":4,"item_purchase_floors":[19,19,19,19,41],"current_hp_per_floor":[88,88,88,77,68,68,42,68,68,56,37,37,40,41,67,33,88,51,51,33,44,80,22,33,33,33,60,65,65,77,85,93,30,93,93,93,93,93,93,26,41,38,38,79,68,68,40,0,0],"gold":158,"neow_bonus":"TEN_PERCENT_HP_BONUS","is_daily":false,"chose_seed":false,"campfire_upgraded":2,"win_rate":0.0,"timestamp":1608349716,"path_taken":["M","M","M","?","M","R","E","R","T","E","M","?","?","M","R","BOSS","M","$","?","M","M","E","M","?","T","R","M","?","M","M","R","BOSS","M","M","?","?","?","E","$","M","T","R","M","M","M","?"],"items_purchased_type":["Relic","Relic","Relic","Relic","Relic"],"build_version":"2020-12-13","purchased_purges":1,"victory":false,"max_hp_per_floor":[88,88,88,88,88,88,88,88,88,88,88,88,88,88,88,88,88,88,88,88,88,93,93,93,93,93,93,93,93,93,93,93,93,93,93,93,93,93,93,93,93,98,98,98,98,98,98,98,98],"relic_stats":{"counters":[28,145],"Bronze Scales":[237],"CeramicFish":0,"Eternal Feather":20,"MealTicket":15,"Pen Nib":[13],"PreservedInsect":0,"Black Star":1,"Ginger":[14],"Chemical X":[3],"obtain_stats":[{"CeramicFish":40,"Vajra":23,"Oddly Smooth Stone":25,"Eternal Feather":29,"The Courier":10,"Pen Nib":19,"PreservedInsect":43,"Ginger":7,"Bottled Tornado":41,"Burning Blood":0,"Bronze Scales":19,"Molten Egg 2":9,"MealTicket":40,"Mark of Pain":17,"Bag of Marbles":19,"Black Star":34,"Chemical X":19,"StrikeDummy":26},{"CeramicFish":23,"Vajra":15,"Oddly Smooth Stone":16,"Eternal Feather":17,"The Courier":6,"Pen Nib":11,"PreservedInsect":24,"Ginger":5,"Bottled Tornado":23,"Burning Blood":0,"Bronze Scales":11,"Molten Egg 2":5,"MealTicket":23,"Mark of Pain":10,"Bag of Marbles":11,"Black Star":20,"Chemical X":11,"StrikeDummy":16},{"CeramicFish":122,"Vajra":84,"Oddly Smooth Stone":87,"Eternal Feather":90,"The Courier":28,"Pen Nib":61,"PreservedInsect":127,"Ginger":24,"Bottled Tornado":122,"Burning Blood":0,"Bronze Scales":61,"Molten Egg 2":24,"MealTicket":122,"Mark of Pain":53,"Bag of Marbles":61,"Black Star":107,"Chemical X":61,"StrikeDummy":87}],"Burning Blood":148},"card_choices":[{"not_picked":["Pommel Strike","Thunderclap"],"picked":"Flex","floor":1},{"not_picked":["Pommel Strike","Flex"],"picked":"Metallicize","floor":2},{"not_picked":["Iron Wave","Wild Strike"],"picked":"Fire Breathing","floor":3},{"not_picked":["Battle Trance","Havoc"],"picked":"Reckless Charge","floor":5},{"not_picked":["True Grit","Pommel Strike"],"picked":"Reckless Charge","floor":7},{"not_picked":["Inflame","Anger+1","True Grit"],"picked":"SKIP","floor":10},{"not_picked":["Metallicize","Blood for Blood+1","Hemokinesis+1"],"picked":"SKIP","floor":11},{"not_picked":["Entrench","Sever Soul+1","True Grit"],"picked":"SKIP","floor":13},{"not_picked":["True Grit","Reckless Charge+1"],"picked":"Reaper+1","floor":14},{"not_picked":["Juggernaut","Demon Form"],"picked":"Barricade","floor":16},{"not_picked":["Twin Strike+1","Cleave+1","True Grit"],"picked":"SKIP","floor":18},{"not_picked":["Pummel+1","Combust+1"],"picked":"Power Through","floor":20},{"not_picked":["Immolate+1","Burning Pact"],"picked":"Havoc+1","floor":21},{"not_picked":["Havoc","Sever Soul+1","Dual Wield"],"picked":"SKIP","floor":22},{"not_picked":["Reaper+1","Berserk","Juggernaut"],"picked":"SKIP","floor":23},{"not_picked":["Intimidate","Warcry+1"],"picked":"Wild Strike+1","floor":24},{"not_picked":["Headbutt+1","Intimidate+1","Bloodletting+1"],"picked":"SKIP","floor":28},{"not_picked":["Spot Weakness","Dual Wield","Cleave+1"],"picked":"SKIP","floor":30},{"not_picked":["Sword Boomerang+1","Shockwave","Sever Soul+1"],"picked":"SKIP","floor":31},{"not_picked":["Wild Strike+1","Headbutt+1","Havoc+1"],"picked":"SKIP","floor":35},{"not_picked":["Thunderclap+1","Iron Wave+1","Flex+1"],"picked":"SKIP","floor":36},{"not_picked":["Body Slam+1","Offering","Anger+1"],"picked":"SKIP","floor":40},{"not_picked":["Heavy Blade+1","True Grit","Flame Barrier"],"picked":"SKIP","floor":42},{"not_picked":["Pommel Strike+1","Headbutt+1","Bludgeon+1"],"picked":"SKIP","floor":45},{"not_picked":["True Grit+1","Shrug It Off","Havoc"],"picked":"SKIP","floor":46},{"not_picked":["Armaments+1","Headbutt+1","Twin Strike+1"],"picked":"SKIP","floor":47}],"player_experience":673430,"relics_obtained":[{"floor":7,"key":"Ginger"},{"floor":9,"key":"Molten Egg 2"},{"floor":10,"key":"The Courier"},{"floor":23,"key":"Vajra"},{"floor":26,"key":"StrikeDummy"},{"floor":40,"key":"MealTicket"},{"floor":40,"key":"CeramicFish"},{"floor":43,"key":"PreservedInsect"}],"event_choices":[{"damage_healed":0,"gold_gain":75,"player_choice":"Gather Gold","damage_taken":11,"max_hp_gain":0,"max_hp_loss":0,"event_name":"World of Goop","floor":4,"gold_loss":0},{"damage_healed":0,"gold_gain":100,"player_choice":"Pray","damage_taken":0,"max_hp_gain":0,"max_hp_loss":0,"event_name":"Golden Shrine","floor":12,"gold_loss":0},{"damage_healed":0,"gold_gain":0,"player_choice":"Opened","damage_taken":0,"relics_obtained":["Oddly Smooth Stone"],"max_hp_gain":0,"max_hp_loss":0,"event_name":"The Mausoleum","floor":25,"gold_loss":0,"cards_obtained":["Writhe"]},{"damage_healed":0,"gold_gain":0,"player_choice":"Obtained Relic","damage_taken":0,"relics_obtained":["Eternal Feather"],"max_hp_gain":0,"max_hp_loss":0,"event_name":"Addict","floor":29,"gold_loss":85},{"damage_healed":0,"gold_gain":0,"player_choice":"Memory 1","damage_taken":0,"max_hp_gain":0,"max_hp_loss":0,"event_name":"SensoryStone","floor":37,"gold_loss":0},{"damage_healed":0,"gold_gain":0,"player_choice":"Ignored","damage_taken":0,"max_hp_gain":0,"max_hp_loss":0,"event_name":"Mysterious Sphere","floor":38,"gold_loss":0},{"damage_healed":0,"gold_gain":0,"player_choice":"Ignored","damage_taken":0,"max_hp_gain":0,"max_hp_loss":0,"event_name":"Tomb of Lord Red Mask","floor":39,"gold_loss":0}],"is_beta":false,"boss_relics":[{"not_picked":["Coffee Dripper","Runic Pyramid"],"picked":"Mark of Pain"},{"not_picked":["Runic Cube","Astrolabe"],"picked":"Black Star"}],"items_purged_floors":[41],"is_endless":false,"potions_floor_spawned":[2,7,10,13,16,20,22,24,30,36,42],"killed_by":"Jaw Worm Horde","ascension_level":0}}