{"host":"1a8vswsp13vmqqwt","time":1608385959,"event":{"mods":["AchievementEnabler","BaseMod","Minty Spire (QoL Compilation)","StSLib"],"gold_per_floor":[118,130,147,78,88,113,113,113,140,173,201,228,240,272,284,398,410,442,464,97,115,15,15,31,31,31,56,75,92,92,92,92],"floor_reached":31,"playtime":1335,"items_purged":["Strike_P","Defend_P"],"score":271,"play_id":"4db09aca-0762-4851-a52a-5406065eb3d8","local_time":"20201219165239","is_ascension_mode":false,"campfire_choices":[{"data":"Omniscience","floor":7.0,"key":"SMITH"},{"floor":13.0,"key":"REST"},{"data":"ForeignInfluence","floor":15.0,"key":"SMITH"},{"floor":25,"key":"REST"}],"circlet_count":0,"master_deck":["Strike_P+1","Strike_P+1","Strike_P+1","Defend_P+1","Defend_P+1","Defend_P+1","Eruption","Vigilance","InnerPeace","MentalFortress","Consecrate","FearNoEvil","ForeignInfluence+1","Omniscience+1","Crescendo","Protect","MasterReality","CurseOfTheBell","MentalFortress","EmptyBody","SandsOfTime+1","Establishment","Prostrate+1","MentalFortress"],"relics":["PureWater","Regal Pillow","Happy Flower","Akabeko","MawBank","Calling Bell","PreservedInsect","Shuriken","Peace Pipe","Strawberry","Sling","Kunai","Art of War"],"acts_visited":["Exordium","TheCity"],"potions_floor_usage":[19,21,27,28],"damage_taken":[{"damage":1.0,"enemies":"Cultist","floor":1.0,"turns":3.0},{"damage":0.0,"enemies":"Small Slimes","floor":2.0,"turns":3.0},{"damage":6.0,"enemies":"Jaw Worm","floor":3.0,"turns":4.0},{"damage":0.0,"enemies":"Exordium Wildlife","floor":5.0,"turns":3.0},{"damage":12.0,"enemies":"Gremlin Nob","floor":6.0,"turns":3.0},{"damage":15.0,"enemies":"3 Sentries","floor":10.0,"turns":8.0},{"damage":0.0,"enemies":"Gremlin Gang","floor":11.0,"turns":2.0},{"damage":7.0,"enemies":"Exordium Thugs","floor":12.0,"turns":3.0},{"damage":0.0,"enemies":"2 Fungi Beasts","floor":14.0,"turns":2.0},{"damage":51,"enemies":"The Guardian","floor":16,"turns":14},{"damage":15,"enemies":"Chosen","floor":18,"turns":6},{"damage":32,"enemies":"3 Byrds","floor":19,"turns":7},{"damage":2,"enemies":"Centurion and Healer","floor":21,"turns":11},{"damage":0,"enemies":"Snecko","floor":24,"turns":2},{"damage":13,"enemies":"Book of Stabbing","floor":27,"turns":3},{"damage":28,"enemies":"Snake Plant","floor":28,"turns":5},{"damage":11,"enemies":"Centurion and Healer","floor":29,"turns":6},{"damage":23,"enemies":"Cultist and Chosen","floor":31,"turns":5}],"seed_played":"8424773925014629386","potions_obtained":[{"floor":1.0,"key":"GamblersBrew"},{"floor":3.0,"key":"FearPotion"},{"floor":10.0,"key":"LiquidBronze"},{"floor":12.0,"key":"Strength Potion"},{"floor":16,"key":"PowerPotion"},{"floor":19,"key":"PowerPotion"},{"floor":21,"key":"Strength Potion"},{"floor":27,"key":"Weak Potion"}],"is_trial":false,"path_per_floor":["M","M","M","$","M","E","R","?","T","E","M","M","R","M","R","B",null,"M","M","$","M","$","?","M","R","T","E","M","M","?","M"],"character_chosen":"WATCHER","items_purchased":["FearNoEvil","Strawberry","Sling"],"campfire_rested":2,"item_purchase_floors":[4,20,20],"current_hp_per_floor":[71,71,65,65,65,53,53,58,58,43,43,36,74,74,74,23,77,62,30,37,35,35,35,35,75,75,62,34,23,23,0,0],"gold":92,"neow_bonus":"RANDOM_COMMON_RELIC","is_daily":false,"chose_seed":false,"campfire_upgraded":2,"win_rate":0.0,"timestamp":1608385959,"path_taken":["M","M","M","?","M","E","R","?","T","E","M","M","R","M","R","BOSS","M","M","$","M","$","?","M","R","T","E","M","M","?","M"],"items_purchased_type":["Card","Relic","Relic"],"build_version":"2020-12-13","purchased_purges":2,"victory":false,"max_hp_per_floor":[72,72,72,72,72,72,72,77,77,77,77,77,77,77,77,77,77,77,77,84,84,84,84,84,84,84,84,84,84,84,84,84],"card_choices":[{"not_picked":["SandsOfTime","FlyingSleeves"],"picked":"InnerPeace","floor":1.0},{"not_picked":["ClearTheMind","Prostrate"],"picked":"MentalFortress","floor":2.0},{"not_picked":["ThirdEye","Prostrate"],"picked":"Consecrate","floor":3.0},{"not_picked":["Halt","Collect"],"picked":"ForeignInfluence","floor":5.0},{"not_picked":["SignatureMove","SandsOfTime"],"picked":"Omniscience","floor":6.0},{"not_picked":["Worship","Scrawl"],"picked":"Crescendo","floor":10.0},{"not_picked":["CrushJoints","Meditate","ThirdEye"],"picked":"SKIP","floor":11.0},{"not_picked":["InnerPeace","Halt"],"picked":"Protect","floor":12.0},{"not_picked":["ThirdEye","Adaptation","SashWhip"],"picked":"SKIP","floor":14.0},{"not_picked":["Judgement","Brilliance"],"picked":"MasterReality","floor":16},{"not_picked":["PathToVictory+1","Prostrate"],"picked":"MentalFortress","floor":18},{"not_picked":["BowlingBash","CutThroughFate+1"],"picked":"EmptyBody","floor":19},{"not_picked":["Adaptation","Consecrate"],"picked":"SandsOfTime+1","floor":21},{"not_picked":["Conclude","WaveOfTheHand","Consecrate"],"picked":"SKIP","floor":24},{"not_picked":["CutThroughFate+1","Prostrate"],"picked":"Establishment","floor":27},{"not_picked":["EmptyFist","Protect"],"picked":"Prostrate+1","floor":28},{"not_picked":["Fasting2","Adaptation"],"picked":"MentalFortress","floor":29}],"player_experience":151052,"relics_obtained":[{"floor":6.0,"key":"Happy Flower"},{"floor":9.0,"key":"Akabeko"},{"floor":10.0,"key":"MawBank"},{"floor":17,"key":"PreservedInsect"},{"floor":17,"key":"Shuriken"},{"floor":17,"key":"Peace Pipe"},{"floor":26,"key":"Kunai"},{"floor":27,"key":"Art of War"}],"event_choices":[{"damage_healed":0.0,"max_hp_gain":5.0,"max_hp_loss":0.0,"gold_gain":0.0,"event_name":"Big Fish","player_choice":"Donut","floor":8.0,"gold_loss":0.0,"damage_taken":0.0},{"damage_healed":0,"gold_gain":0,"player_choice":"Simplicity","damage_taken":0,"max_hp_gain":0,"max_hp_loss":0,"event_name":"Back to Basics","floor":30,"gold_loss":0,"cards_upgraded":["Strike_P","Strike_P","Strike_P","Defend_P","Defend_P","Defend_P"]}],"is_beta":false,"boss_relics":[{"not_picked":["SacredBark","Philosopher\u0027s Stone"],"picked":"Calling Bell"}],"items_purged_floors":[20,22],"is_endless":false,"potions_floor_spawned":[1,3,10,12,16,19,21,27],"killed_by":"Cultist and Chosen","ascension_level":0}}