{"host":"9ndbo4kgsfoemf7y","time":1608371119,"event":{"mods":["AchievementEnabler","BaseMod","Colored Map","DeckTracker","Keyboard Shortcuts","Minty Spire (QoL Compilation)","Permanent Neow","Quick Restart","Relic Stats","StSLib","SuperFastMode"],"gold_per_floor":[110,124,49,65,65,65,90,106,106,138,138,169,180,180,180,254,254,274,290,340,225,243,274,290,290,290,319,319,335,349,49,49,121,121,137,153,172,188,188,219,219,246,326,344,377,395,395,428,428,428],"floor_reached":51,"playtime":1716,"items_purged":["Pain","Strike_R"],"score":1698,"play_id":"07b978e2-0928-4d86-8a67-560e6cd8b3d7","local_time":"20201219184519","is_ascension_mode":true,"campfire_choices":[{"data":"Immolate","floor":6.0,"key":"SMITH"},{"data":"Bludgeon","floor":11.0,"key":"SMITH"},{"data":"Impervious","floor":15.0,"key":"SMITH"},{"data":"Uppercut","floor":28.0,"key":"SMITH"},{"data":"Bash","floor":32.0,"key":"SMITH"},{"data":"Limit Break","floor":41.0,"key":"SMITH"},{"data":"Heavy Blade","floor":47,"key":"SMITH"},{"data":"Heavy Blade","floor":49,"key":"SMITH"}],"circlet_count":0,"master_deck":["AscendersBane","Strike_R","Defend_R","Defend_R","Defend_R","Bash+1","Immolate+1","Perfected Strike","Flex","Bludgeon+1","Wild Strike","Twin Strike","Ghostly Armor","Impervious+1","Battle Trance","Demon Form","Second Wind","Uppercut+1","Feel No Pain","Heavy Blade+1","Pommel Strike","Carnage","Evolve","Corruption","Fiend Fire+1","Flex+1","Rage+1","Second Wind","Flame Barrier+1","Limit Break+1","Perfected Strike","Armaments","Heavy Blade+1","Dark Embrace","Uppercut+1"],"relics":["Burning Blood","WarpedTongs","Akabeko","Bag of Preparation","White Beast Statue","Eternal Feather","Snecko Eye","Ancient Tea Set","Ornamental Fan","Gremlin Horn","Happy Flower","Astrolabe","Dream Catcher","Red Skull","The Courier","Bird Faced Urn","StrikeDummy"],"acts_visited":["Exordium","TheCity","TheBeyond"],"potions_floor_usage":[],"damage_taken":[{"damage":1.0,"enemies":"Cultist","floor":1.0,"turns":3.0},{"damage":9.0,"enemies":"Jaw Worm","floor":2.0,"turns":3.0},{"damage":0.0,"enemies":"2 Louse","floor":4.0,"turns":1.0},{"damage":1.0,"enemies":"Gremlin Nob","floor":7.0,"turns":2.0},{"damage":0.0,"enemies":"2 Fungi Beasts","floor":8.0,"turns":1.0},{"damage":6.0,"enemies":"3 Sentries","floor":10.0,"turns":3.0},{"damage":28.0,"enemies":"Lagavulin","floor":12.0,"turns":4.0},{"damage":7.0,"enemies":"Exordium Thugs","floor":13.0,"turns":3.0},{"damage":56.0,"enemies":"Hexaghost","floor":16.0,"turns":7.0},{"damage":18.0,"enemies":"3 Byrds","floor":18.0,"turns":4.0},{"damage":1.0,"enemies":"Shell Parasite","floor":19.0,"turns":1.0},{"damage":0.0,"enemies":"Snake Plant","floor":22.0,"turns":1.0},{"damage":57.0,"enemies":"Gremlin Leader","floor":23.0,"turns":4.0},{"damage":5.0,"enemies":"Chosen and Byrds","floor":24.0,"turns":4.0},{"damage":9.0,"enemies":"Book of Stabbing","floor":27.0,"turns":3.0},{"damage":0.0,"enemies":"Cultist and Chosen","floor":29.0,"turns":3.0},{"damage":0.0,"enemies":"Centurion and Healer","floor":30.0,"turns":1.0},{"damage":27.0,"enemies":"Champ","floor":33.0,"turns":8.0},{"damage":3.0,"enemies":"Orb Walker","floor":35.0,"turns":2.0},{"damage":16.0,"enemies":"3 Darklings","floor":36.0,"turns":3.0},{"damage":0.0,"enemies":"Sphere and 2 Shapes","floor":37.0,"turns":3.0},{"damage":0.0,"enemies":"Jaw Worm Horde","floor":38.0,"turns":2.0},{"damage":0.0,"enemies":"Reptomancer","floor":40.0,"turns":4.0},{"damage":21.0,"enemies":"Nemesis","floor":42.0,"turns":3.0},{"damage":0.0,"enemies":"3 Darklings","floor":44.0,"turns":3.0},{"damage":8,"enemies":"Giant Head","floor":45,"turns":5},{"damage":0,"enemies":"4 Shapes","floor":46,"turns":1},{"damage":5,"enemies":"Nemesis","floor":48,"turns":5},{"damage":20,"enemies":"Donu and Deca","floor":50,"turns":6}],"seed_played":"2141662631127094089","potions_obtained":[{"floor":1.0,"key":"DistilledChaos"},{"floor":4.0,"key":"LiquidMemories"},{"floor":8.0,"key":"Strength Potion"},{"floor":12.0,"key":"Dexterity Potion"},{"floor":13.0,"key":"SteroidPotion"},{"floor":16.0,"key":"Strength Potion"},{"floor":18.0,"key":"SteroidPotion"},{"floor":22.0,"key":"Regen Potion"},{"floor":23.0,"key":"SpeedPotion"},{"floor":24.0,"key":"ElixirPotion"},{"floor":27.0,"key":"Energy Potion"},{"floor":29.0,"key":"LiquidMemories"},{"floor":30.0,"key":"Weak Potion"},{"floor":33.0,"key":"DistilledChaos"},{"floor":35.0,"key":"Swift Potion"},{"floor":38.0,"key":"DistilledChaos"},{"floor":40.0,"key":"SpeedPotion"},{"floor":42.0,"key":"Dexterity Potion"},{"floor":45,"key":"Regen Potion"}],"is_trial":false,"path_per_floor":["M","M","$","M","?","R","E","M","T","E","R","E","M","?","R","B",null,"M","M","?","$","M","E","M","?","T","E","R","M","M","$","R","B",null,"M","M","M","M","?","E","R","E","T","M","E","M","R","E","R","B",null],"character_chosen":"IRONCLAD","items_purchased":["Bludgeon","Uppercut","Evolve","Happy Flower"],"campfire_rested":0,"item_purchase_floors":[3,21,31,31],"current_hp_per_floor":[73,70,70,75,75,75,75,75,75,75,75,53,52,57,69,19,65,53,58,58,58,64,22,23,80,80,77,80,80,80,80,80,59,75,78,68,74,80,80,80,80,65,65,71,69,75,80,80,80,74],"gold":428,"neow_bonus":"ONE_RANDOM_RARE_CARD","is_daily":false,"chose_seed":false,"campfire_upgraded":8,"win_rate":0.0,"timestamp":1608371119,"path_taken":["M","M","$","?","?","R","E","?","T","E","R","E","M","?","R","BOSS","M","M","?","$","M","E","M","?","T","E","R","?","M","?","R","BOSS","M","M","M","M","?","E","R","E","T","M","E","?","R","E","R","BOSS"],"items_purchased_type":["Card","Card","Card","Relic"],"build_version":"2020-12-13","purchased_purges":2,"victory":true,"max_hp_per_floor":[75,75,75,75,75,75,75,75,75,75,75,75,75,80,80,80,80,80,80,80,80,80,80,80,80,80,80,80,80,80,80,80,80,80,80,80,80,80,80,80,80,80,80,80,80,80,80,80,80,80],"relic_stats":{"Gremlin Horn":[15,20],"Happy Flower":[15],"counters":[29,93],"Astrolabe":["Fiend Fire","Flex","Rage"],"Eternal Feather":20,"Bag of Preparation":[48],"Burning Blood":141,"WarpedTongs":[86],"Dream Catcher":0,"Ornamental Fan":[72],"Bird Faced Urn":[10],"Snecko Eye":[123,148,143,136],"obtain_stats":[{"Gremlin Horn":27,"Happy Flower":31,"Astrolabe":34,"Eternal Feather":12,"The Courier":43,"Bag of Preparation":9,"Ancient Tea Set":23,"Burning Blood":0,"Akabeko":7,"White Beast Statue":10,"WarpedTongs":5,"Dream Catcher":40,"Ornamental Fan":26,"Bird Faced Urn":45,"Snecko Eye":17,"StrikeDummy":48,"Red Skull":42},{"Gremlin Horn":15,"Happy Flower":17,"Astrolabe":18,"Eternal Feather":7,"The Courier":24,"Bag of Preparation":5,"Ancient Tea Set":13,"Burning Blood":0,"Akabeko":4,"White Beast Statue":6,"WarpedTongs":3,"Dream Catcher":23,"Ornamental Fan":14,"Bird Faced Urn":26,"Snecko Eye":9,"StrikeDummy":28,"Red Skull":24},{"Gremlin Horn":44,"Happy Flower":48,"Astrolabe":56,"Eternal Feather":17,"The Courier":73,"Bag of Preparation":10,"Ancient Tea Set":37,"Burning Blood":0,"Akabeko":9,"White Beast Statue":13,"WarpedTongs":7,"Dream Catcher":70,"Ornamental Fan":41,"Bird Faced Urn":81,"Snecko Eye":27,"StrikeDummy":87,"Red Skull":73}]},"card_choices":[{"not_picked":["True Grit","Spot Weakness"],"picked":"Perfected Strike","floor":1.0},{"not_picked":["Hemokinesis","Sword Boomerang"],"picked":"Flex","floor":2.0},{"not_picked":["Entrench","Seeing Red"],"picked":"Wild Strike","floor":4.0},{"not_picked":["True Grit","Rampage"],"picked":"Twin Strike","floor":7.0},{"not_picked":["Warcry","Heavy Blade"],"picked":"Ghostly Armor","floor":8.0},{"not_picked":["Thunderclap","Shrug It Off"],"picked":"Impervious","floor":10.0},{"not_picked":["Cleave","Warcry"],"picked":"Battle Trance","floor":12.0},{"not_picked":["Pummel","Havoc","Headbutt"],"picked":"SKIP","floor":13.0},{"not_picked":["Fiend Fire","Juggernaut"],"picked":"Demon Form","floor":16.0},{"not_picked":["Rage","Havoc"],"picked":"Second Wind","floor":18.0},{"not_picked":["Wild Strike","Sever Soul","Pummel+1"],"picked":"SKIP","floor":19.0},{"not_picked":["True Grit","Anger"],"picked":"Feel No Pain","floor":22.0},{"not_picked":["Sever Soul","Anger","Ghostly Armor"],"picked":"SKIP","floor":23.0},{"not_picked":["Heavy Blade","Ghostly Armor","Hemokinesis"],"picked":"SKIP","floor":24.0},{"not_picked":["Ghostly Armor","Hemokinesis"],"picked":"Heavy Blade","floor":24.0},{"not_picked":["Shrug It Off+1","Wild Strike","Seeing Red"],"picked":"SKIP","floor":27.0},{"not_picked":["Twin Strike","Clash"],"picked":"Pommel Strike","floor":29.0},{"not_picked":["Wild Strike","Thunderclap"],"picked":"Carnage","floor":30.0},{"not_picked":["Demon Form","Immolate"],"picked":"Corruption","floor":33.0},{"not_picked":["Thunderclap","Second Wind","Headbutt+1"],"picked":"SKIP","floor":35.0},{"not_picked":["Thunderclap","Headbutt+1"],"picked":"Second Wind","floor":35.0},{"not_picked":["True Grit","Cleave"],"picked":"Flame Barrier+1","floor":36.0},{"not_picked":["Twin Strike","Sword Boomerang"],"picked":"Limit Break","floor":37.0},{"not_picked":["Rage","Rupture"],"picked":"Perfected Strike","floor":38.0},{"not_picked":["Clothesline","Wild Strike+1"],"picked":"Heavy Blade","floor":40.0},{"not_picked":["Spot Weakness+1","True Grit+1","Rupture+1"],"picked":"SKIP","floor":42.0},{"not_picked":["Havoc","Armaments+1","Demon Form"],"picked":"SKIP","floor":44.0},{"not_picked":["Body Slam+1","Cleave+1"],"picked":"Dark Embrace","floor":45},{"not_picked":["Evolve+1","Wild Strike"],"picked":"Uppercut+1","floor":46},{"not_picked":["Power Through","True Grit+1","Fire Breathing"],"picked":"SKIP","floor":48}],"player_experience":709321,"relics_obtained":[{"floor":7.0,"key":"Akabeko"},{"floor":9.0,"key":"Bag of Preparation"},{"floor":10.0,"key":"White Beast Statue"},{"floor":12.0,"key":"Eternal Feather"},{"floor":23.0,"key":"Ancient Tea Set"},{"floor":26.0,"key":"Ornamental Fan"},{"floor":27.0,"key":"Gremlin Horn"},{"floor":40.0,"key":"Dream Catcher"},{"floor":42.0,"key":"Red Skull"},{"floor":43.0,"key":"The Courier"},{"floor":45,"key":"Bird Faced Urn"},{"floor":48,"key":"StrikeDummy"}],"event_choices":[{"damage_healed":0.0,"max_hp_gain":0.0,"max_hp_loss":0.0,"gold_gain":0.0,"event_name":"Accursed Blacksmith","player_choice":"Rummage","floor":5.0,"gold_loss":0.0,"damage_taken":0.0,"relics_obtained":["WarpedTongs"],"cards_obtained":["Pain"]},{"damage_healed":0.0,"max_hp_gain":5.0,"max_hp_loss":0.0,"gold_gain":0.0,"event_name":"Big Fish","player_choice":"Donut","floor":14.0,"gold_loss":0.0,"damage_taken":0.0},{"damage_healed":0.0,"max_hp_gain":0.0,"max_hp_loss":0.0,"gold_gain":50.0,"event_name":"Nest","player_choice":"Stole From Cult","floor":20.0,"gold_loss":0.0,"damage_taken":0.0},{"damage_healed":57.0,"max_hp_gain":0.0,"max_hp_loss":0.0,"gold_gain":0.0,"event_name":"Wheel of Change","player_choice":"Full Heal","floor":25.0,"gold_loss":0.0,"damage_taken":0.0},{"damage_healed":0.0,"max_hp_gain":0.0,"max_hp_loss":0.0,"gold_gain":0.0,"cards_transformed":["Strike_R"],"event_name":"Transmorgrifier","player_choice":"Transformed","floor":39.0,"gold_loss":0.0,"damage_taken":0.0,"cards_obtained":["Armaments"]}],"is_beta":false,"boss_relics":[{"not_picked":["Black Blood","Calling Bell"],"picked":"Snecko Eye"},{"not_picked":["Tiny House","SlaversCollar"],"picked":"Astrolabe"}],"items_purged_floors":[21,31],"is_endless":false,"potions_floor_spawned":[1,4,8,12,13,16,18,19,22,23,24,27,29,30,33,35,36,37,38,40,42,44,45,46,48],"ascension_level":18}}