{"host":"qxkw9ao6n5n9izmz","time":1608354122,"event":{"mods":["BaseMod","Bestiary","Minty Spire (QoL Compilation)","StSLib"],"gold_per_floor":[116,191,191,203,215,215,247,312,312,337,337,370,380,410,410,508,508,519,519,530,549,549,549,564,594,662,577,602,602,542,3,3,99,99,112,124,124,134,34,61,74,89,114,114,114],"floor_reached":44,"playtime":3537,"items_purged":["Doppelganger","Strike_G+1"],"score":531,"play_id":"a52c64e7-5d14-464b-84b3-a2e41b38d2d1","local_time":"20201218210202","is_ascension_mode":true,"campfire_choices":[{"data":"Skewer","floor":6,"key":"SMITH"},{"floor":11,"key":"REST"},{"data":"Sucker Punch","floor":15,"key":"SMITH"},{"data":"Dagger Spray","floor":23,"key":"SMITH"},{"data":"Bouncing Flask","floor":29,"key":"SMITH"},{"floor":32,"key":"REST"}],"circlet_count":0,"master_deck":["Strike_G+1","Strike_G+1","Defend_G+1","Defend_G+1","Defend_G+1","Defend_G+1","Survivor","Neutralize","Sucker Punch+1","Skewer+1","Dodge and Roll","Tools of the Trade+1","Acrobatics","Dagger Spray+1","Bouncing Flask+1","PiercingWail","Caltrops+1","Dodge and Roll","Well Laid Plans+1","Venomology","Footwork+1","Footwork+1","Deadly Poison"],"relics":["Velvet Choker","Eternal Feather","Frozen Egg 2","Pantograph","Strawberry","Ancient Tea Set","Busted Crown","Nloth\u0027s Gift","Dream Catcher","Question Card","Akabeko","Gremlin Horn","Frozen Eye","Snecko Eye","The Courier"],"acts_visited":["Exordium","TheCity","TheBeyond"],"potions_floor_usage":[10,14,40,41,42],"damage_taken":[{"damage":0,"enemies":"Jaw Worm","floor":1,"turns":5},{"damage":0,"enemies":"Small Slimes","floor":4,"turns":3},{"damage":0,"enemies":"2 Louse","floor":5,"turns":3},{"damage":8,"enemies":"Lagavulin","floor":7,"turns":5},{"damage":20,"enemies":"Gremlin Nob","floor":8,"turns":5},{"damage":13,"enemies":"3 Sentries","floor":10,"turns":10},{"damage":6,"enemies":"Lagavulin","floor":12,"turns":7},{"damage":1,"enemies":"Red Slaver","floor":13,"turns":4},{"damage":4,"enemies":"Gremlin Nob","floor":14,"turns":3},{"damage":7,"enemies":"Slime Boss","floor":16,"turns":8},{"damage":16,"enemies":"2 Thieves","floor":18,"turns":4},{"damage":0,"enemies":"3 Byrds","floor":20,"turns":5},{"damage":18,"enemies":"Snecko","floor":21,"turns":4},{"damage":0,"enemies":"Snake Plant","floor":24,"turns":2},{"damage":15,"enemies":"Book of Stabbing","floor":25,"turns":5},{"damage":27,"enemies":"Slavers","floor":28,"turns":5},{"damage":34,"enemies":"Automaton","floor":33,"turns":11},{"damage":7,"enemies":"Orb Walker","floor":35,"turns":3},{"damage":16,"enemies":"3 Shapes","floor":36,"turns":4},{"damage":0,"enemies":"Sphere and 2 Shapes","floor":38,"turns":4},{"damage":69,"enemies":"Reptomancer","floor":40,"turns":8},{"damage":9,"enemies":"Maw","floor":41,"turns":9},{"damage":4,"enemies":"Transient","floor":42,"turns":5},{"damage":0,"enemies":"3 Darklings","floor":44,"turns":1}],"seed_played":"-1569788266424993695","potions_obtained":[{"floor":4,"key":"GamblersBrew"},{"floor":7,"key":"Swift Potion"},{"floor":13,"key":"Poison Potion"},{"floor":14,"key":"FearPotion"},{"floor":16,"key":"CultistPotion"},{"floor":18,"key":"FairyPotion"},{"floor":41,"key":"CunningPotion"}],"is_trial":false,"path_per_floor":["M","?","?","M","M","R","E","?","T","E","R","E","M","E","R","B",null,"M","?","M","M","?","R","M","E","T","?","E","R","?","$","R","B",null,"M","M","?","M","$","E","M","M","T","M"],"character_chosen":"THE_SILENT","items_purchased":["Gremlin Horn","Frozen Eye","Well Laid Plans+1"],"campfire_rested":2,"item_purchase_floors":[31,31,31],"current_hp_per_floor":[70,59,52,52,52,52,44,24,24,11,41,42,41,37,46,64,77,61,61,61,43,43,52,52,37,37,37,10,22,22,22,57,43,77,70,54,54,54,54,23,14,10,10,10,10],"gold":114,"neow_bonus":"BOSS_RELIC","is_daily":false,"chose_seed":false,"campfire_upgraded":4,"win_rate":0.0,"timestamp":1608354122,"path_taken":["M","?","?","M","M","R","E","?","T","E","R","E","M","E","R","BOSS","M","?","M","?","?","R","M","E","T","?","E","R","?","$","R","BOSS","M","M","?","M","$","E","M","M","T","?"],"items_purchased_type":["Relic","Relic","Card"],"build_version":"2020-12-13","purchased_purges":2,"victory":false,"max_hp_per_floor":[70,70,70,70,70,70,70,70,70,70,70,77,77,77,77,77,77,77,77,77,77,77,77,77,77,77,77,77,77,77,77,77,77,77,77,77,77,77,77,77,77,77,77,77,77],"card_choices":[{"not_picked":["Underhanded Strike","Flying Knee"],"picked":"Sucker Punch","floor":1},{"not_picked":["Sucker Punch","Underhanded Strike","Deflect"],"picked":"SKIP","floor":4},{"not_picked":["Finisher","Unload"],"picked":"Skewer","floor":5},{"not_picked":["Concentrate","Infinite Blades","Masterful Stab"],"picked":"SKIP","floor":7},{"not_picked":["Concentrate","Infinite Blades","Masterful Stab"],"picked":"SKIP","floor":7},{"not_picked":["Blade Dance","Outmaneuver"],"picked":"Dodge and Roll","floor":8},{"not_picked":["Sucker Punch","Finisher"],"picked":"Tools of the Trade+1","floor":10},{"not_picked":["Concentrate","Skewer"],"picked":"Acrobatics","floor":12},{"not_picked":["Setup","Quick Slash"],"picked":"Dagger Spray","floor":13},{"not_picked":["Blur","Flying Knee"],"picked":"Bouncing Flask","floor":14},{"not_picked":[],"picked":"PiercingWail","floor":18},{"not_picked":["Setup"],"picked":"SKIP","floor":20},{"not_picked":["Flechettes"],"picked":"SKIP","floor":21},{"not_picked":[],"picked":"Caltrops+1","floor":24},{"not_picked":["Finisher"],"picked":"SKIP","floor":25},{"not_picked":["Quick Slash"],"picked":"Reflex","floor":28},{"not_picked":["Adrenaline"],"picked":"Venomology","floor":33},{"not_picked":["Underhanded Strike+1"],"picked":"Footwork+1","floor":35},{"not_picked":["Outmaneuver+1"],"picked":"Footwork+1","floor":36},{"not_picked":["Bane","Endless Agony"],"picked":"SKIP","floor":38},{"not_picked":["Infinite Blades+1","Quick Slash"],"picked":"SKIP","floor":40},{"not_picked":["Escape Plan"],"picked":"Deadly Poison","floor":41},{"not_picked":["Deadly Poison","Flying Knee"],"picked":"SKIP","floor":42}],"player_experience":217573,"relics_obtained":[{"floor":7,"key":"Eternal Feather"},{"floor":8,"key":"Frozen Egg 2"},{"floor":9,"key":"Pantograph"},{"floor":10,"key":"Blue Candle"},{"floor":12,"key":"Strawberry"},{"floor":14,"key":"Ancient Tea Set"},{"floor":25,"key":"Dream Catcher"},{"floor":26,"key":"Question Card"},{"floor":40,"key":"The Courier"}],"event_choices":[{"damage_healed":0,"gold_gain":75,"player_choice":"Gather Gold","damage_taken":11,"max_hp_gain":0,"max_hp_loss":0,"event_name":"World of Goop","floor":2,"gold_loss":0},{"cards_removed":["Defend_G"],"damage_healed":0,"gold_gain":0,"player_choice":"Card Removal","damage_taken":7,"max_hp_gain":0,"max_hp_loss":0,"event_name":"Golden Wing","floor":3,"gold_loss":0},{"damage_healed":0,"gold_gain":0,"player_choice":"Searched \u00271\u0027 times","damage_taken":0,"max_hp_gain":0,"max_hp_loss":0,"event_name":"Dead Adventurer","floor":8,"gold_loss":0},{"damage_healed":0,"gold_gain":0,"player_choice":"Traded Relic","damage_taken":0,"relics_obtained":["Nloth\u0027s Gift"],"max_hp_gain":0,"max_hp_loss":0,"event_name":"N\u0027loth","floor":19,"relics_lost":["Blue Candle"],"gold_loss":0},{"damage_healed":0,"gold_gain":0,"player_choice":"Simplicity","damage_taken":0,"max_hp_gain":0,"max_hp_loss":0,"event_name":"Back to Basics","floor":22,"gold_loss":0,"cards_upgraded":["Strike_G","Strike_G","Strike_G","Strike_G","Strike_G","Defend_G","Defend_G","Defend_G","Defend_G"]},{"damage_healed":0,"gold_gain":0,"player_choice":"Obtained Relic","damage_taken":0,"relics_obtained":["Akabeko"],"max_hp_gain":0,"max_hp_loss":0,"event_name":"Addict","floor":27,"gold_loss":85},{"damage_healed":0,"gold_gain":0,"cards_transformed":["Reflex","Strike_G"],"player_choice":"Transformed Cards","damage_taken":0,"max_hp_gain":0,"max_hp_loss":0,"event_name":"Designer","floor":30,"gold_loss":60,"cards_obtained":["Dodge and Roll","Doppelganger"]},{"cards_removed":["Strike_G"],"damage_healed":0,"gold_gain":0,"player_choice":"Purged","damage_taken":0,"max_hp_gain":0,"max_hp_loss":0,"event_name":"Purifier","floor":37,"gold_loss":0}],"is_beta":false,"boss_relics":[{"not_picked":["Runic Dome","HoveringKite"],"picked":"Busted Crown"},{"not_picked":["SacredBark","WristBlade"],"picked":"Snecko Eye"}],"items_purged_floors":[31,39],"is_endless":false,"potions_floor_spawned":[4,7,13,14,16,18,21,24,33,35,41],"killed_by":"3 Darklings","ascension_level":1}}