{"host":"eckg3lzugnpjvwsg","time":1608403729,"event":{"mods":["Act Like it!","Bard","BaseMod","Better Third Choice","Curses Come First","Gremlin Mod","Hermit","Mad Scientist","Minty Spire (QoL Compilation)","Replay The Spire","StSLib","The Bladedancer","The Gatherer"],"gold_per_floor":[113,113,113,127,147,79,108,108,135,135,155,185,196,196,196,294,294,311,311,341,266,266,295,295,307,387,420,439,455,395,450,450,545,545,565,16,16,108,108,108,134,148,219,219,219,219],"floor_reached":44,"playtime":6363,"items_purged":["Pain","Normality"],"score":632,"play_id":"d8c4cacb-88f1-40f2-a512-b5dc1f60866a","local_time":"20201219164849","is_ascension_mode":false,"metric_token":849,"campfire_choices":[{"data":"Gatherer:FlowerWhip","floor":8,"key":"SMITH"},{"data":"Gatherer:AlchemyTrial","floor":15,"key":"SMITH"},{"data":"Gatherer:FlowerWhip+1","floor":24,"key":"SMITH"},{"data":"Gatherer:UpgradeBag","floor":32,"key":"SMITH"},{"data":"Gatherer:Misfortune","floor":40,"key":"SMITH"}],"circlet_count":0,"master_deck":["Gatherer:Strike_Gatherer","Gatherer:Strike_Gatherer","Gatherer:Strike_Gatherer","Gatherer:Strike_Gatherer","Gatherer:Defend_Gatherer","Gatherer:Defend_Gatherer","Gatherer:Defend_Gatherer","Gatherer:Defend_Gatherer","Gatherer:Centralize","Gatherer:FlowerWhip+2","Gatherer:ScentOfRosmari","Gatherer:Duality","Gatherer:BambuSword","Gatherer:QuickSynthesis","Gatherer:EnergyBasket","Gatherer:ScrollOfPurity","Dark Shackles","Jack Of All Trades","Gatherer:BambuSword","Gatherer:AlchemyTrial+1","Gatherer:StoneFence","Gatherer:CollectorsShot","Gatherer:FlowerShield","Gatherer:AcidicSpray","Gatherer:EchoOfNature","Gatherer:UpgradeBag+1","Gatherer:Misfortune+1","Gatherer:BigPouch","Gatherer:CursedBlade","Gatherer:BalancedGrowth+1","Gatherer:TreeGrowth+1","Gatherer:WoolGloves","Gatherer:ScherryThrow+1","Gatherer:PotentialSlash+1","Gatherer:Pollute+1","Madness","Madness","Gatherer:QuickSynthesis","Gatherer:OddSpoils","Gatherer:UpgradeBag+1","Gatherer:WitheringStrike+1","Gatherer:GatherMaterial+1"],"relics":["Gatherer:AlchemyBag","WarpedTongs","PreservedInsect","ReplayTheSpireMod:CursedCoin","Strawberry","Blue Doll","Ornamental Fan","Gatherer:ExplorersPath","MutagenicStrength","Red Mask","Mummified Hand","Replay:Towering Pillar of Hats","Darkstone Periapt","ReplayTheSpireMod:Lightbulb","Potion Belt","Runic Pyramid","Torii","Orrery","Bronze Scales","Replay:Baseball","InkBottle"],"acts_visited":["Exordium","TheCity","TheBeyond"],"potions_floor_usage":[12],"damage_taken":[{"damage":0,"enemies":"2 Louse","floor":1,"turns":3},{"damage":1,"enemies":"Small Slimes","floor":4,"turns":5},{"damage":0,"enemies":"Cultist","floor":5,"turns":3},{"damage":5,"enemies":"3 Sentries","floor":7,"turns":6},{"damage":0,"enemies":"3 Louse","floor":11,"turns":2},{"damage":6,"enemies":"Lagavulin","floor":12,"turns":4},{"damage":0,"enemies":"Red Slaver","floor":13,"turns":2},{"damage":0,"enemies":"Hexaghost","floor":16,"turns":11},{"damage":11,"enemies":"Chosen","floor":18,"turns":5},{"damage":13,"enemies":"Masked Bandits","floor":20,"turns":4},{"damage":9,"enemies":"Book of Stabbing","floor":23,"turns":4},{"damage":0,"enemies":"3 Byrds","floor":25,"turns":4},{"damage":3,"enemies":"Slavers","floor":27,"turns":5},{"damage":0,"enemies":"Snecko","floor":28,"turns":3},{"damage":13,"enemies":"3 Cultists","floor":29,"turns":5},{"damage":6,"enemies":"Automaton","floor":33,"turns":10},{"damage":0,"enemies":"Orb Walker","floor":35,"turns":4},{"damage":9,"enemies":"Giant Head","floor":41,"turns":6},{"damage":14,"enemies":"3 Darklings","floor":42,"turns":5},{"damage":25,"enemies":"Nemesis","floor":44,"turns":2}],"seed_played":"-2830836472335606188","potions_obtained":[{"floor":4,"key":"Milkshake"},{"floor":11,"key":"DistilledChaos"},{"floor":13,"key":"Block Potion"},{"floor":27,"key":"Dexterity Potion"},{"floor":33,"key":"EntropicBrew"}],"is_trial":false,"path_per_floor":["M","?","?","M","M","$","E","R","T","?","M","E","M","?","R","B",null,"M","?","?","?","?","E","R","M","T","E","M","M","?","T","R","B",null,"M","$","?","?","?","R","E","M","T","E"],"character_chosen":"THE_GATHERER","items_purchased":["PreservedInsect","ReplayTheSpireMod:CursedCoin","Torii","Orrery"],"campfire_rested":0,"item_purchase_floors":[6,6,36,36],"current_hp_per_floor":[79,79,79,78,78,78,80,80,80,80,80,74,74,67,67,67,86,75,75,62,62,62,53,53,53,53,50,50,37,37,37,37,37,92,92,92,80,44,44,44,35,21,21,0,0,0],"gold":219,"neow_bonus":"TEN_PERCENT_HP_BONUS","is_daily":false,"chose_seed":false,"campfire_upgraded":5,"win_rate":0.0,"timestamp":1608403729,"path_taken":["M","?","?","?","M","$","E","R","T","?","?","E","M","?","R","BOSS","M","?","?","?","?","E","R","?","T","E","M","M","?","?","R","BOSS","M","$","?","?","?","R","E","M","T","E"],"items_purchased_type":["Relic","Relic","Relic","Relic"],"build_version":"2020-12-13","purchased_purges":2,"victory":false,"max_hp_per_floor":[79,79,79,79,79,79,86,86,86,86,86,86,86,86,86,86,86,86,86,86,86,86,86,86,86,86,86,86,86,86,86,86,92,92,92,92,92,92,92,92,92,92,92,92,92,92],"card_choices":[{"not_picked":["Gatherer:FlowerFalling","Gatherer:CarefulStrike"],"picked":"Gatherer:ScentOfRosmari","floor":1},{"not_picked":["Gatherer:AcidicSpray","Gatherer:WoolGloves"],"picked":"Gatherer:BambuSword","floor":4},{"not_picked":["Gatherer:ScherryThrow","Gatherer:FlowerPower"],"picked":"Gatherer:QuickSynthesis","floor":5},{"not_picked":["Gatherer:SaveValuables","Gatherer:PotentialSlash"],"picked":"Gatherer:EnergyBasket","floor":7},{"not_picked":["Gatherer:FragileHammer","Gatherer:RottenStipe"],"picked":"Gatherer:GrowBook","floor":11},{"not_picked":["Gatherer:EnergyBasket","Gatherer:TacticalStrike"],"picked":"Gatherer:BambuSword","floor":12},{"not_picked":["Gatherer:EnergyBasket","Gatherer:GatherMaterial"],"picked":"Gatherer:AlchemyTrial","floor":13},{"not_picked":["Gatherer:Examine","Gatherer:GrowBook"],"picked":"Gatherer:StoneFence","floor":16},{"not_picked":["Gatherer:FlowerFalling","Gatherer:EchoOfNature+1"],"picked":"Gatherer:CollectorsShot","floor":18},{"not_picked":["Gatherer:Snatch","Gatherer:EnergyBasket"],"picked":"Gatherer:FlowerShield","floor":20},{"not_picked":["Gatherer:EchoOfNature+1","Gatherer:Snatch"],"picked":"Gatherer:AcidicSpray","floor":23},{"not_picked":["Gatherer:VenomBarrier","Gatherer:SaveValuables"],"picked":"Gatherer:EchoOfNature","floor":25},{"not_picked":["Gatherer:LuckyClover","Gatherer:QuickSynthesis"],"picked":"Gatherer:UpgradeBag","floor":27},{"not_picked":["Gatherer:SaveValuables+1","Gatherer:FlowerFalling+1"],"picked":"Gatherer:Misfortune","floor":28},{"not_picked":["Gatherer:Nutrients","Gatherer:FlowerShield"],"picked":"Gatherer:BigPouch","floor":29},{"not_picked":["Gatherer:Overflowing","Gatherer:FinishingStrike"],"picked":"Gatherer:CursedBlade","floor":33},{"not_picked":["Gatherer:Snatch","Gatherer:BambuSword+1"],"picked":"Gatherer:BalancedGrowth+1","floor":35},{"not_picked":["Gatherer:FlowerBeam+1","Gatherer:QuickSynthesis"],"picked":"Gatherer:TreeGrowth+1","floor":36},{"not_picked":["Gatherer:Duplicator","Gatherer:StoneFence"],"picked":"Gatherer:WoolGloves","floor":36},{"not_picked":["Gatherer:EnergyBasket+1","Gatherer:HeartToFruit"],"picked":"Gatherer:ScherryThrow+1","floor":36},{"not_picked":["Gatherer:ScentOfRosmari","Gatherer:WoolGloves"],"picked":"Gatherer:PotentialSlash+1","floor":36},{"not_picked":["Gatherer:Convert","Gatherer:DrugPower+1"],"picked":"Gatherer:Pollute+1","floor":36},{"not_picked":["Gatherer:SaveValuables+1","Gatherer:ScherryThrow+1"],"picked":"Gatherer:QuickSynthesis","floor":38},{"not_picked":["Gatherer:FragileHammer+1","Gatherer:CarefulStrike"],"picked":"Gatherer:OddSpoils","floor":38},{"not_picked":["Gatherer:Polymorphism","Gatherer:Convert"],"picked":"Gatherer:WitheringStrike+1","floor":41},{"not_picked":["Gatherer:WoolGloves+1","Gatherer:FinishingStrike"],"picked":"Gatherer:GatherMaterial+1","floor":42}],"player_experience":26271,"relics_obtained":[{"floor":7,"key":"Strawberry"},{"floor":9,"key":"Blue Doll"},{"floor":12,"key":"Ornamental Fan"},{"floor":20,"key":"Red Mask"},{"floor":23,"key":"Replay:Towering Pillar of Hats"},{"floor":26,"key":"Darkstone Periapt"},{"floor":27,"key":"ReplayTheSpireMod:Lightbulb"},{"floor":31,"key":"Potion Belt"},{"floor":38,"key":"Bronze Scales"},{"floor":41,"key":"Replay:Baseball"},{"floor":43,"key":"InkBottle"}],"event_choices":[{"damage_healed":0,"gold_gain":0,"cards_transformed":["Gatherer:Strike_Gatherer"],"player_choice":"Change","damage_taken":0,"max_hp_gain":0,"max_hp_loss":0,"event_name":"Living Wall","floor":2,"gold_loss":0,"cards_obtained":["Gatherer:Duality"]},{"damage_healed":0,"gold_gain":0,"player_choice":"Rummage","damage_taken":0,"relics_obtained":["WarpedTongs"],"max_hp_gain":0,"max_hp_loss":0,"event_name":"Accursed Blacksmith","floor":3,"gold_loss":0,"cards_obtained":["Pain"]},{"damage_healed":0,"gold_gain":0,"player_choice":"2 cards matched","damage_taken":0,"max_hp_gain":0,"max_hp_loss":0,"event_name":"Match and Keep!","floor":10,"gold_loss":0,"cards_obtained":["Gatherer:ScrollOfPurity","Dark Shackles"]},{"cards_removed":["Clumsy"],"damage_healed":0,"gold_gain":0,"player_choice":"Card Removal","damage_taken":7,"max_hp_gain":0,"max_hp_loss":0,"event_name":"Golden Wing","floor":14,"gold_loss":0},{"damage_healed":0,"gold_gain":0,"player_choice":"Inject Mutagens","damage_taken":0,"relics_obtained":["MutagenicStrength"],"max_hp_gain":0,"max_hp_loss":0,"event_name":"Drug Dealer","floor":19,"gold_loss":0},{"damage_healed":0,"gold_gain":0,"player_choice":"Fought Bandits","damage_taken":0,"max_hp_gain":0,"max_hp_loss":0,"event_name":"Masked Bandits","floor":20,"gold_loss":0},{"cards_removed":["Gatherer:Defend_Gatherer"],"damage_healed":0,"gold_gain":0,"player_choice":"Gave Gold","damage_taken":0,"max_hp_gain":0,"max_hp_loss":0,"event_name":"Beggar","floor":21,"gold_loss":75},{"damage_healed":0,"gold_gain":0,"player_choice":"Gave Potion","damage_taken":0,"relics_obtained":["Mummified Hand"],"max_hp_gain":0,"max_hp_loss":0,"event_name":"WeMeetAgain","floor":22,"gold_loss":0},{"damage_healed":0,"gold_gain":0,"player_choice":"Embrace Madness","damage_taken":12,"max_hp_gain":0,"max_hp_loss":0,"event_name":"Winding Halls","floor":37,"gold_loss":0,"cards_obtained":["Madness","Madness"]},{"damage_healed":0,"gold_gain":0,"player_choice":"Copied","damage_taken":0,"max_hp_gain":0,"max_hp_loss":0,"event_name":"Duplicator","floor":39,"gold_loss":0,"cards_obtained":["Gatherer:UpgradeBag"]}],"is_beta":false,"boss_relics":[{"not_picked":["SlaversCollar","Fusion Hammer"],"picked":"Gatherer:ExplorersPath"},{"not_picked":["Snecko Heart","Replay:Bronze Core"],"picked":"Runic Pyramid"}],"items_purged_floors":[6,36],"is_endless":false,"potions_floor_spawned":[4,11,13,27,28,33],"killed_by":"Nemesis","ascension_level":0}}