{"host":"41o2x9tazfds4ymf","time":1608405389,"event":{"mods":["Act Like it!","BaseMod","Better Vampires","Colored Powertips","Gensokyo","Hallownest","Lobotomy","LobotomyExtend","Minty Spire (QoL Compilation)","Remilia（蕾米莉亚）","Shop Mod","StSLib","TestMod","Waifu the Spire","WarShipGirlsR/战舰少女R mod","[IsaacMod]以撒尖塔","【东方二次创作】八云紫mod"],"gold_per_floor":[374,374,201,211,211,211,241,241,241,181,181,181],"floor_reached":11,"playtime":222,"items_purged":[],"score":188,"play_id":"6f3e5158-d474-4e98-aafe-776e91fc1e93","local_time":"20201220031629","is_ascension_mode":true,"campfire_choices":[],"circlet_count":0,"master_deck":["AscendersBane","SpecialBullet","SpecialBullet","SpecialBullet","SpecialBullet","SpecialBullet","SpecialBullet","SpecialBullet","SpecialBullet","InformationCode","SecurityCode","LongBird","Bloodbath","Bomb","Pleasure+1","TheSmile+1"],"relics":["CogitoBucket","testmod-TestBox","HushsDoor","testmod-Fortitude","BloodDonationMachine","LetterFromLob","HowToJump","Vajra","testmod-Motorcycle","testmod-OneHitWonder"],"acts_visited":["Exordium"],"potions_floor_usage":[],"damage_taken":[{"damage":13.0,"enemies":"2 Louse","floor":1.0,"turns":2.0},{"damage":0.0,"enemies":"Cultist","floor":4.0,"turns":2.0},{"damage":0.0,"enemies":"Gremlin Nob","floor":7.0,"turns":3.0},{"damage":54,"enemies":"3 Sentries","floor":11,"turns":5}],"seed_played":"-8735929356271068523","potions_obtained":[],"is_trial":false,"path_per_floor":["M","?","$","M","?","R","E","R","T","?","E"],"character_chosen":"Angela","items_purchased":["Vajra"],"campfire_rested":0,"item_purchase_floors":[3],"current_hp_per_floor":[35,35,35,43,43,43,52,52,52,52,0,0],"gold":181,"neow_bonus":"HUNDRED_GOLD","is_daily":false,"chose_seed":false,"campfire_upgraded":0,"win_rate":0.0,"timestamp":1608405389,"path_taken":["M","?","$","M","?","R","E","R","T","?","E"],"items_purchased_type":["Relic"],"build_version":"2020-12-13","purchased_purges":0,"victory":false,"max_hp_per_floor":[69,69,69,69,69,69,69,69,69,69,69,69],"card_choices":[{"not_picked":[],"picked":"ChaosCard","floor":0.0},{"not_picked":["Wellcheers","BeautyBeast"],"picked":"LongBird","floor":1.0},{"not_picked":["Christmas","Galaxy"],"picked":"SKIP","floor":1.0},{"not_picked":["VoidDream","NakedNest"],"picked":"Bloodbath","floor":4.0},{"not_picked":["TheSmile","TodaysExpression"],"picked":"SKIP","floor":4.0},{"not_picked":["BeautyBeast","WallGazer","LittlePrince"],"picked":"Singing Bowl","floor":7.0},{"not_picked":["Heaven","Logging","Regret_ego"],"picked":"SKIP","floor":7.0},{"not_picked":[],"picked":"Bomb","floor":10.0},{"not_picked":[],"picked":"Pleasure","floor":10.0},{"not_picked":[],"picked":"TheSmile","floor":10.0}],"player_experience":330333,"relics_obtained":[{"floor":1.0,"key":"LetterFromLob"},{"floor":7.0,"key":"testmod-Motorcycle"},{"floor":9.0,"key":"testmod-OneHitWonder"}],"event_choices":[{"cards_removed":["ExtractionCode"],"damage_healed":0.0,"max_hp_gain":0.0,"max_hp_loss":0.0,"gold_gain":0.0,"event_name":"WeMeetAgain","player_choice":"Gave Card","floor":2.0,"gold_loss":0.0,"damage_taken":0.0,"relics_obtained":["HowToJump"]}],"is_beta":false,"boss_relics":[],"items_purged_floors":[],"is_endless":false,"potions_floor_spawned":[],"killed_by":"3 Sentries","ascension_level":20}}