{"host":"8a3g9edf69u3epoz","time":1608385701,"event":{"mods":["BaseMod","Minty Spire (QoL Compilation)","MostiFishMod","Relic Stats","Remilia（蕾米莉亚）","StSLib","TestMod","UnlockEverythingMod","WarShipGirlsR/战舰少女R mod"],"gold_per_floor":[115,115,26,26,26,26,26,57,57,85,75,127,160,171,171,276,276,302,302,302,311,322,348,186,215,215,289,367,379,435,467,479,640,652,687,723,735,766,828,873,628,663,690,690,720,720,720,335,335,335,335,335,10,44,44],"floor_reached":56,"playtime":1521,"items_purged":["Lust_TH","Defend_RM","Defend_RM","Strike_RM"],"score":2600,"play_id":"2297b068-eb8b-4f01-ac72-8664a15852e1","local_time":"20201219214821","is_ascension_mode":true,"campfire_choices":[{"data":"FavorOfDestiny","floor":15,"key":"SMITH"},{"data":"testmod-PerfectCombo","floor":29,"key":"SMITH"},{"data":"HeartBreak","floor":32,"key":"SMITH"},{"data":"BatForm","floor":46,"key":"SMITH"},{"floor":49,"key":"RECALL"},{"data":"testmod-RepeatForm","floor":52,"key":"SMITH"}],"circlet_count":0,"master_deck":["Strike_RM","Defend_RM+1","Defend_RM","RedMoon+1","ScarletShoot","MostiFishMod:FrostNova+1","MostiFishMod:WinterMarkForm+1","NightDance","testmod-PerfectCombo+1","AfternoonTea","FavorOfDestiny+1","TricksterDevil+1","ScarletMeister+1","ScarletImprint+1","GlobalNightmare+1","MillenniumVampire","HeartBreak+1","BatForm+1","DiffusionOfMisfortune+1","UnstableMagic+1","testmod-RepeatForm+1"],"relics":["ScarletHat","testmod-TestBox","FrostBlade","testmod-IndustrialRevolution","NeowsBlessing","Question Card","Juzu Bracelet","Blue Candle","testmod-Maize","PreservedInsect","CeramicFish","testmod-IntensifyImprint","ImportantClient","FeatherPendant","Centennial Puzzle","Membership Card","testmod-ArcanaOfDestiny","Pantograph","MawBank","BirthdayGift-Icosahedron","Prayer Wheel","Nunchaku","Ice Cream","Vajra","Question Card","Turnip","Technique","Happy Flower","testmod-BalancedPeriapt","RedBat","HornCleat","Sundial"],"acts_visited":["Exordium","TheCity","TheBeyond","TheEnding"],"potions_floor_usage":[16,27,31,33,33,55,55,55],"damage_taken":[{"damage":0,"enemies":"Jaw Worm","floor":1,"turns":1},{"damage":0,"enemies":"Gremlin Nob","floor":8,"turns":1},{"damage":0,"enemies":"Lagavulin","floor":10,"turns":1},{"damage":10,"enemies":"Gremlin Nob","floor":13,"turns":3},{"damage":0,"enemies":"2 Louse","floor":14,"turns":1},{"damage":0,"enemies":"Slime Boss","floor":16,"turns":2},{"damage":0,"enemies":"2 Thieves","floor":18,"turns":3},{"damage":0,"enemies":"Chosen","floor":22,"turns":2},{"damage":19,"enemies":"Book of Stabbing","floor":23,"turns":3},{"damage":0,"enemies":"Slavers","floor":25,"turns":1},{"damage":0,"enemies":"Book of Stabbing","floor":27,"turns":3},{"damage":0,"enemies":"Snake Plant","floor":28,"turns":3},{"damage":0,"enemies":"Gremlin Leader","floor":30,"turns":1},{"damage":7,"enemies":"Centurion and Healer","floor":31,"turns":4},{"damage":0,"enemies":"Automaton","floor":33,"turns":3},{"damage":0,"enemies":"3 Shapes","floor":35,"turns":1},{"damage":0,"enemies":"3 Darklings","floor":36,"turns":1},{"damage":0,"enemies":"4 Shapes","floor":38,"turns":1},{"damage":0,"enemies":"Mind Bloom Boss Battle","floor":39,"turns":2},{"damage":0,"enemies":"Giant Head","floor":40,"turns":1},{"damage":0,"enemies":"Reptomancer","floor":42,"turns":2},{"damage":0,"enemies":"Giant Head","floor":45,"turns":2},{"damage":0,"enemies":"Time Eater","floor":50,"turns":3},{"damage":0,"enemies":"Shield and Spear","floor":54,"turns":1},{"damage":5,"enemies":"The Heart","floor":55,"turns":4}],"seed_played":"6493446784283406345","potions_obtained":[{"floor":1,"key":"Ancient Potion"},{"floor":13,"key":"SkillPotion"},{"floor":16,"key":"LiquidBronze"},{"floor":35,"key":"SkillPotion"},{"floor":39,"key":"testmod-TestPotion"},{"floor":44,"key":"testmod-TimePotion"}],"is_trial":false,"path_per_floor":["M","?","$","?","$","?","?","E","T","E","?","T","E","M","R","B",null,"M","?","?","?","M","E","$","E","T","E","M","R","E","M","R","B",null,"M","M","?","M","?","E","$","E","T","?","E","R","?","$","R","B",null,"R","$","E","B",null],"character_chosen":"REMILIA","items_purchased":["testmod-PerfectCombo","Membership Card","Ice Cream","Vajra","Technique","Happy Flower","testmod-BalancedPeriapt","testmod-RepeatForm","RedBat","HornCleat"],"campfire_rested":0,"item_purchase_floors":[3,24,41,41,48,48,48,48,53,53],"current_hp_per_floor":[68,68,68,53,53,53,53,53,53,53,53,53,45,45,45,45,68,68,54,54,54,62,43,43,43,43,49,51,51,55,59,59,80,80,80,80,80,80,80,80,80,80,80,80,80,80,80,80,80,80,80,80,80,80,80],"gold":44,"neow_bonus":"THREE_ENEMY_KILL","is_daily":false,"chose_seed":false,"campfire_upgraded":5,"win_rate":0.0,"timestamp":1608385701,"path_taken":["M","?","$","?","?","?","?","E","T","E","?","?","E","M","R","BOSS","M","?","?","?","M","E","$","E","T","E","M","R","E","M","R","BOSS","M","M","?","M","?","E","?","E","T","?","E","R","?","$","R","BOSS","R","$","E","BOSS"],"items_purchased_type":["Card","Relic","Relic","Relic","Relic","Relic","Relic","Card","Relic","Relic"],"build_version":"2020-12-13","purchased_purges":4,"victory":true,"max_hp_per_floor":[75,75,75,75,75,75,75,75,75,75,75,75,75,75,75,75,75,75,80,80,80,80,80,80,80,80,80,80,80,80,80,80,80,80,80,80,80,80,80,80,80,80,80,80,80,80,80,80,80,80,80,80,80,80,80],"relic_stats":{"Happy Flower":[2],"counters":[25,50],"Blue Candle":[0],"CeramicFish":90,"PreservedInsect":595,"Juzu Bracelet":2,"Question Card":24,"MawBank":168,"Centennial Puzzle":[6],"Nunchaku":[3],"Sundial":[0],"Pantograph":21,"Prayer Wheel":0,"Turnip":[2],"obtain_stats":[{"Ice Cream":41,"DaveBox":0,"CeramicFish":12,"Vajra":41,"Juzu Bracelet":2,"BirthdayGift-Icosahedron":34,"ScarletHat":0,"RedBat":53,"Centennial Puzzle":23,"Nunchaku":40,"HornCleat":53,"Sundial":54,"Pantograph":26,"Prayer Wheel":39,"testmod-ArcanaOfDestiny":25,"ImportantClient":16,"testmod-Maize":9,"testmod-IntensifyImprint":13,"testmod-TestBox":0,"NeowsBlessing":0,"Happy Flower":48,"Blue Candle":8,"PreservedInsect":10,"testmod-IndustrialRevolution":0,"Question Card":1,"MawBank":27,"FrostBlade":0,"FeatherPendant":17,"Turnip":45,"Membership Card":24,"Technique":48,"testmod-BalancedPeriapt":48},{"Ice Cream":20,"DaveBox":0,"CeramicFish":3,"Vajra":20,"Juzu Bracelet":1,"BirthdayGift-Icosahedron":15,"ScarletHat":0,"RedBat":23,"Centennial Puzzle":9,"Nunchaku":20,"HornCleat":23,"Sundial":24,"Pantograph":10,"Prayer Wheel":19,"testmod-ArcanaOfDestiny":10,"ImportantClient":6,"testmod-Maize":2,"testmod-IntensifyImprint":4,"testmod-TestBox":0,"NeowsBlessing":0,"Happy Flower":22,"Blue Candle":2,"PreservedInsect":3,"testmod-IndustrialRevolution":0,"Question Card":1,"MawBank":11,"FrostBlade":0,"FeatherPendant":6,"Turnip":22,"Membership Card":9,"Technique":22,"testmod-BalancedPeriapt":22},{"Ice Cream":38,"DaveBox":0,"CeramicFish":3,"Vajra":38,"Juzu Bracelet":1,"BirthdayGift-Icosahedron":32,"ScarletHat":0,"RedBat":45,"Centennial Puzzle":17,"Nunchaku":38,"HornCleat":45,"Sundial":46,"Pantograph":18,"Prayer Wheel":37,"testmod-ArcanaOfDestiny":18,"ImportantClient":9,"testmod-Maize":2,"testmod-IntensifyImprint":6,"testmod-TestBox":0,"NeowsBlessing":0,"Happy Flower":42,"Blue Candle":2,"PreservedInsect":3,"testmod-IndustrialRevolution":0,"Question Card":1,"MawBank":21,"FrostBlade":0,"FeatherPendant":9,"Turnip":42,"Membership Card":17,"Technique":42,"testmod-BalancedPeriapt":42}]},"card_choices":[{"not_picked":["BadLadyScramble","UnderTheZenith"],"picked":"NightDance","floor":1},{"not_picked":["EndlessAdversity","ScarletNetherworld","Maim"],"picked":"FavorOfDestiny","floor":8},{"not_picked":["VampireFantasy","CharismaGuard","UnderTheZenith","UnstableMagic"],"picked":"SKIP","floor":10},{"not_picked":[],"picked":"TricksterDevil","floor":11},{"not_picked":["ScarletDevil","CharismaGuard","GlobalNightmare","HunterOfTheNight"],"picked":"SKIP","floor":13},{"not_picked":["FavorOfDestiny","VampireKiss","BlasphemousPunishment","VampireFantasy"],"picked":"SKIP","floor":14},{"not_picked":["BatForm","DemonKingCradle","CurseOfVladTepes"],"picked":"ScarletMeister","floor":16},{"not_picked":["RedNightlessCastle+1","ScarletDevil+1","Maim"],"picked":"ScarletImprint+1","floor":18},{"not_picked":["EmergencyRegeneration","EndlessAdversity+1","FavorOfDestiny","BloodHunter"],"picked":"SKIP","floor":22},{"not_picked":["ChainGang","ScarletDream","LeisurelyOfLord","VampireKiss+1"],"picked":"SKIP","floor":23},{"not_picked":["BlasphemousPunishment","SuperhumanBloodyKnife+1","Maim","TwelveNightmare"],"picked":"SKIP","floor":25},{"not_picked":["CharismaGuard","DevilSight","RedRainbow","KillingBlow"],"picked":"SKIP","floor":27},{"not_picked":["EndlessAdversity","FavorOfDestiny","TwelveNightmare+1"],"picked":"GlobalNightmare+1","floor":28},{"not_picked":["UnstableMagic","MiserableFate","LeisurelyOfLord"],"picked":"MillenniumVampire","floor":30},{"not_picked":["DiffusionOfMisfortune","BloodHunter+1","FavorOfDestiny+1"],"picked":"HeartBreak","floor":31},{"not_picked":["ChaoticDestiny","HellCatastrophe","ForecastOfChange"],"picked":"BatForm","floor":33},{"not_picked":["UnstableMagic","RedRainbow","UnderTheZenith"],"picked":"DiffusionOfMisfortune","floor":35},{"not_picked":["DiffusionOfMisfortune","LeisurelyOfLord+1","VampireKiss+1"],"picked":"UnstableMagic+1","floor":36},{"not_picked":["VampireSweep+1","BombardNight+1","VampireKiss","Maim+1"],"picked":"SKIP","floor":38},{"not_picked":["ForecastOfChange","VampireKiss","MiserableFate+1","ScarletImprint+1"],"picked":"SKIP","floor":40},{"not_picked":["BloodAndWine+1","SuperhumanBloodyKnife","EndlessAdversity+1","BloodHunter+1"],"picked":"SKIP","floor":42},{"not_picked":["CharismaGuard+1","UnstableMagic","AfternoonTea","RedRainbow","RedNightlessCastle"],"picked":"SKIP","floor":45},{"not_picked":["StarOfDavid+1","LeisurelyOfLord","HeartBreak","ScarletImprint+1","UltimateOffering"],"picked":"SKIP","floor":54}],"player_experience":74836,"relics_obtained":[{"floor":1,"key":"Question Card"},{"floor":8,"key":"Blue Candle"},{"floor":9,"key":"testmod-Maize"},{"floor":10,"key":"PreservedInsect"},{"floor":12,"key":"CeramicFish"},{"floor":13,"key":"testmod-IntensifyImprint"},{"floor":16,"key":"ImportantClient"},{"floor":23,"key":"Centennial Puzzle"},{"floor":25,"key":"testmod-ArcanaOfDestiny"},{"floor":26,"key":"Pantograph"},{"floor":27,"key":"MawBank"},{"floor":39,"key":"Prayer Wheel"},{"floor":40,"key":"Nunchaku"},{"floor":42,"key":"Question Card"},{"floor":45,"key":"Turnip"},{"floor":54,"key":"Sundial"}],"event_choices":[{"damage_healed":0,"gold_gain":0,"player_choice":"Swap Relic","damage_taken":0,"relics_obtained":["Juzu Bracelet"],"max_hp_gain":0,"max_hp_loss":0,"event_name":"给自己的盒子","floor":2,"relics_lost":["DaveBox"],"gold_loss":0},{"damage_healed":0,"gold_gain":0,"player_choice":"Entered Light","damage_taken":15,"max_hp_gain":0,"max_hp_loss":0,"event_name":"Shining Light","floor":4,"gold_loss":0,"cards_upgraded":["Defend_RM","MostiFishMod:FrostNova"]},{"damage_healed":0,"gold_gain":0,"cards_transformed":["Strike_RM"],"player_choice":"Transformed","damage_taken":0,"max_hp_gain":0,"max_hp_loss":0,"event_name":"Transmorgrifier","floor":6,"gold_loss":0,"cards_obtained":["AfternoonTea"]},{"damage_healed":0,"gold_gain":0,"player_choice":"Grow","damage_taken":0,"max_hp_gain":0,"max_hp_loss":0,"event_name":"Living Wall","floor":7,"gold_loss":0,"cards_upgraded":["MostiFishMod:WinterMarkForm"]},{"damage_healed":0,"gold_gain":0,"player_choice":"Shed Blood","damage_taken":19,"max_hp_gain":5,"max_hp_loss":0,"event_name":"Forgotten Altar","floor":19,"gold_loss":0},{"damage_healed":0,"gold_gain":0,"player_choice":"Ignored","damage_taken":0,"max_hp_gain":0,"max_hp_loss":0,"event_name":"Ghosts","floor":20,"gold_loss":0},{"damage_healed":0,"gold_gain":0,"player_choice":"Ignored","damage_taken":0,"max_hp_gain":0,"max_hp_loss":0,"event_name":"Tomb of Lord Red Mask","floor":37,"gold_loss":0},{"damage_healed":0,"gold_gain":0,"player_choice":"Fight","damage_taken":0,"max_hp_gain":0,"max_hp_loss":0,"event_name":"MindBloom","floor":39,"gold_loss":0},{"damage_healed":0,"gold_gain":0,"player_choice":"Got Potions","damage_taken":0,"max_hp_gain":0,"max_hp_loss":0,"event_name":"Lab","floor":44,"gold_loss":0},{"cards_removed":["Strike_RM"],"damage_healed":0,"gold_gain":0,"player_choice":"Purged","damage_taken":0,"max_hp_gain":0,"max_hp_loss":0,"event_name":"Purifier","floor":47,"gold_loss":0}],"is_beta":false,"boss_relics":[{"not_picked":["TimeKeys","Astrolabe"],"picked":"FeatherPendant"},{"not_picked":["DiscerningMonocle","Black Star"],"picked":"BirthdayGift-Icosahedron"}],"items_purged_floors":[24,41,48,53],"is_endless":false,"potions_floor_spawned":[1,13,16,23,27,30,31,35,39,42],"ascension_level":9}}