{"host":"m1ntkrf87179kmo6","time":1608390682,"event":{"mods":["BaseMod","Better Third Choice","Minty Spire (QoL Compilation)","Shade Mod","StSLib"],"gold_per_floor":[213,226,401,401,326,326,326,353,353,353,366,385,397,417,417,519,519,533,186,196,211,225,225,257,257,327,339,339,339],"floor_reached":28,"playtime":2998,"items_purged":["Doubt","Pain"],"score":242,"play_id":"556af0b2-8eb4-4ffa-8635-5b8e709e8546","local_time":"20201219101122","is_ascension_mode":false,"campfire_choices":[{"floor":6.0,"key":"RECALL"},{"floor":10.0,"key":"REST"},{"data":"Shade:AnimateDead","floor":15.0,"key":"SMITH"},{"floor":23,"key":"REST"},{"floor":25,"key":"REST"}],"circlet_count":0,"master_deck":["Shade:Strike_Shade","Shade:Strike_Shade","Shade:Strike_Shade","Shade:Strike_Shade","Shade:Defend_Shade","Shade:Defend_Shade","Shade:Defend_Shade","Shade:Defend_Shade","Shade:AnimateDead+1","Shade:CarefulCut","Shade:Brains","Shade:FleshToFlesh","Shade:Trample+1","Shade:StitchTogether","Shade:WallOfFlesh","Shade:GreyBargain","Shade:GreyBargain","Shade:FuneraryJewels"],"relics":["Shade:YorickSkull","PreservedInsect","WarpedTongs","Molten Egg 2","Eternal Feather","Nunchaku","Frozen Egg 2"],"acts_visited":["Exordium","TheCity"],"potions_floor_usage":[24,24,24,27,28],"damage_taken":[{"damage":4.0,"enemies":"Cultist","floor":1.0,"turns":4.0},{"damage":0.0,"enemies":"2 Louse","floor":2.0,"turns":3.0},{"damage":10.0,"enemies":"3 Sentries","floor":8.0,"turns":8.0},{"damage":1.0,"enemies":"Jaw Worm","floor":11.0,"turns":4.0},{"damage":3.0,"enemies":"Exordium Wildlife","floor":12.0,"turns":5.0},{"damage":0.0,"enemies":"Large Slime","floor":13.0,"turns":6.0},{"damage":4.0,"enemies":"Lots of Slimes","floor":14.0,"turns":7.0},{"damage":12.0,"enemies":"Slime Boss","floor":16.0,"turns":12.0},{"damage":4,"enemies":"Shell Parasite","floor":18,"turns":12},{"damage":14,"enemies":"3 Byrds","floor":20,"turns":7},{"damage":0,"enemies":"Centurion and Healer","floor":21,"turns":10},{"damage":54,"enemies":"Cultist and Chosen","floor":22,"turns":14},{"damage":17,"enemies":"Slavers","floor":24,"turns":11},{"damage":72,"enemies":"3 Cultists","floor":27,"turns":9},{"damage":8,"enemies":"Snecko","floor":28,"turns":4}],"seed_played":"-1436531502679096187","potions_obtained":[{"floor":1.0,"key":"BlessingOfTheForge"},{"floor":12.0,"key":"SteroidPotion"},{"floor":13.0,"key":"SmokeBomb"},{"floor":14.0,"key":"BlessingOfTheForge"},{"floor":16.0,"key":"LiquidBronze"},{"floor":22,"key":"AttackPotion"},{"floor":24,"key":"SteroidPotion"},{"floor":27,"key":"LiquidBronze"}],"is_trial":false,"path_per_floor":["M","M","?","T","$","R","?","E","T","R","M","M","M","M","R","B",null,"M","$","M","M","M","R","E","R","T","M","M"],"character_chosen":"SHADE","items_purchased":["Eternal Feather"],"campfire_rested":3,"item_purchase_floors":[19],"current_hp_per_floor":[61,61,61,61,61,61,61,51,51,65,64,61,65,61,61,56,65,63,63,56,63,16,44,37,65,65,3,0,0],"gold":339,"neow_bonus":"HUNDRED_GOLD","is_daily":false,"chose_seed":false,"campfire_upgraded":1,"win_rate":0.0,"timestamp":1608390682,"path_taken":["M","?","?","?","?","R","?","E","T","R","M","M","M","M","R","BOSS","M","$","M","?","M","R","E","R","T","M","M"],"items_purchased_type":["Relic"],"build_version":"2020-12-13","purchased_purges":2,"victory":false,"max_hp_per_floor":[65,65,65,65,65,65,65,65,65,65,65,65,65,65,65,65,65,65,65,65,65,65,65,65,65,65,65,65,65],"card_choices":[{"not_picked":["Shade:PoundOfFlesh","Shade:FreshBones"],"picked":"Shade:Brains","floor":1.0},{"not_picked":["Shade:GraveStillness","Shade:Bonestorm"],"picked":"Shade:FleshToFlesh","floor":2.0},{"not_picked":["Shade:Trample+1","Shade:Awaken","Shade:FreshBones"],"picked":"SKIP","floor":8.0},{"not_picked":["Shade:FuneraryArmor","Shade:SkeletonArmy"],"picked":"Shade:Trample+1","floor":11.0},{"not_picked":["Shade:FeralStrike+1","Shade:CallOfTheGrave"],"picked":"Shade:StitchTogether","floor":12.0},{"not_picked":["Shade:PoundOfFlesh+1","Shade:Frenzy","Shade:SanguineRitual"],"picked":"SKIP","floor":13.0},{"not_picked":["Shade:CoffinDance+1","Shade:FingerOfDeath+1","Shade:Awaken"],"picked":"SKIP","floor":14.0},{"not_picked":["Shade:Frenzy","Shade:ClawBack+1"],"picked":"Shade:WallOfFlesh","floor":18},{"not_picked":["Shade:LoseControl","Shade:RavenousHorde","Shade:Trample+1"],"picked":"SKIP","floor":20},{"not_picked":["Shade:Premonition","Shade:FreshBones"],"picked":"Shade:GreyBargain","floor":21},{"not_picked":["Shade:FeralStrike+1","Shade:FleshOffering","Shade:Patience+1"],"picked":"SKIP","floor":22},{"not_picked":["Shade:CommandSoldier","Shade:Premonition+1"],"picked":"Shade:GreyBargain","floor":24},{"not_picked":["Shade:SkeletonHug+1","Shade:Frenzy"],"picked":"Shade:FuneraryJewels","floor":27}],"player_experience":1052862,"relics_obtained":[{"floor":4.0,"key":"PreservedInsect"},{"floor":8.0,"key":"Molten Egg 2"},{"floor":24,"key":"Nunchaku"},{"floor":26,"key":"Frozen Egg 2"}],"event_choices":[{"damage_healed":0.0,"max_hp_gain":0.0,"max_hp_loss":0.0,"gold_gain":175.0,"event_name":"betterThird:BetterSerpent","player_choice":"AGREE","floor":3.0,"gold_loss":0.0,"damage_taken":226.0},{"damage_healed":0.0,"max_hp_gain":0.0,"max_hp_loss":0.0,"gold_gain":0.0,"event_name":"Accursed Blacksmith","player_choice":"Rummage","floor":7.0,"gold_loss":0.0,"damage_taken":0.0,"relics_obtained":["WarpedTongs"],"cards_obtained":["Pain"]}],"is_beta":false,"boss_relics":[{"not_picked":["Fusion Hammer","Sozu","Pandora\u0027s Box"]}],"items_purged_floors":[5,19],"is_endless":false,"potions_floor_spawned":[1,12,13,14,16,22,24,27],"killed_by":"Snecko","ascension_level":0}}