{"host":"nmxkoih8gpfa0ew7","time":1608358177,"event":{"mods":["AchievementEnabler","BaseMod","Better Third Choice","Colored Map","Colored Powertips","Minty Spire (QoL Compilation)","Slay-I","StSLib"],"gold_per_floor":[118,129,129,148,164,192,207,236,282,300,314,349,361,417,417,516,516,526,526,543,563,98,142,142,165,165,194,194,235,244,263,272,386,413,439,466,466,525,534,534,534],"floor_reached":40,"playtime":2550,"items_purged":[],"score":753,"play_id":"d495f484-e897-4836-a1af-ee3399f8868d","local_time":"20201218220937","is_ascension_mode":true,"campfire_choices":[{"floor":15,"key":"REST"},{"floor":24,"key":"REST"},{"floor":32,"key":"REST"}],"circlet_count":0,"master_deck":["AscendersBane","Strike_R+1","Strike_R","Strike_R","Strike_R","Defend_R","Defend_R","Defend_R","Defend_R","Sword Boomerang","Anger","Shrug It Off","Spot Weakness","Headbutt","Metallicize","Carnage","Anger","Warcry","Dropkick","Iron Wave+1","CurseOfTheBell","Headbutt+1","Heavy Blade+1","Clash","Clothesline","Iron Wave","Flex+1","Heavy Blade","RitualDagger","Iron Wave","Iron Wave+1","Second Wind+1","Pummel+1","Demon Form+1","Flame Barrier+1","Clothesline","Havoc+1","Decay"],"relics":["Burning Blood","Vajra","White Beast Statue","Pear","Bag of Marbles","Question Card","Lantern","Calling Bell","Bronze Scales","Eternal Feather","Mango","CeramicFish","Red Skull","OrangePellets","Whetstone","Nunchaku","Dream Catcher","Astrolabe","Ice Cream"],"acts_visited":["Exordium","TheCity","TheBeyond"],"potions_floor_usage":[5,6,6,8,11,12,12,14,16,16,20,21,23,27,29,31,33,35,36,38,40,40],"damage_taken":[{"damage":11,"enemies":"Jaw Worm","floor":1,"turns":4},{"damage":7,"enemies":"2 Louse","floor":2,"turns":2},{"damage":1,"enemies":"Cultist","floor":4,"turns":3},{"damage":9,"enemies":"3 Louse","floor":5,"turns":2},{"damage":52,"enemies":"Lagavulin","floor":6,"turns":7},{"damage":6,"enemies":"Looter","floor":7,"turns":3},{"damage":30,"enemies":"Gremlin Nob","floor":8,"turns":4},{"damage":1,"enemies":"2 Fungi Beasts","floor":10,"turns":3},{"damage":0,"enemies":"3 Louse","floor":11,"turns":2},{"damage":16,"enemies":"3 Sentries","floor":12,"turns":6},{"damage":8,"enemies":"Lots of Slimes","floor":13,"turns":3},{"damage":19,"enemies":"3 Sentries","floor":14,"turns":5},{"damage":29,"enemies":"Hexaghost","floor":16,"turns":5},{"damage":12,"enemies":"Chosen","floor":18,"turns":4},{"damage":28,"enemies":"2 Thieves","floor":20,"turns":4},{"damage":24,"enemies":"3 Cultists","floor":21,"turns":4},{"damage":59,"enemies":"Gremlin Leader","floor":23,"turns":7},{"damage":16,"enemies":"Snake Plant","floor":25,"turns":2},{"damage":27,"enemies":"Shelled Parasite and Fungi","floor":27,"turns":3},{"damage":35,"enemies":"Slavers","floor":29,"turns":3},{"damage":7,"enemies":"Chosen and Byrds","floor":31,"turns":4},{"damage":64,"enemies":"Collector","floor":33,"turns":8},{"damage":29,"enemies":"3 Darklings","floor":35,"turns":6},{"damage":22,"enemies":"3 Shapes","floor":36,"turns":3},{"damage":0,"enemies":"Mind Bloom Boss Battle","floor":38,"turns":2},{"damage":125,"enemies":"Giant Head","floor":40,"turns":8}],"seed_played":"7037909235487858044","potions_obtained":[{"floor":4,"key":"EntropicBrew"},{"floor":5,"key":"Regen Potion"},{"floor":7,"key":"Regen Potion"},{"floor":8,"key":"PowerPotion"},{"floor":10,"key":"Weak Potion"},{"floor":11,"key":"Swift Potion"},{"floor":12,"key":"LiquidBronze"},{"floor":13,"key":"ColorlessPotion"},{"floor":14,"key":"FearPotion"},{"floor":16,"key":"BloodPotion"},{"floor":18,"key":"Ancient Potion"},{"floor":20,"key":"SteroidPotion"},{"floor":21,"key":"EssenceOfSteel"},{"floor":23,"key":"SpeedPotion"},{"floor":25,"key":"BlessingOfTheForge"},{"floor":27,"key":"Ancient Potion"},{"floor":29,"key":"Swift Potion"},{"floor":31,"key":"Ancient Potion"},{"floor":33,"key":"AttackPotion"},{"floor":35,"key":"BloodPotion"},{"floor":36,"key":"FearPotion"},{"floor":38,"key":"PowerPotion"}],"is_trial":false,"path_per_floor":["M","M","?","M","M","E","M","E","T","M","M","E","M","?","R","B",null,"M","?","M","M","$","E","R","M","T","M","?","E","?","M","R","B",null,"M","M","?","?","?","E"],"character_chosen":"IRONCLAD","items_purchased":["True Grit","CeramicFish","Red Skull","OrangePellets"],"campfire_rested":3,"item_purchase_floors":[22,22,22,22],"current_hp_per_floor":[67,66,59,64,61,30,30,28,28,33,39,29,27,14,41,18,86,80,80,78,60,60,7,53,43,43,22,56,27,21,20,69,11,81,58,42,42,48,48,0,0],"gold":534,"neow_bonus":"RANDOM_COMMON_RELIC","is_daily":false,"chose_seed":false,"campfire_upgraded":0,"win_rate":0.0,"timestamp":1608358177,"path_taken":["M","M","?","M","M","E","M","E","T","M","M","E","M","?","R","BOSS","M","?","M","M","$","E","R","?","T","M","?","E","?","M","R","BOSS","M","M","?","?","?","E"],"items_purchased_type":["Card","Relic","Relic","Relic"],"build_version":"2020-12-13","purchased_purges":0,"victory":false,"max_hp_per_floor":[80,80,80,80,80,80,80,90,90,90,90,90,90,90,90,90,104,104,104,104,104,104,104,104,104,104,104,104,104,104,104,104,104,104,104,104,104,104,104,104,104],"card_choices":[{"not_picked":["Twin Strike","Disarm"],"picked":"Whirlwind","floor":1},{"not_picked":["Evolve","Battle Trance"],"picked":"Sword Boomerang","floor":2},{"not_picked":["Headbutt","Armaments"],"picked":"Anger","floor":4},{"not_picked":["Body Slam","Headbutt"],"picked":"Shrug It Off","floor":5},{"not_picked":["Headbutt","Uppercut"],"picked":"Spot Weakness","floor":6},{"not_picked":["Dual Wield","Body Slam"],"picked":"Headbutt","floor":7},{"not_picked":["Second Wind","Sword Boomerang"],"picked":"Metallicize","floor":8},{"not_picked":["Wild Strike","Sentinel"],"picked":"Carnage","floor":10},{"not_picked":["Thunderclap","Offering"],"picked":"Anger","floor":11},{"not_picked":["Evolve","Perfected Strike"],"picked":"Warcry","floor":12},{"not_picked":["Fire Breathing","Thunderclap","Cleave"],"picked":"Dropkick","floor":13},{"not_picked":["True Grit","Combust","Carnage"],"picked":"Iron Wave","floor":14},{"not_picked":["Bludgeon","Fiend Fire","Brutality"],"picked":"Demon Form","floor":16},{"not_picked":["Sentinel","Bloodletting+1","Pommel Strike"],"picked":"Headbutt+1","floor":18},{"not_picked":["Sword Boomerang+1","Anger","Perfected Strike"],"picked":"Heavy Blade+1","floor":20},{"not_picked":["Inflame","True Grit","Sword Boomerang+1"],"picked":"Clash","floor":21},{"not_picked":["Rupture","Spot Weakness","Blood for Blood"],"picked":"Clothesline","floor":23},{"not_picked":["Thunderclap","True Grit","Brutality"],"picked":"Iron Wave","floor":25},{"not_picked":["Shrug It Off","Shockwave","Reckless Charge+1"],"picked":"Flex+1","floor":27},{"not_picked":["Armaments","Carnage","Offering"],"picked":"Heavy Blade","floor":29},{"not_picked":["Twin Strike","Havoc","Warcry+1"],"picked":"Iron Wave","floor":31},{"not_picked":["Body Slam","Spot Weakness","Armaments"],"picked":"Iron Wave+1","floor":32},{"not_picked":["Brutality","Corruption","Demon Form"],"picked":"Impervious","floor":33},{"not_picked":["Wild Strike+1","Iron Wave+1","True Grit"],"picked":"Flame Barrier+1","floor":35},{"not_picked":["Wild Strike","Pommel Strike+1","Rage"],"picked":"Clothesline","floor":36},{"not_picked":["Thunderclap+1","Inflame","Armaments+1"],"picked":"Havoc+1","floor":38}],"player_experience":495184,"relics_obtained":[{"floor":6,"key":"White Beast Statue"},{"floor":8,"key":"Pear"},{"floor":9,"key":"Bag of Marbles"},{"floor":12,"key":"Question Card"},{"floor":14,"key":"Lantern"},{"floor":17,"key":"Bronze Scales"},{"floor":17,"key":"Eternal Feather"},{"floor":17,"key":"Mango"},{"floor":23,"key":"Whetstone"},{"floor":26,"key":"Nunchaku"},{"floor":29,"key":"Dream Catcher"},{"floor":38,"key":"Ice Cream"}],"event_choices":[{"cards_removed":["Bash"],"damage_healed":0,"gold_gain":0,"player_choice":"Card Removal","damage_taken":7,"max_hp_gain":0,"max_hp_loss":0,"event_name":"Golden Wing","floor":3,"gold_loss":0},{"damage_healed":0,"gold_gain":0,"player_choice":"Searched \u00272\u0027 times","damage_taken":0,"max_hp_gain":0,"max_hp_loss":0,"event_name":"Dead Adventurer","floor":14,"gold_loss":0},{"cards_removed":["Whirlwind"],"damage_healed":0,"gold_gain":0,"player_choice":"Card Removal","damage_taken":0,"max_hp_gain":0,"max_hp_loss":0,"event_name":"Wheel of Change","floor":19,"gold_loss":0},{"damage_healed":34,"gold_gain":0,"player_choice":"Heal","damage_taken":0,"max_hp_gain":0,"max_hp_loss":0,"event_name":"The Library","floor":28,"gold_loss":0},{"damage_healed":0,"gold_gain":0,"player_choice":"Dagger","damage_taken":6,"max_hp_gain":0,"max_hp_loss":0,"event_name":"betterThird:BetterNest","floor":30,"gold_loss":0,"cards_obtained":["RitualDagger"]},{"cards_removed":["Strike_R"],"damage_healed":0,"gold_gain":0,"player_choice":"Removed Attack","damage_taken":0,"max_hp_gain":0,"max_hp_loss":0,"event_name":"Falling","floor":37,"gold_loss":0},{"damage_healed":0,"gold_gain":0,"player_choice":"Fight","damage_taken":0,"max_hp_gain":0,"max_hp_loss":0,"event_name":"MindBloom","floor":38,"gold_loss":0},{"damage_healed":0,"gold_gain":0,"player_choice":"Cursed","damage_taken":0,"max_hp_gain":0,"max_hp_loss":0,"event_name":"Wheel of Change","floor":39,"gold_loss":0,"cards_obtained":["Decay"]}],"is_beta":false,"boss_relics":[{"not_picked":["Ectoplasm","Coffee Dripper"],"picked":"Calling Bell"},{"not_picked":["Snecko Eye","Velvet Choker"],"picked":"Astrolabe"}],"items_purged_floors":[],"is_endless":false,"potions_floor_spawned":[4,5,7,8,10,11,12,13,14,16,18,20,21,23,25,27,29,31,33,35,36,38],"killed_by":"Giant Head","ascension_level":10}}