{"host":"augq31c17g2ieuye","time":1608336080,"event":{"mods":["AchievementEnabler","Aspiration","BaseMod","Better Altar","Better Match","Better Note","Better Sensory Stone","Better Skull","Better Third Choice","Better Vampires","BetterRewards","Card Forge","Displayed Cursed Tome","Downfall","Energized Spire","GifTheSpireLib","Gold Saver","Hubris","Minty Spire (QoL Compilation)","Replay The Spire","Spicy Shops","StSLib","Stuff the Spire","The Necromancer","The Servant 0.9.4"],"gold_per_floor":[1190,1209,1134,1147,1147,1180,1197,1197,1279,1289,1299,1325,1341,1367,1367,1472,1472,1472,1472,1472,1422,1422,1422,1422,1422,1422,1422,1422,1422,1422,1422,1422,1422,1422,1422,1422,1422,1422,1422,1422,1422,1422,1422,1422,1422,1422,1422,1422,1422,1422,1422,1422,1341,1341,1341],"floor_reached":56,"playtime":3757,"items_purged":[],"score":2083,"play_id":"b9bb39fb-d5c9-40c1-abff-3de204c0a45b","local_time":"20201219010120","is_ascension_mode":true,"campfire_choices":[{"floor":8,"key":"RECALL"},{"data":"Slay_Living","floor":15,"key":"SMITH"},{"data":"Summon_Death_Knight","floor":23,"key":"SMITH"},{"data":"Requiem","floor":32,"key":"SMITH"},{"floor":41,"key":"REST"},{"floor":49,"key":"REST"},{"floor":52,"key":"REST"}],"circlet_count":0,"master_deck":["Toxic_Smoke_Screen+1","Summon_Undead_Army+1","Summon_Lich+1","Pot Of Greed+1","Pot Of Greed+1","Finger_Of_Death+1","Spectral_Armor+1","Summon_Death_Knight+1","Summon_Lich+1","Summon_Undead+1","Summon_Undead_Army+1","Summon_Vampire_Lady+1","Uncharnel+1","Pot Of Greed+1","Finger_Of_Death+1","Spectral_Armor+1","Summon_Death_Knight+1","Summon_Lich+1","Summon_Vampire_Lady+1","Summon_Undead_Army+1","Uncharnel+1","Uncharnel+1","Pot Of Greed+1","Cloudkill+1","Slay_Living+1","Summon_Death_Knight+1","Summon_Undead_Army+1","Requiem+1","Summon_Death_Knight+1","Uncharnel+1","Spectral_Armor+1","hubris:DuctTapeCard","Pot Of Greed+1","Summon_Undead_Army+1","Spectral_Armor+1"],"relics":["Vampire_Amulet","Hammer of Thor","Seething Fire","Anvil of the Gods","hubris:EmptyBottle","Potion Belt","Bird Faced Urn","Vajra","hubris:TenFootPole","Orichalcum","Thread and Needle","Grinning Jar","hubris:SlimyHat","ReplayTheSpireMod:Shallot","Shuriken","ReplayFunnel","Ectoplasm","Replay:Towering Pillar of Hats","Gremlin Food","Bag of Preparation","Ring of Peace","Ring of Searing","aspiration:VileToxins","SlaversCollar","Nunchaku","hubris:DuctTape","Quantum Egg","Anchor"],"acts_visited":["Exordium","TheCity","TheBeyond","TheEnding"],"potions_floor_usage":[4,6,10,11,12,12,13,14,14,14,16,24,27,33,33,33,46,50,50,50,50,55,55,55,55,55],"damage_taken":[{"damage":0,"enemies":"Cultist","floor":1,"turns":3},{"damage":0,"enemies":"2 Louse","floor":2,"turns":2},{"damage":0,"enemies":"Jaw Worm","floor":4,"turns":2},{"damage":3,"enemies":"Lagavulin","floor":6,"turns":4},{"damage":1,"enemies":"Red Slaver","floor":7,"turns":3},{"damage":0,"enemies":"Exordium Thugs","floor":10,"turns":3},{"damage":0,"enemies":"2 Fungi Beasts","floor":11,"turns":3},{"damage":0,"enemies":"3 Sentries","floor":12,"turns":3},{"damage":0,"enemies":"Looter","floor":13,"turns":2},{"damage":0,"enemies":"Gremlin Nob","floor":14,"turns":3},{"damage":0,"enemies":"Hexaghost","floor":16,"turns":7},{"damage":0,"enemies":"Chosen","floor":18,"turns":4},{"damage":0,"enemies":"Spheric Guardian","floor":20,"turns":3},{"damage":0,"enemies":"Shelled Parasite and Fungi","floor":22,"turns":4},{"damage":11,"enemies":"Slavers","floor":24,"turns":4},{"damage":4,"enemies":"Book of Stabbing","floor":27,"turns":5},{"damage":15,"enemies":"Slavers","floor":29,"turns":4},{"damage":5,"enemies":"3 Cultists","floor":30,"turns":3},{"damage":5,"enemies":"Snake Plant","floor":31,"turns":3},{"damage":26,"enemies":"Pondfish","floor":33,"turns":6},{"damage":5,"enemies":"3 Shapes","floor":35,"turns":3},{"damage":5,"enemies":"Orb Walker","floor":36,"turns":3},{"damage":11,"enemies":"Spire Growth","floor":38,"turns":4},{"damage":20,"enemies":"Maw","floor":39,"turns":6},{"damage":26,"enemies":"R_Hoarder","floor":40,"turns":5},{"damage":13,"enemies":"Reptomancer","floor":42,"turns":4},{"damage":10,"enemies":"4 Shapes","floor":45,"turns":3},{"damage":18,"enemies":"3 Darklings","floor":46,"turns":3},{"damage":10,"enemies":"Writhing Mass","floor":47,"turns":4},{"damage":20,"enemies":"Jaw Worm Horde","floor":48,"turns":4},{"damage":34,"enemies":"Awakened One","floor":50,"turns":8},{"damage":39,"enemies":"Shield and Spear","floor":54,"turns":5},{"damage":44,"enemies":"The Heart","floor":55,"turns":7}],"seed_played":"8426756723104490787","potions_obtained":[{"floor":1,"key":"SkillPotion"},{"floor":2,"key":"Guardian:BlockOnCardUsePotion"},{"floor":6,"key":"Energy Potion"},{"floor":10,"key":"PowerPotion"},{"floor":14,"key":"FearPotion"},{"floor":18,"key":"champ:CounterPotion"},{"floor":22,"key":"Swift Potion"},{"floor":27,"key":"Block Potion"},{"floor":29,"key":"SkillPotion"},{"floor":39,"key":"SpeedPotion"},{"floor":40,"key":"PowerPotion"},{"floor":48,"key":"AttackPotion"}],"is_trial":false,"path_per_floor":["M","M","?","M","?","E","M","R","T","M","M","E","M","E","R","B",null,"M","?","M","?","M","R","E","?","T","E","?","E","M","M","R","B",null,"M","M","?","M","M","E","R","E","T","$","M","M","M","M","R","B",null,"R","$","E","B",null],"character_chosen":"NECROMANCER","items_purchased":["hubris:EmptyBottle","Toxic_Smoke_Screen","Potion Belt","Bird Faced Urn","Adrenaline Potion","Summon_Undead_Army","Vajra","hubris:TenFootPole","Orichalcum","Summon_Lich","Thread and Needle","Grinning Jar","hubris:SlimyHat","Block Potion","Spectral_Armor"],"campfire_rested":3,"item_purchase_floors":[0,0,0,0,0,0,0,0,0,0,0,0,0,0,53],"current_hp_per_floor":[75,75,75,75,75,75,75,75,75,75,75,75,75,75,75,75,75,75,75,75,75,75,75,75,75,75,75,75,75,75,75,75,67,75,74,75,75,68,72,67,75,69,69,69,72,69,69,70,72,71,72,72,72,60,52],"gold":1341,"neow_bonus":"","is_daily":false,"chose_seed":false,"campfire_upgraded":3,"win_rate":0.0,"timestamp":1608336080,"path_taken":["M","?","?","?","?","E","M","R","T","M","M","E","M","E","R","BOSS","M","?","M","?","?","R","E","?","T","E","?","E","M","M","R","BOSS","M","M","?","M","M","E","R","E","T","$","?","M","M","M","R","BOSS","R","$","E","BOSS"],"items_purchased_type":["Relic","Card","Relic","Relic","Potion","Card","Relic","Relic","Relic","Card","Relic","Relic","Relic","Potion","Card"],"build_version":"2020-12-13","purchased_purges":0,"victory":true,"max_hp_per_floor":[75,75,75,75,75,75,75,75,75,75,75,75,75,75,75,75,75,75,75,75,75,75,75,75,75,75,75,75,75,75,75,75,75,75,75,75,75,75,75,75,75,75,75,75,75,75,72,72,72,72,72,72,72,72,72],"card_choices":[{"not_picked":["Blood_Whip","Scare"],"picked":"Toxic_Smoke_Screen","floor":1},{"not_picked":["Blood_Wake","Epidemic"],"picked":"Uncharnel","floor":2},{"not_picked":["Reap_The_Weak","Negative_Energy_Bomb"],"picked":"Cloudkill","floor":3},{"not_picked":["Necromantic_Selection","Epidemic"],"picked":"Acid_Javelin","floor":3},{"not_picked":["Spectral_Walk","Negative_Energy_Shield","Toxic_Smoke_Screen"],"picked":"SKIP","floor":4},{"not_picked":["Consume_Illness","Strike_from_Beyond"],"picked":"Slay_Living","floor":6},{"not_picked":["Bone_Armory","Negative_Energy_Burst","Spectral_Walk"],"picked":"SKIP","floor":7},{"not_picked":["Grasp_Heart","Death_March_Dance","Death_Coil"],"picked":"SKIP","floor":10},{"not_picked":["Shackles_Of_Pain","Death_Coil","Negative_Energy_Shield"],"picked":"SKIP","floor":11},{"not_picked":["Chill_Blood","Bones_to_Steel","Detonate_Bones"],"picked":"SKIP","floor":12},{"not_picked":["Shade_Step","Bone_Armor","Negative_Energy_Shield"],"picked":"SKIP","floor":13},{"not_picked":["Cloudkill","Vampiric_Strike","Bone_Shift"],"picked":"SKIP","floor":14},{"not_picked":["Grasp_Heart","Skeleton_Dragon"],"picked":"Summon_Death_Knight","floor":16},{"not_picked":["Toxic_Smoke_Screen+1","Blood_Curse","Bone_Shift"],"picked":"SKIP","floor":18},{"not_picked":["Consume_Illness+1","Vampiric_Strike","Negative_Energy_Sphere+1"],"picked":"SKIP","floor":20},{"not_picked":["Bone_Shift","Shackles_Of_Pain","Scare"],"picked":"SKIP","floor":22},{"not_picked":["Blood_Wake","Grasp_Heart","Necromantic_Selection"],"picked":"SKIP","floor":24},{"not_picked":["Bone_Armor","Skeleton_Dragon"],"picked":"Summon_Undead_Army","floor":27},{"not_picked":["Death_Coil+1","Violent_Necrosis"],"picked":"Requiem","floor":29},{"not_picked":["Chill_Blood","Bone_Shift+1","Negative_Energy_Burst"],"picked":"SKIP","floor":30},{"not_picked":["Life_Drain","Deaths_Shadow","Shade_Step+1"],"picked":"SKIP","floor":31},{"not_picked":["Hellfire","Reap_The_Weak"],"picked":"Summon_Death_Knight","floor":33},{"not_picked":["Uncharnel+1","Vampiric_Strike+1"],"picked":"Summon_Undead+1","floor":35},{"not_picked":["Blood_Curse+1","Bone_Spikes"],"picked":"Uncharnel+1","floor":36},{"not_picked":["Negative_Energy_Shield","Necrotic_Claws+1","Bone_Shift"],"picked":"SKIP","floor":38},{"not_picked":["Scare+1","Epidemic","Vampiric_Strike"],"picked":"SKIP","floor":39},{"not_picked":["Finger_Of_Death+1","Summon_Vampire_Lady"],"picked":"Spectral_Armor","floor":40},{"not_picked":["Slay_Living","Epidemic","Consume_Illness"],"picked":"SKIP","floor":42},{"not_picked":["Vampiric_Strike+1","Consume_Illness","Blood_Whip+1"],"picked":"SKIP","floor":45},{"not_picked":["Bone_Armor","Bone_Shift+1","Reap_The_Weak"],"picked":"SKIP","floor":46},{"not_picked":["Whirlwind_of_Bones+1","Life_Drain+1"],"picked":"Summon_Undead_Army+1","floor":47},{"not_picked":["Blood_for_Blood+1","Finger_Of_Death","Negative_Energy_Mist+1"],"picked":"SKIP","floor":48},{"not_picked":["Blood_Whip+1","Reap_The_Weak","Toxic_Smoke_Screen+1"],"picked":"SKIP","floor":54}],"player_experience":244368,"relics_obtained":[{"floor":6,"key":"ReplayTheSpireMod:Shallot"},{"floor":12,"key":"Shuriken"},{"floor":14,"key":"ReplayFunnel"},{"floor":24,"key":"Replay:Towering Pillar of Hats"},{"floor":26,"key":"Gremlin Food"},{"floor":27,"key":"Bag of Preparation"},{"floor":28,"key":"Ring of Peace"},{"floor":28,"key":"Ring of Searing"},{"floor":29,"key":"aspiration:VileToxins"},{"floor":40,"key":"Nunchaku"},{"floor":42,"key":"hubris:DuctTape"},{"floor":43,"key":"Quantum Egg"},{"floor":54,"key":"Anchor"}],"event_choices":[{"damage_healed":0,"gold_gain":0,"player_choice":"1","damage_taken":0,"max_hp_gain":0,"max_hp_loss":0,"event_name":"betterMatch:BetterMatch","floor":3,"gold_loss":0,"cards_obtained":["betterMatch:RareCard","betterMatch:CommonCard","betterMatch:UncommonCard"]},{"cards_removed":["Acid_Javelin"],"damage_healed":0,"gold_gain":0,"player_choice":"Purged","damage_taken":0,"max_hp_gain":0,"max_hp_loss":0,"event_name":"Purifier","floor":5,"gold_loss":0},{"cards_removed":["Summon_Vampire_Lady"],"damage_healed":0,"gold_gain":0,"player_choice":"Give","damage_taken":0,"max_hp_gain":0,"max_hp_loss":0,"event_name":"betterNote:BetterNote","floor":19,"gold_loss":0,"cards_obtained":["Defend_G"]},{"damage_healed":0,"gold_gain":0,"player_choice":"Bet on Murderer","damage_taken":0,"max_hp_gain":0,"max_hp_loss":0,"event_name":"The Joust","floor":21,"gold_loss":50},{"damage_healed":0,"gold_gain":0,"player_choice":"Became a vampire","damage_taken":0,"max_hp_gain":0,"max_hp_loss":0,"event_name":"Vampires","floor":25,"gold_loss":0,"cards_obtained":[]},{"cards_removed":["Bones_to_Steel"],"damage_healed":0,"gold_gain":0,"player_choice":"Purged","damage_taken":0,"max_hp_gain":0,"max_hp_loss":0,"event_name":"Purifier","floor":37,"gold_loss":0}],"is_beta":false,"boss_relics":[{"not_picked":["Kintsugi","ReplayTheSpireMod:DimensionalGlitch"],"picked":"Ectoplasm"},{"not_picked":["energizedSpire:NeverEndingSparkler","Ring of Chaos"],"picked":"SlaversCollar"}],"items_purged_floors":[],"is_endless":false,"potions_floor_spawned":[1,2,6,10,14,18,22,27,29,39,40,45,48],"ascension_level":3}}