{"host":"kw4o7b3ro2ktmmbe","time":1608418995,"event":{"mods":["BaseMod","Minty Spire (QoL Compilation)","StSLib","Treasure Hunter","WarShipGirlsR/战舰少女R mod"],"gold_per_floor":[240,240,240,255,205,205,205,225,279,279,289,309,320,21,21,125,125,125,139,139,139,139,139,139,139],"floor_reached":24,"playtime":2027,"items_purged":[],"score":195,"play_id":"ab8ee831-380a-4eba-9fdc-f90503871e03","local_time":"20201220120315","is_ascension_mode":true,"campfire_choices":[{"data":"rmod:stealaluminum","floor":6.0,"key":"SMITH"},{"data":"Flash of Steel","floor":10.0,"key":"SMITH"},{"data":"rmod:shuttlebombing","floor":15.0,"key":"SMITH"},{"data":"rmod:chargemoney","floor":23.0,"key":"SMITH"}],"circlet_count":0,"master_deck":["rmod:strick","rmod:strick","rmod:strick","rmod:strick","rmod:defend","rmod:defend","rmod:defend","rmod:basicallowance","Flash of Steel+1","rmod:fletcherpendant","rmod:stealaluminum+1","rmod:chargemoney+1","rmod:wife","TH:ArmorSpikes","rmod:shuttlebombing+1","rmod:fletcherpendant","rmod:shuttlebombing","TH:CopperCoins","Limit Break"],"relics":["rmod:firstchargereward","Ancient Tea Set","Pen Nib","PrismaticShard","rmod:monthlycard","Nilry\u0027s Codex"],"acts_visited":["Exordium","TheCity"],"potions_floor_usage":[],"damage_taken":[{"damage":0.0,"enemies":"Cultist","floor":1.0,"turns":3.0},{"damage":5.0,"enemies":"Jaw Worm","floor":4.0,"turns":3.0},{"damage":0.0,"enemies":"2 Louse","floor":8.0,"turns":2.0},{"damage":3.0,"enemies":"Looter","floor":11.0,"turns":3.0},{"damage":8.0,"enemies":"Blue Slaver","floor":12.0,"turns":5.0},{"damage":2.0,"enemies":"2 Fungi Beasts","floor":13.0,"turns":4.0},{"damage":45.0,"enemies":"The Guardian","floor":16.0,"turns":10.0},{"damage":0.0,"enemies":"2 Thieves","floor":18.0,"turns":1.0},{"damage":46.0,"enemies":"3 Byrds","floor":19.0,"turns":7.0},{"damage":45,"enemies":"Book of Stabbing","floor":24,"turns":5}],"seed_played":"2546547929445684251","potions_obtained":[{"floor":1.0,"key":"Swift Potion"},{"floor":8.0,"key":"Explosive Potion"},{"floor":11.0,"key":"SmokeBomb"}],"is_trial":false,"path_per_floor":["M","?","?","M","?","R","$","M","T","R","M","M","M","$","R","B",null,"M","M","?","?","?","R","E"],"character_chosen":"PRAEFECT","items_purchased":["Pen Nib","PrismaticShard"],"campfire_rested":0,"item_purchase_floors":[14,14],"current_hp_per_floor":[75,75,80,75,75,75,75,75,75,75,72,64,62,62,62,17,80,80,34,60,44,44,44,0,0],"gold":139,"neow_bonus":"RANDOM_COLORLESS","is_daily":false,"chose_seed":false,"campfire_upgraded":4,"win_rate":0.0,"timestamp":1608418995,"path_taken":["M","?","?","M","?","R","?","M","T","R","M","?","M","$","R","BOSS","M","M","?","?","?","R","E"],"items_purchased_type":["Relic","Relic"],"build_version":"2020-12-13","purchased_purges":0,"victory":false,"max_hp_per_floor":[75,75,80,80,80,80,80,80,80,80,80,80,80,80,80,80,80,80,80,80,80,80,80,80,80],"card_choices":[{"not_picked":["Panacea","Enlightenment"],"picked":"Flash of Steel","floor":0.0},{"not_picked":["rmod:diamondstrike","rmod:combined"],"picked":"rmod:fletcherpendant","floor":1.0},{"not_picked":["rmod:wife","rmod:supportescort"],"picked":"rmod:chargemoney","floor":4.0},{"not_picked":["rmod:circuitoustactics","rmod:aviationdawn"],"picked":"rmod:wife","floor":8.0},{"not_picked":["TH:Mimic"],"picked":"TH:ArmorSpikes","floor":9.0},{"not_picked":["rmod:wife","rmod:luckystar"],"picked":"rmod:shuttlebombing","floor":11.0},{"not_picked":["rmod:aggressivemary","rmod:aluminumsupply"],"picked":"rmod:fletcherpendant","floor":12.0},{"not_picked":["rmod:overbreakdown","rmod:ring"],"picked":"rmod:shuttlebombing","floor":13.0},{"not_picked":["TH:PixieDust"],"picked":"TH:CopperCoins","floor":16.0},{"not_picked":["Violence","Judgement"],"picked":"Limit Break","floor":16.0},{"not_picked":["BowlingBash","rmod:intelligenceanalysis","Crippling Poison"],"picked":"SKIP","floor":19.0}],"player_experience":1768755,"relics_obtained":[{"floor":9.0,"key":"Ancient Tea Set"},{"floor":21.0,"key":"Nilry\u0027s Codex"}],"event_choices":[{"damage_healed":0.0,"max_hp_gain":0.0,"max_hp_loss":0.0,"gold_gain":0.0,"cards_transformed":["rmod:defend"],"event_name":"Living Wall","player_choice":"Change","floor":2.0,"gold_loss":0.0,"damage_taken":0.0,"cards_obtained":["rmod:stealaluminum"]},{"damage_healed":0.0,"max_hp_gain":5.0,"max_hp_loss":0.0,"gold_gain":0.0,"event_name":"Big Fish","player_choice":"Donut","floor":3.0,"gold_loss":0.0,"damage_taken":0.0},{"cards_removed":["rmod:maingunfire"],"damage_healed":0.0,"max_hp_gain":0.0,"max_hp_loss":0.0,"gold_gain":0.0,"event_name":"The Cleric","player_choice":"Card Removal","floor":5.0,"gold_loss":50.0,"damage_taken":0.0},{"damage_healed":26.0,"max_hp_gain":0.0,"max_hp_loss":0.0,"gold_gain":0.0,"event_name":"The Library","player_choice":"Heal","floor":20.0,"gold_loss":0.0,"damage_taken":0.0},{"damage_healed":0.0,"max_hp_gain":0.0,"max_hp_loss":0.0,"gold_gain":0.0,"event_name":"Cursed Tome","player_choice":"Obtained Book","floor":21.0,"gold_loss":0.0,"damage_taken":16.0},{"damage_healed":0.0,"max_hp_gain":0.0,"max_hp_loss":0.0,"gold_gain":0.0,"event_name":"Ghosts","player_choice":"Ignored","floor":22.0,"gold_loss":0.0,"damage_taken":0.0}],"is_beta":false,"boss_relics":[{"not_picked":["Pandora\u0027s Box","Velvet Choker"],"picked":"rmod:monthlycard"}],"items_purged_floors":[],"is_endless":false,"potions_floor_spawned":[1,8,11],"killed_by":"Book of Stabbing","ascension_level":1}}