{"host":"juowtv2vvb0b99ex","time":1608420686,"event":{"mods":["BaseMod","Colored Map","Downfall","Minty Spire (QoL Compilation)","Quick Restart","StSLib"],"gold_per_floor":[349,349,41,56,56,72,72,72,22,22,7,26,26,40,52,148,148,148,182,194,194,221,240,240,251,251,281,299,309,326,326,343,440,440,440,453,172,222,254,13,89,121,121,147,167,183,201,201,216,216],"floor_reached":51,"playtime":4352,"items_purged":["Pain","Slimebound:Strike_Slimebound","Slimebound:Tackle","Slimebound:Tackle+1"],"score":1231,"play_id":"c3f95641-b192-496f-8f56-5bfcdc4aae5f","local_time":"20201219163126","is_ascension_mode":true,"campfire_choices":[{"data":"Slimebound:CorrosiveSpit","floor":1.0,"key":"SMITH"},{"data":"Apotheosis","floor":8.0,"key":"SMITH"},{"data":"Slimebound:FirmFortitude","floor":10.0,"key":"SMITH"},{"data":"Slimebound:SplitSpecialist","floor":18.0,"key":"SMITH"},{"data":"Slimebound:SplitLeeching","floor":21.0,"key":"SMITH"},{"floor":26,"key":"REST"},{"data":"Slimebound:LevelUp","floor":35,"key":"SMITH"},{"floor":43,"key":"REST"}],"circlet_count":0,"master_deck":["AscendersBane","Slimebound:Defend_Slimebound","Slimebound:Defend_Slimebound","Slimebound:Defend_Slimebound","Slimebound:Defend_Slimebound","Slimebound:Split","Slimebound:CorrosiveSpit+1","Slimebound:SplitAcid","Apotheosis+1","Slimebound:SplitLeeching+1","Slimebound:SplitSpecialist+1","Slimebound:FirmFortitude+1","Slimebound:Recollect","Slimebound:SlimeBarrage+1","Slimebound:TagTeam+1","Slimebound:SlimeSpikes","Slimebound:LivingWall","Slimebound:OneTwoCombo+1","Slimebound:SplitBruiser+1","Slimebound:AcidTongue+1","Slimebound:FormOfPuddle","Slimebound:SlimeTap","Slimebound:SlimeBarrage+1","Slimebound:LevelUp+1","Slimebound:Tackle+1","Slimebound:Tackle+1","Slimebound:OneTwoCombo+1","Slimebound:ProtectTheBoss+1","Slimebound:SplitBruiser+1","Slimebound:SplitSpecialist","expansioncontent:BronzeBeam+1","Slimebound:MinionMaster","Slimebound:SlimeTap+1","Slimebound:LevelUp","Slimebound:ProtectTheBoss+1","Slimebound:SpikyOuterGoop"],"relics":["Slimebound:AbsorbEndCombat","WarpedTongs","Darkstone Periapt","Molten Egg 2","expansioncontent:StudyCardRelic","Slimebound:SlimedSkullRelic","Mercury Hourglass","Toy Ornithopter","Happy Flower","Oddly Smooth Stone","Black Star","Slimebound:SelfDamagePreventRelic","Turnip","Dream Catcher","PreservedInsect","Letter Opener","The Courier","Slimebound:AggressiveSlimeRelic","Ornamental Fan","Whetstone"],"acts_visited":["Exordium","TheCity","TheBeyond"],"potions_floor_usage":[22,22,23,27,27,42,42],"damage_taken":[{"damage":11.0,"enemies":"downfall:FleeingMerchant","floor":3.0,"turns":4.0},{"damage":9.0,"enemies":"Jaw Worm","floor":4.0,"turns":3.0},{"damage":12.0,"enemies":"Cultist","floor":6.0,"turns":4.0},{"damage":25.0,"enemies":"downfall:FleeingMerchant","floor":9.0,"turns":4.0},{"damage":16.0,"enemies":"downfall:FleeingMerchant","floor":11.0,"turns":4.0},{"damage":7.0,"enemies":"2 Louse","floor":12.0,"turns":2.0},{"damage":10.0,"enemies":"Red Slaver","floor":14.0,"turns":3.0},{"damage":9.0,"enemies":"Exordium Wildlife","floor":15.0,"turns":4.0},{"damage":38.0,"enemies":"downfall:Ironclad","floor":16.0,"turns":8.0},{"damage":29.0,"enemies":"Slavers","floor":19.0,"turns":3.0},{"damage":11.0,"enemies":"Shell Parasite","floor":20.0,"turns":3.0},{"damage":47,"enemies":"Gremlin Leader","floor":22,"turns":5},{"damage":27,"enemies":"Centurion and Healer","floor":23,"turns":4},{"damage":12,"enemies":"Snake Plant","floor":25,"turns":4},{"damage":22,"enemies":"Slavers","floor":27,"turns":4},{"damage":4,"enemies":"Sentry and Sphere","floor":28,"turns":3},{"damage":5,"enemies":"Cultist and Chosen","floor":29,"turns":4},{"damage":27,"enemies":"downfall:FleeingMerchant","floor":30,"turns":3},{"damage":12,"enemies":"3 Cultists","floor":32,"turns":4},{"damage":27,"enemies":"downfall:Defect","floor":33,"turns":7},{"damage":5,"enemies":"3 Shapes","floor":36,"turns":3},{"damage":0,"enemies":"Mind Bloom Boss Battle","floor":38,"turns":4},{"damage":45,"enemies":"Reptomancer","floor":39,"turns":5},{"damage":51,"enemies":"Nemesis","floor":42,"turns":4},{"damage":23,"enemies":"Giant Head","floor":44,"turns":5},{"damage":8,"enemies":"Orb Walker","floor":45,"turns":2},{"damage":12,"enemies":"Transient","floor":46,"turns":5},{"damage":28,"enemies":"4 Shapes","floor":47,"turns":2},{"damage":28,"enemies":"Writhing Mass","floor":49,"turns":3},{"damage":8,"enemies":"downfall:Watcher","floor":50,"turns":4}],"seed_played":"8830700645858219912","potions_obtained":[{"floor":5.0,"key":"hexamod:EctoCoolerPotion"},{"floor":5.0,"key":"Weak Potion"},{"floor":5.0,"key":"SneckoOil"},{"floor":12.0,"key":"sneckomod:MuddlingPotion"},{"floor":14.0,"key":"ColorlessPotion"},{"floor":15.0,"key":"Regen Potion"},{"floor":16.0,"key":"Swift Potion"},{"floor":20.0,"key":"Explosive Potion"},{"floor":23,"key":"DuplicationPotion"},{"floor":25,"key":"Dexterity Potion"},{"floor":32,"key":"Slimebound:SlimyTonguePotion"},{"floor":33,"key":"EssenceOfSteel"},{"floor":42,"key":"ColorlessPotion"},{"floor":44,"key":"SmokeBomb"},{"floor":46,"key":"ColorlessPotion"},{"floor":47,"key":"Slimebound:SpawnSlimePotion"}],"is_trial":false,"path_per_floor":["R","?","$","M","?","M","T","R","$","R","$","M","T","M","M","B",null,"R","E","M","R","E","M","T","M","R","E","M","M","$","?","M","B",null,"R","M","$","?","E","$","T","E","R","E","M","M","M","?","M","B",null],"character_chosen":"SLIMEBOUND","items_purchased":["Apotheosis","Slimebound:SplitLeeching","Slimebound:SlimeBarrage","Oddly Smooth Stone","Slimebound:LevelUp","Slimebound:SelfDamagePreventRelic","expansioncontent:BronzeBeam+1"],"campfire_rested":2,"item_purchase_floors":[3,3,9,30,30,37,40],"current_hp_per_floor":[54,54,51,54,54,54,54,54,49,49,50,47,47,47,52,48,53,53,37,40,40,30,25,25,21,37,39,47,48,47,47,50,54,54,54,54,54,54,23,23,23,40,54,52,54,50,42,42,28,42],"gold":216,"neow_bonus":"TWO_FIFTY_GOLD","is_daily":false,"chose_seed":false,"campfire_upgraded":6,"win_rate":0.0,"timestamp":1608420686,"path_taken":["R","?","?","M","?","?","T","R","?","R","$","M","?","?","M","BOSS","R","E","M","R","E","M","T","M","R","E","M","M","$","?","M","BOSS","R","M","$","?","E","$","T","E","R","E","M","M","M","?","M","BOSS"],"items_purchased_type":["Card","Card","Card","Relic","Card","Relic","Card"],"build_version":"2020-12-13","purchased_purges":4,"victory":true,"max_hp_per_floor":[54,54,54,54,54,54,54,54,54,54,54,54,54,54,54,54,54,54,54,54,54,54,54,54,54,54,54,54,54,54,54,54,54,54,54,54,54,54,54,54,54,54,54,54,54,54,54,54,54,54],"card_choices":[{"not_picked":["Slimebound:GoopTackle","Slimebound:ComboTackle"],"picked":"Slimebound:SplitAcid","floor":3.0},{"not_picked":["Slimebound:TongueLash","Slimebound:SplitMire"],"picked":"Slimebound:SplitSpecialist","floor":4.0},{"not_picked":["Slimebound:ComboTackle","Slimebound:PressTheAttack"],"picked":"Slimebound:FirmFortitude","floor":6.0},{"not_picked":["Slimebound:RollThrough","Slimebound:LeechEnergy"],"picked":"Slimebound:Recollect","floor":9.0},{"not_picked":["Slimebound:DuplicatedForm","Slimebound:FinishingTackle"],"picked":"Slimebound:TagTeam","floor":11.0},{"not_picked":["Slimebound:LeechingTouch","Slimebound:LeechEnergy","Slimebound:FinishingTackle"],"picked":"SKIP","floor":12.0},{"not_picked":["Slimebound:FinishingTackle+1","Slimebound:SplitLeeching"],"picked":"Slimebound:SlimeSpikes","floor":14.0},{"not_picked":["Slimebound:ComboTackle+1","Slimebound:GrowthPunch+1"],"picked":"Slimebound:LivingWall","floor":15.0},{"not_picked":["Slimebound:DuplicatedForm","Slimebound:RallyTheTroops+1"],"picked":"Slimebound:OneTwoCombo+1","floor":16.0},{"not_picked":["Slimebound:SamplingLick","Slimebound:ViciousTackle+1"],"picked":"Slimebound:SplitBruiser+1","floor":19.0},{"not_picked":["Slimebound:RejuvenatingLick","Slimebound:ComboTackle+1"],"picked":"Slimebound:AcidTongue+1","floor":20.0},{"not_picked":["Slimebound:ComboTackle+1","Slimebound:SplitAcid","Slimebound:ForwardTackle+1"],"picked":"SKIP","floor":22},{"not_picked":["Slimebound:Recollect","Slimebound:Schlurp+1"],"picked":"Slimebound:FormOfPuddle","floor":23},{"not_picked":["Slimebound:SplitBruiser+1","Slimebound:LeechingTouch+1","Slimebound:FinishingTackle+1"],"picked":"SKIP","floor":25},{"not_picked":["Slimebound:PrepareCrush","Slimebound:GoopSpray+1","Slimebound:Schlurp+1"],"picked":"SKIP","floor":27},{"not_picked":["Slimebound:PressTheAttack+1","Slimebound:Chomp+1"],"picked":"Slimebound:SlimeTap","floor":28},{"not_picked":["Slimebound:LivingWall","Slimebound:Dissolve"],"picked":"Slimebound:SlimeBarrage+1","floor":29},{"not_picked":["Slimebound:SamplingLick+1","Slimebound:SplitMire","Slimebound:ViciousTackle+1"],"picked":"SKIP","floor":30},{"not_picked":["Slimebound:RollThrough+1","Slimebound:Gluttony","Slimebound:Replication"],"picked":"SKIP","floor":32},{"not_picked":["Slimebound:Overexert","Slimebound:RallyTheTroops+1"],"picked":"Slimebound:OneTwoCombo+1","floor":33},{"not_picked":["Slimebound:GrowthPunch+1","Slimebound:SpikyOuterGoop+1"],"picked":"Slimebound:ProtectTheBoss+1","floor":36},{"not_picked":["Slimebound:SplitMire+1","Slimebound:RainOfGoop"],"picked":"Slimebound:SplitBruiser+1","floor":38},{"not_picked":["Slimebound:Recollect","Slimebound:GrowthPunch+1"],"picked":"Slimebound:SplitSpecialist","floor":39},{"not_picked":["Slimebound:SplitAcid","Slimebound:Prepare+1","Slimebound:LeechingTouch+1"],"picked":"SKIP","floor":42},{"not_picked":["Slimebound:ViciousTackle+1","Slimebound:ComboTackle+1"],"picked":"Slimebound:MinionMaster","floor":43},{"not_picked":["Slimebound:Schlurp","Slimebound:ViciousTackle+1","Slimebound:PressTheAttack+1"],"picked":"SKIP","floor":44},{"not_picked":["Slimebound:LeechEnergy+1","Slimebound:GoopTackle+1"],"picked":"Slimebound:SlimeTap+1","floor":45},{"not_picked":["Slimebound:GrowthPunch+1","Slimebound:FlameTackle+1"],"picked":"Slimebound:LevelUp","floor":46},{"not_picked":["Slimebound:LeechingTouch+1","Slimebound:ComboTackle+1"],"picked":"Slimebound:ProtectTheBoss+1","floor":47},{"not_picked":["Slimebound:FlameTackle+1","Slimebound:FirmFortitude"],"picked":"Slimebound:SpikyOuterGoop","floor":49}],"player_experience":1239350,"relics_obtained":[{"floor":7.0,"key":"Darkstone Periapt"},{"floor":13.0,"key":"Molten Egg 2"},{"floor":19.0,"key":"Slimebound:SlimedSkullRelic"},{"floor":22,"key":"Mercury Hourglass"},{"floor":24,"key":"Toy Ornithopter"},{"floor":27,"key":"Happy Flower"},{"floor":38,"key":"Turnip"},{"floor":39,"key":"Dream Catcher"},{"floor":39,"key":"PreservedInsect"},{"floor":41,"key":"Letter Opener"},{"floor":42,"key":"The Courier"},{"floor":42,"key":"Slimebound:AggressiveSlimeRelic"},{"floor":44,"key":"Ornamental Fan"},{"floor":44,"key":"Whetstone"}],"event_choices":[{"damage_healed":0.0,"max_hp_gain":0.0,"max_hp_loss":0.0,"gold_gain":0.0,"event_name":"Accursed Blacksmith","player_choice":"Rummage","floor":2.0,"gold_loss":0.0,"damage_taken":0.0,"relics_obtained":["WarpedTongs"],"cards_obtained":["Pain"]},{"damage_healed":0.0,"max_hp_gain":0.0,"max_hp_loss":0.0,"gold_gain":0.0,"event_name":"Lab","player_choice":"Got Potions","floor":5.0,"gold_loss":0.0,"damage_taken":0.0}],"is_beta":false,"boss_relics":[{"not_picked":["SacredBark","Runic Pyramid"],"picked":"expansioncontent:StudyCardRelic"},{"not_picked":["Velvet Choker","Sozu"],"picked":"Black Star"}],"items_purged_floors":[3,30,37,40],"is_endless":false,"potions_floor_spawned":[12,14,15,16,20,23,25,32,33,42,44,46,47],"ascension_level":10}}