{"host":"q5vpntglr38zhb0c","time":1608374323,"event":{"mods":["BaseMod","Colored Map","DeckTracker","Keyboard Shortcuts","Minty Spire (QoL Compilation)","Permanent Neow","StSLib","SuperFastMode","everything is the same but u backflip on backflip"],"gold_per_floor":[114,134,150,150,163,163,177,198,280,280,280],"floor_reached":10,"playtime":195,"items_purged":[],"score":124,"play_id":"c11d8ef4-c5f1-4f8c-ae4a-396d8a523b11","local_time":"20201219193843","is_ascension_mode":true,"campfire_choices":[{"data":"Defragment","floor":6,"key":"SMITH"}],"circlet_count":0,"master_deck":["AscendersBane","Strike_B","Strike_B","Defend_B","Defend_B","Defend_B","Defend_B","Zap","Dualcast","Rebound","Defragment+1","Sweeping Beam","Go for the Eyes","Core Surge","Hologram","Coolheaded","Undo"],"relics":["Cracked Core","Golden Idol","Eternal Feather"],"acts_visited":["Exordium"],"potions_floor_usage":[8],"damage_taken":[{"damage":0,"enemies":"2 Louse","floor":1,"turns":1},{"damage":0,"enemies":"Small Slimes","floor":2,"turns":4},{"damage":2,"enemies":"Jaw Worm","floor":3,"turns":3},{"damage":9,"enemies":"3 Louse","floor":5,"turns":3},{"damage":0,"enemies":"Looter","floor":7,"turns":3},{"damage":13,"enemies":"Large Slime","floor":8,"turns":9},{"damage":25,"enemies":"Gremlin Nob","floor":10,"turns":3}],"seed_played":"-1046723119933913823","potions_obtained":[{"floor":3,"key":"PotionOfCapacity"},{"floor":5,"key":"DistilledChaos"}],"is_trial":false,"path_per_floor":["M","M","M","?","M","R","M","M","T","E"],"character_chosen":"DEFECT","items_purchased":[],"campfire_rested":0,"item_purchase_floors":[],"current_hp_per_floor":[64,64,62,40,31,31,31,18,18,0,0],"gold":280,"neow_bonus":"TRANSFORM_TWO_CARDS","is_daily":false,"chose_seed":false,"campfire_upgraded":1,"win_rate":0.0,"timestamp":1608374323,"path_taken":["M","M","M","?","M","R","M","M","T","E"],"items_purchased_type":[],"build_version":"2020-12-13","purchased_purges":0,"victory":false,"max_hp_per_floor":[64,64,64,64,64,64,64,64,64,64,64],"card_choices":[{"not_picked":["Cold Snap","Coolheaded"],"picked":"Sweeping Beam","floor":1},{"not_picked":["Cold Snap","Undo"],"picked":"Go for the Eyes","floor":2},{"not_picked":["Stack","Turbo"],"picked":"Core Surge","floor":3},{"not_picked":["Turbo","Steam Power"],"picked":"Hologram","floor":5},{"not_picked":["Fusion","Recycle"],"picked":"Coolheaded","floor":7},{"not_picked":["Beam Cell","Rip and Tear"],"picked":"Undo","floor":8}],"player_experience":1304361,"relics_obtained":[{"floor":9,"key":"Eternal Feather"}],"event_choices":[{"damage_healed":0,"gold_gain":0,"player_choice":"Take Damage","damage_taken":22,"relics_obtained":["Golden Idol"],"max_hp_gain":0,"max_hp_loss":0,"event_name":"Golden Idol","floor":4,"gold_loss":0}],"is_beta":false,"boss_relics":[],"items_purged_floors":[],"is_endless":false,"potions_floor_spawned":[3,5,7],"killed_by":"Gremlin Nob","ascension_level":20}}