{"host":"esx1hwjnbftf3eqj","time":1608346589,"event":{"mods":["BaseMod","Colored Map","Minty Spire (QoL Compilation)","StSLib","The Jungle"],"gold_per_floor":[111,111,36,36,52,84,100,100,123,155,34,34,66,81,81,176,176,190,202,202,220,28,28,57,57,57,86,12,31,31,31,31,128,128,138,138,138],"floor_reached":36,"playtime":3235,"items_purged":["Regret","Regret","Shame"],"score":522,"play_id":"67bb0629-8b67-4982-9171-be3ee73ebbdc","local_time":"20201218185629","is_ascension_mode":true,"campfire_choices":[{"data":"Apotheosis","floor":8,"key":"SMITH"},{"floor":12,"key":"REST"},{"data":"Noxious Fumes","floor":15,"key":"SMITH"},{"data":"Well Laid Plans","floor":23,"key":"SMITH"},{"floor":25,"key":"REST"},{"data":"Envenom","floor":30,"key":"SMITH"},{"floor":32,"key":"REST"}],"circlet_count":0,"master_deck":["Strike_G","Strike_G","Strike_G","Strike_G","Strike_G","Defend_G","Defend_G","Defend_G","Defend_G","Defend_G","Survivor","Neutralize","Apotheosis+1","Backflip","Cloak And Dagger","Slice","Distraction","Slice","Dodge and Roll","Noxious Fumes+1","Phantasmal Killer","Phantasmal Killer","Poisoned Stab","Infinite Blades+1","Phantasmal Killer","Backflip","Well Laid Plans+1","Deflect+1","Envenom+1","Accuracy","Dodge and Roll+1","A Thousand Cuts","Deflect+1"],"relics":["Ring of the Snake","Potion Belt","Nunchaku","MawBank","Bronze Scales","Sozu","Gambling Chip","Bottled Tornado","Ancient Tea Set","Black Star"],"acts_visited":["Exordium","Exordium","TheBeyond"],"potions_floor_usage":[13],"damage_taken":[{"damage":3,"enemies":"Jaw Worm","floor":1,"turns":4},{"damage":4,"enemies":"Cultist","floor":5,"turns":4},{"damage":26,"enemies":"Lagavulin","floor":6,"turns":9},{"damage":6,"enemies":"Small Slimes","floor":7,"turns":4},{"damage":13,"enemies":"Exordium Thugs","floor":10,"turns":5},{"damage":11,"enemies":"Gremlin Nob","floor":13,"turns":4},{"damage":2,"enemies":"Looter","floor":14,"turns":4},{"damage":16,"enemies":"Hexaghost","floor":16,"turns":9},{"damage":1,"enemies":"theJungle:Flameango_and_Byrd","floor":18,"turns":5},{"damage":14,"enemies":"theJungle:MUSHROOMGANG","floor":19,"turns":5},{"damage":26,"enemies":"theJungle:2_Flameangoes","floor":21,"turns":6},{"damage":18,"enemies":"theJungle:MamaSnecko","floor":24,"turns":7},{"damage":0,"enemies":"theJungle:Cassacara","floor":27,"turns":5},{"damage":0,"enemies":"theJungle:Lyon","floor":29,"turns":4},{"damage":17,"enemies":"theJungle:FunGuy","floor":33,"turns":8},{"damage":10,"enemies":"3 Shapes","floor":35,"turns":4},{"damage":91,"enemies":"2 Orb Walkers","floor":36,"turns":4}],"seed_played":"5372317145182742083","potions_obtained":[{"floor":7,"key":"ColorlessPotion"},{"floor":13,"key":"FairyPotion"}],"is_trial":false,"path_per_floor":["M","?","$","?","M","E","M","R","T","M","$","R","E","M","R","B",null,"M","M","?","M","$","R","E","R","T","E","$","M","R","$","R","B",null,"M","?"],"character_chosen":"THE_SILENT","items_purchased":["Noxious Fumes","Well Laid Plans","Accuracy"],"campfire_rested":3,"item_purchase_floors":[11,22,28],"current_hp_per_floor":[67,67,67,67,63,37,31,31,31,18,18,39,28,26,26,10,70,69,55,55,29,29,29,11,32,32,32,32,32,32,32,53,36,70,60,0,0],"gold":138,"neow_bonus":"RANDOM_COLORLESS_2","is_daily":false,"chose_seed":false,"campfire_upgraded":4,"win_rate":0.0,"timestamp":1608346589,"path_taken":["M","?","$","?","?","E","M","R","T","M","$","R","E","M","R","BOSS","M","?","?","M","$","R","E","R","T","E","?","M","R","$","R","BOSS","M","?"],"items_purchased_type":["Card","Card","Card"],"build_version":"2020-12-13","purchased_purges":3,"victory":false,"max_hp_per_floor":[70,70,70,70,70,70,70,70,70,70,70,70,70,70,70,70,70,70,70,70,70,70,70,70,70,70,70,70,70,70,70,70,70,70,70,70,70],"card_choices":[{"not_picked":["Sadistic Nature","Master of Strategy"],"picked":"Apotheosis","floor":0},{"not_picked":["Endless Agony","Deflect"],"picked":"Backflip","floor":1},{"not_picked":["PiercingWail","Riddle With Holes"],"picked":"Slice","floor":5},{"not_picked":["PiercingWail","Skewer"],"picked":"Distraction","floor":6},{"not_picked":["Setup","Quick Slash"],"picked":"Slice","floor":7},{"not_picked":["Prepared","Blur"],"picked":"Dodge and Roll","floor":10},{"not_picked":["Blade Dance","Escape Plan"],"picked":"Phantasmal Killer","floor":13},{"not_picked":["Outmaneuver","Skewer","Quick Slash"],"picked":"SKIP","floor":14},{"not_picked":["Tools of the Trade","Glass Knife"],"picked":"Phantasmal Killer","floor":16},{"not_picked":["Eviscerate","Setup+1"],"picked":"Poisoned Stab","floor":18},{"not_picked":["Choke","Underhanded Strike"],"picked":"Infinite Blades+1","floor":19},{"not_picked":["Prepared","Concentrate+1"],"picked":"Backflip","floor":21},{"not_picked":["Backflip","Cloak And Dagger"],"picked":"Deflect+1","floor":24},{"not_picked":["Skewer","Dagger Spray"],"picked":"Envenom","floor":27},{"not_picked":["Outmaneuver","Flying Knee"],"picked":"Dodge and Roll+1","floor":29},{"not_picked":["Grand Finale","Burst"],"picked":"A Thousand Cuts","floor":33},{"not_picked":["Backflip+1","Slice"],"picked":"Deflect+1","floor":35}],"player_experience":473793,"relics_obtained":[{"floor":6,"key":"Nunchaku"},{"floor":9,"key":"MawBank"},{"floor":13,"key":"Bronze Scales"},{"floor":24,"key":"Gambling Chip"},{"floor":26,"key":"Bottled Tornado"},{"floor":27,"key":"Ancient Tea Set"}],"event_choices":[{"damage_healed":0,"gold_gain":0,"player_choice":"Box","damage_taken":0,"relics_obtained":["Potion Belt"],"max_hp_gain":0,"max_hp_loss":0,"event_name":"Big Fish","floor":2,"gold_loss":0,"cards_obtained":["Regret"]},{"damage_healed":0,"gold_gain":0,"player_choice":"3 cards matched","damage_taken":0,"max_hp_gain":0,"max_hp_loss":0,"event_name":"Match and Keep!","floor":4,"gold_loss":0,"cards_obtained":["Infinite Blades","Shame","Cloak And Dagger"]},{"damage_healed":0,"gold_gain":0,"cards_transformed":["Infinite Blades"],"player_choice":"Transformed","damage_taken":0,"max_hp_gain":0,"max_hp_loss":0,"event_name":"Transmorgrifier","floor":20,"gold_loss":0,"cards_obtained":["Phantasmal Killer"]},{"damage_healed":0,"gold_gain":0,"player_choice":"Fight","damage_taken":0,"max_hp_gain":0,"max_hp_loss":0,"event_name":"Mysterious Sphere","floor":36,"gold_loss":0}],"is_beta":false,"boss_relics":[{"not_picked":["Pandora\u0027s Box","Velvet Choker"],"picked":"Sozu"},{"not_picked":["SacredBark","Runic Dome"],"picked":"Black Star"}],"items_purged_floors":[3,11,22],"is_endless":false,"potions_floor_spawned":[7,13,18,29,33],"killed_by":"2 Orb Walkers","ascension_level":4}}