{"host":"s1gi8xs3so6zkrm7","time":1608352198,"event":{"mods":["BaseMod","Filter the Spire","Minty Spire (QoL Compilation)"],"gold_per_floor":[164,43,53,153,173,173,186,221,221,246,246,315,25,0,0,105,105,88,103,114,114,133,133,161,161,161,180,214,214,139,152,152,248,248,258,268,282,282,282,282,313,313,313],"floor_reached":44,"playtime":3425,"items_purged":["Defend_G","Strike_G"],"score":770,"play_id":"5cf9489f-86ca-41c7-ad08-1bb473ebb68f","local_time":"20201218222958","is_ascension_mode":true,"campfire_choices":[{"data":"Bouncing Flask","floor":6.0,"key":"SMITH"},{"data":"Distraction","floor":11.0,"key":"SMITH"},{"floor":15.0,"key":"REST"},{"data":"Wraith Form v2","floor":23.0,"key":"SMITH"},{"data":"Night Terror","floor":25.0,"key":"SMITH"},{"floor":29.0,"key":"REST"},{"data":"Mayhem","floor":32.0,"key":"SMITH"},{"data":"Noxious Fumes","floor":40.0,"key":"SMITH"}],"circlet_count":0,"master_deck":["Strike_G","Defend_G","Defend_G","Defend_G","Defend_G","Survivor","Neutralize","Bouncing Flask+1","Blade Dance","Dagger Throw","Blade Dance","Distraction+1","Mayhem+1","Wraith Form v2+1","Ghostly","Ghostly","Ghostly","Ghostly","Ghostly","Night Terror+1","Bullet Time","Masterful Stab+1","Outmaneuver+1","Footwork+1","Noxious Fumes+1","Magnetism"],"relics":["Tiny House","Ornamental Fan","Bottled Flame","Vajra","Mummified Hand","Cursed Key","Pen Nib","Centennial Puzzle","Torii","Astrolabe","Oddly Smooth Stone"],"acts_visited":["Exordium","TheCity","TheBeyond"],"potions_floor_usage":[43],"damage_taken":[{"damage":0.0,"enemies":"Cultist","floor":1.0,"turns":3.0},{"damage":2.0,"enemies":"Small Slimes","floor":3.0,"turns":3.0},{"damage":0.0,"enemies":"Jaw Worm","floor":5.0,"turns":3.0},{"damage":9.0,"enemies":"2 Fungi Beasts","floor":7.0,"turns":4.0},{"damage":8.0,"enemies":"Lagavulin","floor":8.0,"turns":5.0},{"damage":21.0,"enemies":"Gremlin Nob","floor":10.0,"turns":4.0},{"damage":42.0,"enemies":"The Guardian","floor":16.0,"turns":11.0},{"damage":13.0,"enemies":"2 Thieves","floor":18.0,"turns":4.0},{"damage":0.0,"enemies":"3 Byrds","floor":19.0,"turns":4.0},{"damage":22.0,"enemies":"3 Cultists","floor":20.0,"turns":6.0},{"damage":0.0,"enemies":"Chosen and Byrds","floor":22.0,"turns":6.0},{"damage":6.0,"enemies":"Slavers","floor":24.0,"turns":4.0},{"damage":3.0,"enemies":"Snake Plant","floor":27.0,"turns":5.0},{"damage":13.0,"enemies":"Gremlin Leader","floor":28.0,"turns":7.0},{"damage":0.0,"enemies":"Centurion and Healer","floor":31.0,"turns":7.0},{"damage":3.0,"enemies":"Champ","floor":33.0,"turns":10.0},{"damage":1.0,"enemies":"3 Darklings","floor":35.0,"turns":2.0},{"damage":6.0,"enemies":"3 Shapes","floor":36.0,"turns":7.0},{"damage":0.0,"enemies":"3 Darklings","floor":37.0,"turns":6.0},{"damage":0.0,"enemies":"Giant Head","floor":41.0,"turns":10.0},{"damage":19,"enemies":"Awakened One","floor":43,"turns":13}],"seed_played":"-6404213372151900844","potions_obtained":[{"floor":0.0,"key":"LiquidBronze"},{"floor":7.0,"key":"Ancient Potion"},{"floor":8.0,"key":"FearPotion"},{"floor":18.0,"key":"Energy Potion"}],"is_trial":false,"path_per_floor":["M","$","M","?","M","R","M","E","T","E","R","T","$","?","R","B",null,"M","M","M","?","M","R","E","R","T","M","E","R","?","M","R","B",null,"M","M","M","?","?","R","E","?","B",null],"character_chosen":"THE_SILENT","items_purchased":["Dagger Throw","Mayhem"],"campfire_rested":2,"item_purchase_floors":[2,13],"current_hp_per_floor":[75,75,73,73,73,73,64,56,56,35,35,35,35,35,57,15,75,62,62,40,37,37,37,31,31,31,28,15,26,26,26,26,23,37,36,30,30,30,20,20,20,20,1],"gold":313,"neow_bonus":"BOSS_RELIC","is_daily":false,"chose_seed":false,"campfire_upgraded":6,"win_rate":0.0,"timestamp":1608352198,"path_taken":["M","?","M","?","M","R","?","E","T","E","R","?","$","?","R","BOSS","M","M","M","?","M","R","E","R","T","M","E","R","?","M","R","BOSS","M","M","M","?","?","R","E","?","BOSS"],"items_purchased_type":["Card","Card"],"build_version":"2020-12-13","purchased_purges":2,"victory":true,"max_hp_per_floor":[75,75,75,75,75,75,75,75,75,75,75,75,75,75,75,75,75,75,75,75,37,37,37,37,37,37,37,37,37,37,37,37,37,37,37,37,37,37,37,37,37,37,37],"card_choices":[{"not_picked":["Prepared","Calculated Gamble"],"picked":"Bouncing Flask","floor":0.0},{"not_picked":["Blur","Cloak And Dagger"],"picked":"Blade Dance","floor":1.0},{"not_picked":["Slice","Backflip","Dagger Spray"],"picked":"SKIP","floor":3.0},{"not_picked":["Outmaneuver","Prepared","Underhanded Strike"],"picked":"SKIP","floor":5.0},{"not_picked":["Caltrops","Terror"],"picked":"Blade Dance","floor":7.0},{"not_picked":["Slice","Footwork"],"picked":"Distraction","floor":8.0},{"not_picked":["Deflect","Dagger Throw","Expertise"],"picked":"SKIP","floor":10.0},{"not_picked":["Venomology","Bullet Time"],"picked":"Wraith Form v2","floor":16.0},{"not_picked":["Sucker Punch","Dagger Throw","Blur"],"picked":"SKIP","floor":18.0},{"not_picked":["Underhanded Strike","Deadly Poison+1","Deflect"],"picked":"SKIP","floor":19.0},{"not_picked":["Blur","Escape Plan"],"picked":"Endless Agony","floor":20.0},{"not_picked":["Outmaneuver+1","Flying Knee","PiercingWail"],"picked":"SKIP","floor":22.0},{"not_picked":["Deflect+1","Dagger Spray+1"],"picked":"Night Terror","floor":24.0},{"not_picked":["Deadly Poison","Dagger Spray","Quick Slash"],"picked":"SKIP","floor":27.0},{"not_picked":["Deadly Poison","Dagger Spray","Quick Slash"],"picked":"SKIP","floor":27.0},{"not_picked":["Backstab","Slice","Crippling Poison"],"picked":"SKIP","floor":28.0},{"not_picked":["Blade Dance+1","Deflect+1","Skewer"],"picked":"SKIP","floor":31.0},{"not_picked":["Night Terror","Corpse Explosion"],"picked":"Bullet Time","floor":33.0},{"not_picked":["Distraction","Deflect+1"],"picked":"Noxious Fumes","floor":35.0},{"not_picked":["Cloak And Dagger","Quick Slash","Tactician+1"],"picked":"SKIP","floor":36.0},{"not_picked":["Underhanded Strike","Dagger Throw+1","Bane"],"picked":"SKIP","floor":37.0},{"not_picked":["Deep Breath","Chrysalis"],"picked":"Magnetism","floor":39.0},{"not_picked":["Outmaneuver","Deadly Poison+1","Quick Slash"],"picked":"SKIP","floor":41.0}],"player_experience":166641,"relics_obtained":[{"floor":8.0,"key":"Ornamental Fan"},{"floor":9.0,"key":"Bottled Flame"},{"floor":10.0,"key":"Vajra"},{"floor":12.0,"key":"Mummified Hand"},{"floor":24.0,"key":"Pen Nib"},{"floor":26.0,"key":"Centennial Puzzle"},{"floor":28.0,"key":"Torii"},{"floor":41.0,"key":"Oddly Smooth Stone"}],"event_choices":[{"damage_healed":0.0,"max_hp_gain":0.0,"max_hp_loss":0.0,"gold_gain":100.0,"event_name":"Golden Shrine","player_choice":"Pray","floor":4.0,"gold_loss":0.0,"damage_taken":0.0},{"damage_healed":0.0,"max_hp_gain":0.0,"max_hp_loss":0.0,"gold_gain":0.0,"event_name":"World of Goop","player_choice":"Left Gold","floor":14.0,"gold_loss":25.0,"damage_taken":0.0},{"damage_healed":0.0,"max_hp_gain":0.0,"max_hp_loss":38.0,"gold_gain":0.0,"event_name":"Ghosts","player_choice":"Became a Ghost","floor":21.0,"gold_loss":0.0,"damage_taken":0.0,"cards_obtained":["Ghostly","Ghostly","Ghostly","Ghostly","Ghostly"]},{"cards_removed":["Pain"],"damage_healed":0.0,"max_hp_gain":0.0,"max_hp_loss":0.0,"gold_gain":0.0,"event_name":"Beggar","player_choice":"Gave Gold","floor":30.0,"gold_loss":75.0,"damage_taken":0.0},{"cards_removed":["Endless Agony"],"damage_healed":0.0,"max_hp_gain":0.0,"max_hp_loss":0.0,"gold_gain":0.0,"event_name":"Falling","player_choice":"Removed Attack","floor":38.0,"gold_loss":0.0,"damage_taken":0.0},{"damage_healed":0.0,"max_hp_gain":0.0,"max_hp_loss":0.0,"gold_gain":0.0,"event_name":"SensoryStone","player_choice":"Memory 3","floor":39.0,"gold_loss":0.0,"damage_taken":10.0},{"damage_healed":0.0,"max_hp_gain":0.0,"max_hp_loss":0.0,"gold_gain":0.0,"event_name":"SecretPortal","player_choice":"Took Portal","floor":42.0,"gold_loss":0.0,"damage_taken":0.0}],"is_beta":false,"boss_relics":[{"not_picked":["Fusion Hammer","Velvet Choker"],"picked":"Cursed Key"},{"not_picked":["HoveringKite","Snecko Eye"],"picked":"Astrolabe"}],"items_purged_floors":[2,13],"is_endless":false,"potions_floor_spawned":[7,8,18,19,24,27,37],"ascension_level":1}}