{"host":"an6uhul3yec8m0jh","time":1608397725,"event":{"mods":["Act Like it!","BaseMod","Colored Map","Colored Powertips","Gensokyo","Highlight Path","Marisa£®ÏF”Í°°ƒß¿Ì…≥£©","Minty Spire (QoL Compilation)","Quick Restart","StSLib","Waifu the Spire","noobMod"],"gold_per_floor":[111,111,111,128,147,147,181,225,225,65,65,100,146,146,146,258,258,274,389,422,422,462,512,512,554,554,554,680,715,744,487,487,631,631,656,656,249,377,442,442,472,472,522,522,116,167,182,199,199,199],"floor_reached":51,"playtime":3055,"items_purged":["Strike_MRS","Defend_MRS"],"score":947,"play_id":"43926b26-10e4-4dde-be29-0e956894ad2b","local_time":"20201220010845","is_ascension_mode":true,"campfire_choices":[{"data":"StarBarrage","floor":6.0,"key":"SMITH"},{"data":"CollectingQuirk","floor":15.0,"key":"SMITH"},{"data":"WitchOfGreed","floor":32.0,"key":"SMITH"},{"data":"MysteriousBeam","floor":40.0,"key":"SMITH"},{"data":"Gensokyo:ShootingStar","floor":42.0,"key":"SMITH"},{"data":"MilkyWay","floor":44.0,"key":"SMITH"},{"data":"AsteroidBelt","floor":49,"key":"SMITH"}],"circlet_count":0,"master_deck":["Defend_MRS","Defend_MRS","MasterSpark","UpSweep","CollectingQuirk+1","Gensokyo:CrescentMoonSlash","GasGiant","GravityBeat","WitchOfGreed+1","MilkyWay+1","BlazingStar","UnstableBomb+1","UltimateShortwave+1","EventHorizon+1","GalacticHalo+1","Robbery","MagicChant+1","GrandCross+1","ManaConvection+1","Gensokyo:FourOfAKind","Gensokyo:FourOfAKind","Gensokyo:FourOfAKind","Gensokyo:FourOfAKind","WitchLeyline","Acceleration+1","SuperPerseids","Gensokyo:ShootingStar+1","TreasureHunter","MagicAbsorber","MysteriousBeam+1","AsteroidBelt+1","6A","StarDustReverie","EarthLightRay"],"relics":["MiniHakkero","ice","Gensokyo:CelestialsFlawlessClothing","Pear","Incense Burner","Enchiridion","Gensokyo:Justice","Calipers","Happy Flower","Astrolabe","StoneCalendar","Lizard Tail","Gensokyo:RedStar","Ginger","Bottled Flame","PreservedInsect","Dream Catcher","Coffee Dripper","Bag of Preparation","OrangePellets","HornCleat","Sundial","Akabeko"],"acts_visited":["Gensokyo:Gensokyo","Gensokyo:Gensokyoer","TheBeyond"],"potions_floor_usage":[50,50],"damage_taken":[{"damage":3.0,"enemies":"Gensokyo:Gryphon","floor":1.0,"turns":3.0},{"damage":0.0,"enemies":"Gensokyo:Python","floor":4.0,"turns":2.0},{"damage":5.0,"enemies":"Gensokyo:2_Kodama","floor":5.0,"turns":4.0},{"damage":10.0,"enemies":"Gensokyo:Cirno","floor":7.0,"turns":4.0},{"damage":8.0,"enemies":"Gensokyo:Kitsune","floor":8.0,"turns":4.0},{"damage":0.0,"enemies":"Gensokyo:3_Kodama","floor":12.0,"turns":3.0},{"damage":3.0,"enemies":"Gensokyo:Mamizou","floor":13.0,"turns":5.0},{"damage":16.0,"enemies":"Gensokyo:Yukari","floor":16.0,"turns":5.0},{"damage":6.0,"enemies":"Gensokyo:2_Gloops","floor":18.0,"turns":4.0},{"damage":24.0,"enemies":"Gensokyo:2_Gloops","floor":19.0,"turns":7.0},{"damage":11.0,"enemies":"Gensokyo:CosmicMonolith","floor":20.0,"turns":3.0},{"damage":2.0,"enemies":"Gensokyo:3_Gloops","floor":22.0,"turns":4.0},{"damage":10.0,"enemies":"Gensokyo:Koishi","floor":23.0,"turns":4.0},{"damage":19.0,"enemies":"Gensokyo:Reisen","floor":25.0,"turns":4.0},{"damage":5.0,"enemies":"Gensokyo:Chomper_and_Gloop","floor":28.0,"turns":3.0},{"damage":0.0,"enemies":"Gensokyo:Koishi","floor":29.0,"turns":2.0},{"damage":0.0,"enemies":"Gensokyo:Swordslinger","floor":30.0,"turns":3.0},{"damage":21.0,"enemies":"Gensokyo:Eiki","floor":33.0,"turns":3.0},{"damage":5.0,"enemies":"3 Darklings","floor":35.0,"turns":4.0},{"damage":14.0,"enemies":"3 Shapes","floor":38.0,"turns":4.0},{"damage":4.0,"enemies":"Writhing Mass","floor":39.0,"turns":2.0},{"damage":3.0,"enemies":"Nemesis","floor":41.0,"turns":7.0},{"damage":0,"enemies":"Reptomancer","floor":46,"turns":3},{"damage":0,"enemies":"Sphere and 2 Shapes","floor":47,"turns":2},{"damage":0,"enemies":"Jaw Worm Horde","floor":48,"turns":2},{"damage":20,"enemies":"Awakened One","floor":50,"turns":7}],"seed_played":"3295783138859668904","potions_obtained":[{"floor":4.0,"key":"BlessingOfTheForge"},{"floor":8.0,"key":"Swift Potion"},{"floor":12.0,"key":"SkillPotion"},{"floor":12.0,"key":"Weak Potion"},{"floor":13.0,"key":"Fire Potion"},{"floor":13.0,"key":"Strength Potion"},{"floor":16.0,"key":"Dexterity Potion"},{"floor":18.0,"key":"FearPotion"},{"floor":19.0,"key":"SpeedPotion"},{"floor":20.0,"key":"SkillPotion"},{"floor":22.0,"key":"LiquidMemories"},{"floor":23.0,"key":"LiquidMemories"},{"floor":25.0,"key":"AttackPotion"},{"floor":28.0,"key":"FearPotion"},{"floor":28.0,"key":"SkillPotion"},{"floor":28.0,"key":"PowerPotion"},{"floor":30.0,"key":"LiquidMemories"},{"floor":30.0,"key":"AttackPotion"},{"floor":33.0,"key":"Explosive Potion"},{"floor":35.0,"key":"DuplicationPotion"},{"floor":38.0,"key":"SneckoOil"},{"floor":38.0,"key":"Swift Potion"},{"floor":38.0,"key":"ShroomBrew"},{"floor":46,"key":"SpeedPotion"}],"is_trial":false,"path_per_floor":["M","?","?","M","M","R","E","M","T","?","?","M","E","?","R","B",null,"M","?","M","?","M","E","?","E","T","?","M","E","M","$","R","B",null,"M","?","$","M","M","R","E","R","T","R","$","E","M","M","R","B",null],"character_chosen":"MARISA","items_purchased":["SuperPerseids","Fruit Juice","Bag of Preparation","OrangePellets","StarDustReverie","Sundial"],"campfire_rested":0,"item_purchase_floors":[31,31,37,37,45,45],"current_hp_per_floor":[72,65,47,47,42,42,42,34,34,34,34,34,31,31,31,15,85,79,55,44,44,42,32,32,13,13,13,8,8,60,65,65,65,65,60,60,60,46,42,42,39,39,39,39,39,39,39,39,39,65],"gold":199,"neow_bonus":"ONE_RANDOM_RARE_CARD","is_daily":false,"chose_seed":false,"campfire_upgraded":7,"win_rate":0.0,"timestamp":1608397725,"path_taken":["M","?","?","M","?","R","E","M","T","?","?","M","E","?","R","BOSS","M","?","M","?","?","E","?","E","T","?","M","E","M","$","R","BOSS","M","?","?","M","M","R","E","R","T","R","$","E","?","M","R","BOSS"],"items_purchased_type":["Card","Potion","Relic","Relic","Card","Relic"],"build_version":"2020-12-13","purchased_purges":2,"victory":true,"max_hp_per_floor":[75,75,75,75,75,75,85,85,85,85,85,85,85,85,85,85,85,85,85,85,85,85,85,60,60,60,60,60,60,60,65,65,65,65,65,65,65,65,65,65,65,65,65,65,65,65,65,65,65,65],"card_choices":[{"not_picked":["GalacticHalo","LuminesStrike"],"picked":"StarBarrage","floor":1.0},{"not_picked":["SprinkleStarSeal","AlicesGift"],"picked":"GasGiant","floor":4.0},{"not_picked":["AsteroidBelt","GasGiant"],"picked":"GravityBeat","floor":5.0},{"not_picked":["ChargingUp","GalacticHalo"],"picked":"WitchOfGreed","floor":7.0},{"not_picked":["IllusionStar","DoubleSpark"],"picked":"PowerUp","floor":8.0},{"not_picked":["RefractionSpark","NonDirectionalLaser"],"picked":"MilkyWay","floor":12.0},{"not_picked":["MachineGunSpark","CollectingQuirk"],"picked":"FairyDestructionRay","floor":13.0},{"not_picked":["SatelliteIllusion","MaximisePower"],"picked":"BlazingStar","floor":16.0},{"not_picked":["WitchOfGreed+1","MysteriousBeam"],"picked":"GalacticHalo+1","floor":18.0},{"not_picked":["AsteroidBelt+1","LuminesStrike"],"picked":"Robbery","floor":19.0},{"not_picked":["UnstableBomb","FinalSpark"],"picked":"MagicChant+1","floor":20.0},{"not_picked":["Acceleration","IllusionStar"],"picked":"GrandCross+1","floor":22.0},{"not_picked":["DragonMeteor","GravityBeat"],"picked":"ManaConvection+1","floor":23.0},{"not_picked":["NonDirectionalLaser","IllusionStar","LuminesStrike"],"picked":"SKIP","floor":25.0},{"not_picked":["GrandCross","Acceleration"],"picked":"WitchLeyline","floor":28.0},{"not_picked":["GrandCross+1","MilkyWay","OortCloud"],"picked":"SKIP","floor":29.0},{"not_picked":["Acceleration+1","DoubleSpark","MilkyWay"],"picked":"SKIP","floor":30.0},{"not_picked":["DoubleSpark","MilkyWay"],"picked":"Acceleration+1","floor":30.0},{"not_picked":[],"picked":"Gensokyo:ShootingStar","floor":33.0},{"not_picked":["BlazingStar","UltimateShortwave"],"picked":"TreasureHunter","floor":33.0},{"not_picked":["ManaConvection+1","Occultation"],"picked":"MagicAbsorber","floor":35.0},{"not_picked":["GravityBeat","GrandCross+1"],"picked":"AsteroidBelt","floor":38.0},{"not_picked":["MysteriousBeam","GrandCross"],"picked":"6A","floor":39.0},{"not_picked":["Acceleration+1","NonDirectionalLaser+1","FairyDestructionRay"],"picked":"SKIP","floor":41.0},{"not_picked":["EventHorizon+1","StarBarrage","ChargeUpSpray+1"],"picked":"SKIP","floor":46},{"not_picked":["LuminesStrike+1","MysteriousBeam","DarkSpark+1"],"picked":"SKIP","floor":47},{"not_picked":["AsteroidBelt+1","6A"],"picked":"EarthLightRay","floor":48}],"player_experience":218805,"relics_obtained":[{"floor":7.0,"key":"Pear"},{"floor":9.0,"key":"Incense Burner"},{"floor":13.0,"key":"Calipers"},{"floor":19.0,"key":"StoneCalendar"},{"floor":19.0,"key":"Lizard Tail"},{"floor":23.0,"key":"Ginger"},{"floor":25.0,"key":"Bottled Flame"},{"floor":26.0,"key":"PreservedInsect"},{"floor":29.0,"key":"Dream Catcher"},{"floor":41.0,"key":"HornCleat"},{"floor":46,"key":"Akabeko"}],"event_choices":[{"damage_healed":0.0,"max_hp_gain":0.0,"max_hp_loss":0.0,"gold_gain":0.0,"cards_transformed":["Defend_MRS"],"event_name":"Transmorgrifier","player_choice":"Transformed","floor":36.0,"gold_loss":0.0,"damage_taken":0.0,"cards_obtained":["MysteriousBeam"]}],"is_beta":false,"boss_relics":[{"not_picked":["Snecko Eye","Pandora\u0027s Box"],"picked":"Astrolabe"},{"not_picked":["Tiny House","Velvet Choker"],"picked":"Coffee Dripper"}],"items_purged_floors":[31,37],"is_endless":false,"potions_floor_spawned":[4,12,13,18,20,25,30,35,39,48],"ascension_level":2}}