{"host":"llpusn9usp8rznkj","time":1608353841,"event":{"mods":["2.2 Compatiblity","BaseMod","Colored Map","Colored Powertips","Conspire","Downfall","Hubris","Minty Spire (QoL Compilation)","Rare Cards Sparkle","Replay The Spire","StSLib","The Cursed"],"gold_per_floor":[117,128,128,144,154,154,187,187,187,137,137,182,182,197,197,292,292,329,339,339,264,264,289,289,269,294,311,247,278,291,303,303,303,303],"floor_reached":33,"playtime":1462,"items_purged":["Strike_G"],"score":620,"play_id":"f9a82666-20d6-473f-a401-a0f674150c4d","local_time":"20201218235721","is_ascension_mode":true,"campfire_choices":[{"data":"Caltrops","floor":6,"key":"SMITH"},{"data":"Accuracy","floor":8,"key":"SMITH"},{"data":"conspire:DoublingDagger","floor":11,"key":"SMITH"},{"data":"Backflip","floor":13,"key":"SMITH"},{"data":"conspire:PoisonWeapons","floor":15,"key":"SMITH"},{"data":"ReplayTheSpireMod:Necrosis","floor":24,"key":"SMITH"},{"data":"conspire:DoublingDagger","floor":32,"key":"SMITH"}],"circlet_count":0,"master_deck":["AscendersBane","Strike_G","Strike_G","Strike_G","Strike_G","Defend_G","Defend_G","Defend_G","Defend_G","Defend_G","Survivor","Neutralize","Caltrops+1","Accuracy+1","Backflip+1","conspire:DoublingDagger+1","conspire:SpireCoStock","conspire:PoisonWeapons+1","Cloak And Dagger","ReplayTheSpireMod:Necrosis+1","Cloak And Dagger","Infinite Blades","conspire:PoisonWeapons","conspire:PoisonWeapons","conspire:DoublingDagger+1"],"relics":["hubris:ScarierMask","hubris:Towel","Garlic","Oddly Smooth Stone","Vajra","Snecko Scales","Shuriken","Replay:Baseball","White Beast Statue"],"acts_visited":["Exordium","TheCity"],"potions_floor_usage":[2,7,16,27,29,29,31,33],"damage_taken":[{"damage":3,"enemies":"Small Slimes","floor":1,"turns":4},{"damage":0,"enemies":"2 Louse","floor":2,"turns":2},{"damage":11,"enemies":"Cultist","floor":4,"turns":5},{"damage":0,"enemies":"Exordium Wildlife","floor":5,"turns":4},{"damage":5,"enemies":"3 Sentries","floor":7,"turns":6},{"damage":14,"enemies":"conspire:MimicChest","floor":12,"turns":8},{"damage":0,"enemies":"2 Fungi Beasts","floor":14,"turns":2},{"damage":10,"enemies":"Hexaghost","floor":16,"turns":8},{"damage":1,"enemies":"2 Thieves","floor":18,"turns":3},{"damage":0,"enemies":"Chosen","floor":19,"turns":3},{"damage":24,"enemies":"Gremlin Leader","floor":23,"turns":6},{"damage":8,"enemies":"Snake Plant","floor":27,"turns":2},{"damage":0,"enemies":"Slavers","floor":29,"turns":4},{"damage":11,"enemies":"Snecko","floor":30,"turns":4},{"damage":2,"enemies":"Centurion and Healer","floor":31,"turns":3},{"damage":26,"enemies":"Collector","floor":33,"turns":3}],"seed_played":"5321787450538665149","potions_obtained":[{"floor":1,"key":"LifebloodPotion"},{"floor":5,"key":"Fire Potion"},{"floor":14,"key":"AttackPotion"},{"floor":23,"key":"CunningPotion"},{"floor":25,"key":"EssenceOfSteel"},{"floor":27,"key":"EssenceOfSteel"},{"floor":30,"key":"Poison Potion"},{"floor":31,"key":"Dexterity Potion"}],"is_trial":false,"path_per_floor":["M","M","?","M","M","R","E","R","T","?","R","?","R","M","R","B",null,"M","M","?","$","$","E","R","?","T","M","$","E","M","M","R","B"],"character_chosen":"THE_SILENT","items_purchased":["conspire:PoisonWeapons"],"campfire_rested":0,"item_purchase_floors":[28],"current_hp_per_floor":[56,56,56,45,45,45,40,40,40,40,40,26,26,26,26,16,54,53,53,66,66,66,42,42,42,42,34,34,34,23,21,21,0,0],"gold":303,"neow_bonus":"BOSS_RELIC","is_daily":false,"chose_seed":false,"campfire_upgraded":7,"win_rate":0.0,"timestamp":1608353841,"path_taken":["M","M","?","M","M","R","E","R","T","?","R","?","R","M","R","BOSS","M","M","?","?","$","E","R","?","T","?","$","E","M","M","R","BOSS"],"items_purchased_type":["Card"],"build_version":"2020-12-13","purchased_purges":1,"victory":false,"max_hp_per_floor":[66,66,66,66,66,66,66,66,66,66,66,66,66,66,66,66,66,66,66,66,66,66,66,66,66,66,66,66,66,66,66,66,66,66],"card_choices":[{"not_picked":["hubris:SlightOfHand","Underhanded Strike"],"picked":"Caltrops","floor":1},{"not_picked":["Fluid Movement","Skewer"],"picked":"Accuracy","floor":2},{"not_picked":["Poisoned Stab","Sucker Punch"],"picked":"Backflip","floor":4},{"not_picked":["Underhanded Strike","Dodge and Roll","Well Laid Plans"],"picked":"SKIP","floor":5},{"not_picked":["Acrobatics","Malaise"],"picked":"conspire:DoublingDagger","floor":7},{"not_picked":["Bane","Catalyst"],"picked":"conspire:PoisonWeapons","floor":12},{"not_picked":["Poisoned Stab","Outmaneuver"],"picked":"Cloak And Dagger","floor":14},{"not_picked":["ReplayTheSpireMod:From All Sides","Venomology"],"picked":"ReplayTheSpireMod:Necrosis","floor":16},{"not_picked":["Replay:Poison Smokescreen","Dagger Spray","Quick Slash"],"picked":"SKIP","floor":18},{"not_picked":["Dagger Throw","Flying Knee+1"],"picked":"Cloak And Dagger","floor":19},{"not_picked":["Quick Slash","Flechettes"],"picked":"Infinite Blades","floor":23},{"not_picked":["Finisher","Sucker Punch","Concentrate"],"picked":"SKIP","floor":27},{"not_picked":["Deadly Poison","Catalyst"],"picked":"conspire:DoublingDagger","floor":29},{"not_picked":["Deadly Poison","Heel Hook","Well Laid Plans"],"picked":"SKIP","floor":30},{"not_picked":["Distraction","Terror","Acrobatics"],"picked":"SKIP","floor":31}],"player_experience":1088508,"relics_obtained":[{"floor":7,"key":"Garlic"},{"floor":9,"key":"Oddly Smooth Stone"},{"floor":12,"key":"Vajra"},{"floor":23,"key":"Shuriken"},{"floor":26,"key":"Replay:Baseball"},{"floor":29,"key":"White Beast Statue"}],"event_choices":[{"damage_healed":0,"gold_gain":0,"player_choice":"Invest 1","damage_taken":0,"max_hp_gain":0,"max_hp_loss":0,"event_name":"conspire:Investor","floor":10,"gold_loss":0},{"damage_healed":13,"gold_gain":0,"player_choice":"Full Heal","damage_taken":0,"max_hp_gain":0,"max_hp_loss":0,"event_name":"Wheel of Change","floor":20,"gold_loss":0},{"damage_healed":0,"gold_gain":0,"player_choice":"Bought 1 Potion","damage_taken":0,"max_hp_gain":0,"max_hp_loss":0,"event_name":"The Woman in Blue","floor":25,"gold_loss":0}],"is_beta":false,"boss_relics":[{"not_picked":["conspire:SeveredTorchhead","Cursed Key"],"picked":"Snecko Scales"}],"items_purged_floors":[21],"is_endless":false,"potions_floor_spawned":[1,5,14,23,27,30,31],"killed_by":"Collector","ascension_level":20}}