{"host":"calynag5ibgivyo2","time":1608358122,"event":{"mods":["AchievementEnabler","BaseMod","Colored Map","DeckTracker","Minty Spire (QoL Compilation)","StSLib"],"gold_per_floor":[364,384,384,399,97,97,127,127,127,127,127,159,174,174,174,174,174],"floor_reached":16,"playtime":536,"items_purged":["Strike_P"],"score":124,"play_id":"b770cc20-f43a-45f5-bbcb-e1eccd1d650d","local_time":"20201218220842","is_ascension_mode":true,"campfire_choices":[{"data":"Eruption","floor":6,"key":"SMITH"},{"data":"MentalFortress","floor":8,"key":"SMITH"},{"data":"WreathOfFlame","floor":10,"key":"SMITH"},{"data":"Sanctity","floor":15,"key":"SMITH"}],"circlet_count":0,"master_deck":["Strike_P","Strike_P","Strike_P","Defend_P","Defend_P","Defend_P+1","Defend_P","Eruption+1","Vigilance","WreathOfFlame+1","ClearTheMind+1","MentalFortress+1","FearNoEvil","Crescendo","Sanctity+1"],"relics":["PureWater","ClockworkSouvenir","Pear","Anchor","PreservedInsect","NlothsMask"],"acts_visited":["Exordium"],"potions_floor_usage":[],"damage_taken":[{"damage":0,"enemies":"2 Louse","floor":1,"turns":1},{"damage":7,"enemies":"Jaw Worm","floor":2,"turns":4},{"damage":0,"enemies":"Cultist","floor":4,"turns":3},{"damage":22,"enemies":"Gremlin Nob","floor":7,"turns":5},{"damage":8,"enemies":"3 Sentries","floor":12,"turns":6},{"damage":0,"enemies":"Large Slime","floor":13,"turns":4},{"damage":51,"enemies":"Hexaghost","floor":16,"turns":14}],"seed_played":"-3290943028180152075","potions_obtained":[{"floor":1,"key":"DuplicationPotion"},{"floor":7,"key":"SkillPotion"},{"floor":12,"key":"SteroidPotion"}],"is_trial":false,"path_per_floor":["M","M","?","M","$","R","E","R","T","R","?","E","M","?","R","B"],"character_chosen":"WATCHER","items_purchased":["FearNoEvil","ClockworkSouvenir"],"campfire_rested":0,"item_purchase_floors":[5,5],"current_hp_per_floor":[65,58,45,45,45,45,33,33,33,33,58,50,50,50,50,0,0],"gold":174,"neow_bonus":"TWO_FIFTY_GOLD","is_daily":false,"chose_seed":false,"campfire_upgraded":4,"win_rate":0.0,"timestamp":1608358122,"path_taken":["M","M","?","M","$","R","E","R","T","R","?","E","M","?","R","BOSS"],"items_purchased_type":["Card","Relic"],"build_version":"2020-12-13","purchased_purges":1,"victory":false,"max_hp_per_floor":[65,65,65,65,65,65,75,75,75,75,75,75,75,75,75,75,75],"card_choices":[{"not_picked":["WindmillStrike","Prostrate"],"picked":"WreathOfFlame","floor":1},{"not_picked":["Crescendo","InnerPeace"],"picked":"ClearTheMind","floor":2},{"not_picked":["Halt","CrushJoints"],"picked":"MentalFortress","floor":4},{"not_picked":["DeusExMachina","FollowUp"],"picked":"Crescendo","floor":7},{"not_picked":["JustLucky","BowlingBash","Evaluate"],"picked":"SKIP","floor":12},{"not_picked":["ForeignInfluence","Perseverance"],"picked":"Sanctity","floor":13}],"player_experience":425311,"relics_obtained":[{"floor":7,"key":"Pear"},{"floor":9,"key":"Anchor"},{"floor":12,"key":"PreservedInsect"}],"event_choices":[{"damage_healed":0,"gold_gain":0,"player_choice":"Entered Light","damage_taken":13,"max_hp_gain":0,"max_hp_loss":0,"event_name":"Shining Light","floor":3,"gold_loss":0,"cards_upgraded":["Defend_P","ClearTheMind"]},{"damage_healed":25,"gold_gain":0,"player_choice":"Banana","damage_taken":0,"max_hp_gain":0,"max_hp_loss":0,"event_name":"Big Fish","floor":11,"gold_loss":0},{"damage_healed":0,"gold_gain":0,"player_choice":"Trade","damage_taken":0,"relics_obtained":["NlothsMask"],"max_hp_gain":0,"max_hp_loss":0,"event_name":"FaceTrader","floor":14,"gold_loss":0}],"is_beta":false,"boss_relics":[],"items_purged_floors":[5],"is_endless":false,"potions_floor_spawned":[1,7,12],"killed_by":"Hexaghost","ascension_level":3}}