{"host":"9tzam4717zt8ei1o","time":1608372623,"event":{"mods":["BaseMod","Colored Map","Keyboard Shortcuts","Minty Spire (QoL Compilation)","Quick Restart","StSLib","SuperFastMode"],"gold_per_floor":[118,130,149,33,53,53,86,2,2,12,22,22,22,36,36,110,110,120,45,45,45,57,82,82,82,82],"floor_reached":25,"playtime":538,"items_purged":["Strike_G"],"score":496,"play_id":"cd113f43-d7f8-4cdd-8be3-605d4f56570d","local_time":"20201219191023","is_ascension_mode":true,"campfire_choices":[{"data":"Predator","floor":6.0,"key":"SMITH"},{"data":"Noxious Fumes","floor":12.0,"key":"SMITH"},{"data":"Venomology","floor":15.0,"key":"SMITH"},{"data":"Acrobatics","floor":24.0,"key":"SMITH"}],"circlet_count":0,"master_deck":["AscendersBane","Strike_G","Strike_G","Strike_G","Strike_G","Defend_G","Defend_G","Defend_G","Defend_G","Defend_G","Survivor","Neutralize","Dagger Throw","Escape Plan","Backflip","Predator+1","Blur","Cloak And Dagger","Glass Knife","Noxious Fumes+1","Blade Dance","Venomology+1","Adrenaline","Dagger Spray+1","Quick Slash+1","Acrobatics+1"],"relics":["Ring of the Snake","NeowsBlessing","Vajra","Anchor","Runic Dome","Eternal Feather"],"acts_visited":["Exordium","TheCity"],"potions_floor_usage":[25,25],"damage_taken":[{"damage":0.0,"enemies":"Cultist","floor":1.0,"turns":1.0},{"damage":0.0,"enemies":"Jaw Worm","floor":2.0,"turns":1.0},{"damage":0.0,"enemies":"Small Slimes","floor":3.0,"turns":1.0},{"damage":1.0,"enemies":"Blue Slaver","floor":5.0,"turns":4.0},{"damage":35.0,"enemies":"Lagavulin","floor":7.0,"turns":10.0},{"damage":0.0,"enemies":"Looter","floor":10.0,"turns":3.0},{"damage":5.0,"enemies":"3 Louse","floor":11.0,"turns":3.0},{"damage":0.0,"enemies":"Lots of Slimes","floor":14.0,"turns":4.0},{"damage":12.0,"enemies":"Hexaghost","floor":16.0,"turns":9.0},{"damage":0.0,"enemies":"Spheric Guardian","floor":18.0,"turns":3.0},{"damage":0.0,"enemies":"Chosen","floor":22.0,"turns":3.0},{"damage":0.0,"enemies":"Gremlin Leader","floor":23.0,"turns":7.0},{"damage":73,"enemies":"Slavers","floor":25,"turns":4}],"seed_played":"-4757147623907993228","potions_obtained":[{"floor":5.0,"key":"SneckoOil"},{"floor":10.0,"key":"DuplicationPotion"},{"floor":11.0,"key":"PowerPotion"},{"floor":18.0,"key":"AttackPotion"}],"is_trial":false,"path_per_floor":["M","M","M","$","M","R","E","$","T","M","M","R","$","M","R","B",null,"M","$","?","?","M","E","R","E"],"character_chosen":"THE_SILENT","items_purchased":["Predator","Blur","Noxious Fumes"],"campfire_rested":0,"item_purchase_floors":[4,4,8],"current_hp_per_floor":[59,59,59,59,58,58,23,23,23,23,18,18,18,18,18,6,51,51,51,51,51,51,51,66,0,0],"gold":82,"neow_bonus":"THREE_ENEMY_KILL","is_daily":false,"chose_seed":false,"campfire_upgraded":4,"win_rate":0.0,"timestamp":1608372623,"path_taken":["M","M","M","$","M","R","E","$","T","M","M","R","?","M","R","BOSS","M","$","?","?","M","E","R","E"],"items_purchased_type":["Card","Card","Card"],"build_version":"2020-12-13","purchased_purges":1,"victory":false,"max_hp_per_floor":[66,66,66,66,66,66,66,66,66,66,66,66,66,66,66,66,66,66,66,66,66,66,66,66,66,66],"card_choices":[{"not_picked":["Outmaneuver","Flying Knee"],"picked":"Dagger Throw","floor":1.0},{"not_picked":["Bane","Dodge and Roll"],"picked":"Escape Plan","floor":2.0},{"not_picked":["Dodge and Roll","Flying Knee"],"picked":"Backflip","floor":3.0},{"not_picked":["Bane","Dodge and Roll"],"picked":"Cloak And Dagger","floor":5.0},{"not_picked":["Bane","Flying Knee"],"picked":"Glass Knife","floor":7.0},{"not_picked":["Backflip","Terror"],"picked":"Blade Dance","floor":10.0},{"not_picked":["Deadly Poison","Poisoned Stab","Eviscerate"],"picked":"SKIP","floor":11.0},{"not_picked":["Deflect","Concentrate"],"picked":"Venomology","floor":14.0},{"not_picked":["Burst","Wraith Form v2"],"picked":"Adrenaline","floor":16.0},{"not_picked":["Expertise","Outmaneuver"],"picked":"Dagger Spray+1","floor":18.0},{"not_picked":["Outmaneuver","Leg Sweep"],"picked":"Quick Slash+1","floor":22.0},{"not_picked":["Backflip","Distraction"],"picked":"Acrobatics","floor":23.0}],"player_experience":92103,"relics_obtained":[{"floor":7.0,"key":"Vajra"},{"floor":9.0,"key":"Anchor"},{"floor":23.0,"key":"Eternal Feather"}],"event_choices":[{"damage_healed":0.0,"max_hp_gain":0.0,"max_hp_loss":0.0,"gold_gain":0.0,"event_name":"Vampires","player_choice":"Ignored","floor":20.0,"gold_loss":0.0,"damage_taken":0.0},{"damage_healed":0.0,"max_hp_gain":0.0,"max_hp_loss":0.0,"gold_gain":0.0,"event_name":"The Mausoleum","player_choice":"Ignored","floor":21.0,"gold_loss":0.0,"damage_taken":0.0}],"is_beta":false,"boss_relics":[{"not_picked":["Astrolabe","Sozu"],"picked":"Runic Dome"}],"items_purged_floors":[19],"is_endless":false,"potions_floor_spawned":[5,10,11,18],"killed_by":"Slavers","ascension_level":20}}