{"host":"enfgzo6yn4zdbao9","time":1608421560,"event":{"mods":["AchievementEnabler","BaseMod","Colored Powertips","Minty Spire (QoL Compilation)","Relic Stats","StSLib","slay the spire mod where everything is the same but ironclad has a cowboy hat"],"gold_per_floor":[99,99,99,99,99,99,99,99,99,99,69,69,69,69,69,69,69,54,54,54,54,54],"floor_reached":21,"playtime":959,"items_purged":[],"score":305,"play_id":"87f295c7-345e-4ba3-a962-4b04d78e8afd","local_time":"20201219154600","is_ascension_mode":true,"campfire_choices":[{"data":"Inflame","floor":7.0,"key":"SMITH"},{"floor":10.0,"key":"REST"},{"floor":15.0,"key":"REST"}],"circlet_count":0,"master_deck":["AscendersBane","Strike_R","Strike_R","Strike_R","Strike_R","Strike_R","Defend_R","Defend_R","Defend_R","Defend_R","Bash","Inflame+1","Infernal Blade","Pummel","Combust","Flex","Carnage+1","True Grit","Dark Embrace","Demon Form","Fiend Fire","Anger","Blood for Blood"],"relics":["Ectoplasm","Golden Idol","Mummified Hand","Pen Nib","CeramicFish","Philosopher\u0027s Stone"],"acts_visited":["Exordium","TheCity"],"potions_floor_usage":[20,21],"damage_taken":[{"damage":0.0,"enemies":"Small Slimes","floor":1.0,"turns":3.0},{"damage":7.0,"enemies":"Jaw Worm","floor":2.0,"turns":3.0},{"damage":1.0,"enemies":"Cultist","floor":3.0,"turns":3.0},{"damage":3.0,"enemies":"3 Louse","floor":4.0,"turns":4.0},{"damage":21.0,"enemies":"Gremlin Nob","floor":6.0,"turns":4.0},{"damage":0.0,"enemies":"Blue Slaver","floor":8.0,"turns":2.0},{"damage":2.0,"enemies":"Looter","floor":11.0,"turns":3.0},{"damage":12.0,"enemies":"3 Sentries","floor":12.0,"turns":3.0},{"damage":6.0,"enemies":"Exordium Wildlife","floor":13.0,"turns":3.0},{"damage":25.0,"enemies":"Lagavulin","floor":14.0,"turns":4.0},{"damage":27.0,"enemies":"The Guardian","floor":16.0,"turns":6.0},{"damage":9.0,"enemies":"2 Thieves","floor":18.0,"turns":2.0},{"damage":9,"enemies":"Chosen","floor":20,"turns":3},{"damage":52,"enemies":"Centurion and Healer","floor":21,"turns":4}],"seed_played":"7008975735572483327","potions_obtained":[{"floor":1.0,"key":"FearPotion"},{"floor":3.0,"key":"ElixirPotion"},{"floor":6.0,"key":"Swift Potion"},{"floor":11.0,"key":"Regen Potion"},{"floor":12.0,"key":"BloodPotion"},{"floor":16.0,"key":"AttackPotion"},{"floor":18.0,"key":"FearPotion"},{"floor":20,"key":"Ancient Potion"}],"is_trial":false,"path_per_floor":["M","M","M","M","?","E","R","M","T","R","M","E","M","E","R","B",null,"M","?","M","M"],"character_chosen":"IRONCLAD","items_purchased":[],"campfire_rested":2,"item_purchase_floors":[],"current_hp_per_floor":[72,65,64,61,61,40,40,40,40,62,60,48,42,17,53,26,62,53,53,44,0,0],"gold":54,"neow_bonus":"BOSS_RELIC","is_daily":false,"chose_seed":false,"campfire_upgraded":1,"win_rate":0.0,"timestamp":1608421560,"path_taken":["M","M","M","M","?","E","R","M","T","R","M","E","M","E","R","BOSS","M","?","M","M"],"items_purchased_type":[],"build_version":"2020-12-13","purchased_purges":0,"victory":false,"max_hp_per_floor":[80,80,80,80,74,74,74,74,74,74,74,74,74,74,74,74,74,74,74,74,74,74],"relic_stats":{"counters":[14,47],"Golden Idol":69,"Mummified Hand":[23],"CeramicFish":0,"Ectoplasm":505,"Pen Nib":[4],"obtain_stats":[{"Golden Idol":5,"Mummified Hand":6,"CeramicFish":14,"Philosopher\u0027s Stone":17,"Ectoplasm":0,"Pen Nib":12,"Burning Blood":0},{"Golden Idol":4,"Mummified Hand":5,"CeramicFish":10,"Philosopher\u0027s Stone":11,"Ectoplasm":0,"Pen Nib":8,"Burning Blood":0},{"Golden Idol":13,"Mummified Hand":17,"CeramicFish":32,"Philosopher\u0027s Stone":38,"Ectoplasm":0,"Pen Nib":25,"Burning Blood":0}]},"card_choices":[{"not_picked":["Sentinel","Armaments"],"picked":"Inflame","floor":1.0},{"not_picked":["Whirlwind","Combust","Bloodletting"],"picked":"SKIP","floor":2.0},{"not_picked":["Intimidate","Anger"],"picked":"Infernal Blade","floor":3.0},{"not_picked":["Power Through","Anger"],"picked":"Pummel","floor":4.0},{"not_picked":["Sentinel","Entrench"],"picked":"Combust","floor":6.0},{"not_picked":["Second Wind","Warcry"],"picked":"Flex","floor":8.0},{"not_picked":["Body Slam","Anger"],"picked":"Carnage","floor":11.0},{"not_picked":["Combust","Body Slam"],"picked":"True Grit","floor":12.0},{"not_picked":["Fire Breathing","Bloodletting"],"picked":"Dark Embrace","floor":13.0},{"not_picked":["Anger","Ghostly Armor"],"picked":"Demon Form","floor":14.0},{"not_picked":["Exhume","Bludgeon"],"picked":"Fiend Fire","floor":16.0},{"not_picked":["Rage","Sword Boomerang"],"picked":"Anger","floor":18.0},{"not_picked":["Warcry","Reckless Charge"],"picked":"Blood for Blood","floor":20}],"player_experience":426800,"relics_obtained":[{"floor":6.0,"key":"Mummified Hand"},{"floor":12.0,"key":"Pen Nib"},{"floor":14.0,"key":"CeramicFish"}],"event_choices":[{"damage_healed":0.0,"max_hp_gain":0.0,"max_hp_loss":6.0,"gold_gain":0.0,"event_name":"Golden Idol","player_choice":"Lose Max HP","floor":5.0,"gold_loss":0.0,"damage_taken":0.0,"relics_obtained":["Golden Idol"]},{"damage_healed":0.0,"max_hp_gain":0.0,"max_hp_loss":0.0,"gold_gain":0.0,"event_name":"Upgrade Shrine","player_choice":"Upgraded","floor":19.0,"gold_loss":0.0,"damage_taken":0.0,"cards_upgraded":["Carnage"]}],"is_beta":false,"boss_relics":[{"not_picked":["Black Star","Tiny House"],"picked":"Philosopher\u0027s Stone"}],"items_purged_floors":[],"is_endless":false,"potions_floor_spawned":[1,3,6,11,12,16,18,20],"killed_by":"Centurion and Healer","ascension_level":10}}