{"host":"8qb550oiisecbnz6","time":1608408258,"event":{"mods":["AchievementEnabler","BaseMod","Colored Map","Colored Powertips","Minty Spire (QoL Compilation)","Quick Restart","Slay-I","StSLib"],"gold_per_floor":[109,128,53,63,83,117,117,127,154,174,194,194,114,133,133,228,228,240,23,36,36,135,135,161,171,171,86,100,100,100,100],"floor_reached":30,"playtime":7593,"items_purged":["Dualcast","Strike_B","Strike_B"],"score":355,"play_id":"7e7bdbfa-74a6-4949-8434-65e763f32b8b","local_time":"20201219210418","is_ascension_mode":true,"campfire_choices":[{"data":"Redo","floor":7,"key":"SMITH"},{"data":"Conserve Battery","floor":12,"key":"SMITH"},{"floor":15,"key":"REST"},{"data":"Conserve Battery","floor":23,"key":"SMITH"},{"floor":29,"key":"REST"}],"circlet_count":0,"master_deck":["Defend_B","Defend_B","Defend_B","Defend_B","Zap+1","Redo+1","Ball Lightning","Melter","Thunder Strike","Ball Lightning","Conserve Battery+1","Conserve Battery","All For One","Go for the Eyes","Conserve Battery+1","Bite","Bite","Bite","Bite","Bite"],"relics":["Cracked Core","The Courier","Bag of Preparation","Inserter","Toy Ornithopter","Juzu Bracelet","Frozen Egg 2","Strawberry"],"acts_visited":["Exordium","TheCity"],"potions_floor_usage":[10,18,28,28],"damage_taken":[{"damage":0,"enemies":"Cultist","floor":1,"turns":3},{"damage":2,"enemies":"Jaw Worm","floor":2,"turns":3},{"damage":0,"enemies":"Small Slimes","floor":4,"turns":3},{"damage":2,"enemies":"2 Fungi Beasts","floor":5,"turns":3},{"damage":25,"enemies":"3 Sentries","floor":6,"turns":6},{"damage":1,"enemies":"Looter","floor":8,"turns":2},{"damage":5,"enemies":"Gremlin Gang","floor":10,"turns":3},{"damage":9,"enemies":"Lots of Slimes","floor":11,"turns":2},{"damage":0,"enemies":"2 Fungi Beasts","floor":14,"turns":2},{"damage":14,"enemies":"Slime Boss","floor":16,"turns":9},{"damage":10,"enemies":"Shell Parasite","floor":18,"turns":3},{"damage":0,"enemies":"Chosen","floor":20,"turns":3},{"damage":37,"enemies":"Slavers","floor":24,"turns":5},{"damage":31,"enemies":"Snake Plant","floor":25,"turns":6},{"damage":27,"enemies":"Cultist and Chosen","floor":28,"turns":5},{"damage":29,"enemies":"Centurion and Healer","floor":30,"turns":3}],"seed_played":"-3537630667122693158","potions_obtained":[{"floor":6,"key":"GamblersBrew"},{"floor":10,"key":"BlessingOfTheForge"},{"floor":11,"key":"SkillPotion"},{"floor":20,"key":"Strength Potion"}],"is_trial":false,"path_per_floor":["M","M","$","M","M","E","R","M","T","M","M","R","$","M","R","B",null,"M","$","M","?","?","R","E","M","T","?","M","R","M"],"character_chosen":"DEFECT","items_purchased":["Toy Ornithopter"],"campfire_rested":2,"item_purchase_floors":[19],"current_hp_per_floor":[68,66,66,66,64,39,39,38,38,33,24,24,24,24,46,32,64,54,54,54,52,52,52,27,8,8,15,4,21,0,0],"gold":100,"neow_bonus":"UPGRADE_CARD","is_daily":false,"chose_seed":false,"campfire_upgraded":3,"win_rate":0.0,"timestamp":1608408258,"path_taken":["M","M","$","M","M","E","R","M","T","M","M","R","$","?","R","BOSS","M","$","M","?","?","R","E","M","T","?","M","R","M"],"items_purchased_type":["Relic"],"build_version":"2020-12-13","purchased_purges":3,"victory":false,"max_hp_per_floor":[75,75,75,75,75,75,75,75,75,75,75,75,75,75,75,75,75,75,75,75,52,52,52,52,52,52,59,59,59,59,59],"card_choices":[{"not_picked":["Ball Lightning","Gash"],"picked":"Redo","floor":1},{"not_picked":["Genetic Algorithm","Stack"],"picked":"Ball Lightning","floor":2},{"not_picked":["Go for the Eyes","Barrage"],"picked":"Melter","floor":4},{"not_picked":["Capacitor","Force Field"],"picked":"Thunder Strike","floor":5},{"not_picked":["Turbo","Rebound","Doom and Gloom"],"picked":"SKIP","floor":6},{"not_picked":["Stack","Coolheaded"],"picked":"Ball Lightning","floor":8},{"not_picked":["Lockon","Go for the Eyes"],"picked":"Conserve Battery","floor":10},{"not_picked":["Gash","Beam Cell","Hyperbeam"],"picked":"SKIP","floor":11},{"not_picked":["Storm","Compile Driver"],"picked":"Conserve Battery","floor":14},{"not_picked":["Amplify","Rainbow"],"picked":"All For One","floor":16},{"not_picked":["Coolheaded","Gash"],"picked":"Go for the Eyes","floor":18},{"not_picked":["Force Field+1","Tempest"],"picked":"Conserve Battery","floor":20},{"not_picked":["Coolheaded","Seek","Capacitor+1"],"picked":"SKIP","floor":24},{"not_picked":["Compile Driver","Steam","Reprogram+1"],"picked":"SKIP","floor":25},{"not_picked":["Melter+1","Conserve Battery","Aggregate"],"picked":"SKIP","floor":28}],"player_experience":382086,"relics_obtained":[{"floor":6,"key":"The Courier"},{"floor":9,"key":"Bag of Preparation"},{"floor":24,"key":"Juzu Bracelet"},{"floor":26,"key":"Frozen Egg 2"}],"event_choices":[{"damage_healed":0,"gold_gain":0,"player_choice":"Became a vampire","damage_taken":0,"max_hp_gain":0,"max_hp_loss":23,"event_name":"Vampires","floor":21,"gold_loss":0,"cards_obtained":["Bite","Bite","Bite","Bite","Bite"]},{"damage_healed":0,"gold_gain":99,"player_choice":"Stole From Cult","damage_taken":0,"max_hp_gain":0,"max_hp_loss":0,"event_name":"Nest","floor":22,"gold_loss":0},{"damage_healed":0,"gold_gain":0,"player_choice":"Obtained Relic","damage_taken":0,"relics_obtained":["Strawberry"],"max_hp_gain":0,"max_hp_loss":0,"event_name":"Addict","floor":27,"gold_loss":85}],"is_beta":false,"boss_relics":[{"not_picked":["FrozenCore","Calling Bell"],"picked":"Inserter"}],"items_purged_floors":[3,13,19],"is_endless":false,"potions_floor_spawned":[4,6,10,11,20],"killed_by":"Centurion and Healer","ascension_level":6}}