{"host":"sav7uxregyirlf69","time":1608387047,"event":{"mods":["AchievementEnabler","BaseMod","Colored Map","DeckTracker","Keyboard Shortcuts","Minty Spire (QoL Compilation)","READ ME - Guardian Mod","StSLib","SuperFastMode"],"gold_per_floor":[115,115,132,57,71,71,71,71,119,119,119,138,38,54,54,160,160,182,200,3,22,31,71,71,111,111,183,212,212,231,265,265,379,379,392,412,470,488,498,532,532,573,582,592,613,645,660,671,671,671,671,671,113,154,154,154],"floor_reached":55,"playtime":1348,"items_purged":["Strike_B","Defend_B","Strike_B","Decay"],"score":899,"play_id":"582798ef-1943-4dc9-9ad4-fb74b1c02312","local_time":"20201219231047","daily_mods":["Heirloom"],"is_ascension_mode":true,"campfire_choices":[{"data":"Self Repair","floor":6.0,"key":"SMITH"},{"data":"Dualcast","floor":8.0,"key":"SMITH"},{"data":"BootSequence","floor":15.0,"key":"SMITH"},{"data":"Buffer","floor":24.0,"key":"SMITH"},{"data":"Defragment","floor":29.0,"key":"SMITH"},{"data":"Consume","floor":32.0,"key":"SMITH"},{"data":"Creative AI","floor":41,"key":"SMITH"},{"floor":49,"key":"RECALL"},{"data":"Aggregate","floor":52,"key":"SMITH"}],"circlet_count":0,"master_deck":["Defend_B","Defend_B","Zap+1","Dualcast+1","Self Repair+1","BootSequence+1","Gash","Electrodynamics","Ball Lightning","Compile Driver","Rainbow","Glacier","Coolheaded","Consume+1","Buffer+1","Conserve Battery","Defragment+1","Chaos+1","Redo+1","Creative AI+1","Aggregate+1","Finesse","Thinking Ahead","Heatsinks+1","Echo Form","Turbo","Electrodynamics+1","Panache+1","Fusion","Core Surge"],"relics":["Cracked Core","Calipers","CeramicFish","Ginger","Inserter","Shovel","Letter Opener","Anchor","Question Card","Regal Pillow","Cursed Key","StoneCalendar","Dream Catcher","White Beast Statue","Frozen Egg 2","Membership Card","Toy Ornithopter","Vajra","Oddly Smooth Stone"],"acts_visited":["Exordium","TheCity","TheBeyond","TheEnding"],"potions_floor_usage":[44,55,55,55],"damage_taken":[{"damage":1.0,"enemies":"Cultist","floor":1.0,"turns":4.0},{"damage":8.0,"enemies":"Jaw Worm","floor":3.0,"turns":3.0},{"damage":0.0,"enemies":"2 Louse","floor":5.0,"turns":2.0},{"damage":11.0,"enemies":"Exordium Wildlife","floor":12.0,"turns":4.0},{"damage":6.0,"enemies":"Exordium Thugs","floor":14.0,"turns":4.0},{"damage":56.0,"enemies":"Hexaghost","floor":16.0,"turns":11.0},{"damage":17.0,"enemies":"Spheric Guardian","floor":18.0,"turns":4.0},{"damage":0.0,"enemies":"3 Byrds","floor":21.0,"turns":2.0},{"damage":22.0,"enemies":"Book of Stabbing","floor":23.0,"turns":6.0},{"damage":33.0,"enemies":"Slavers","floor":25.0,"turns":5.0},{"damage":0.0,"enemies":"Snake Plant","floor":28.0,"turns":4.0},{"damage":20.0,"enemies":"Shelled Parasite and Fungi","floor":30.0,"turns":7.0},{"damage":9.0,"enemies":"Gremlin Leader","floor":31.0,"turns":6.0},{"damage":0.0,"enemies":"Collector","floor":33.0,"turns":9.0},{"damage":0.0,"enemies":"Orb Walker","floor":35.0,"turns":3.0},{"damage":3.0,"enemies":"3 Darklings","floor":36.0,"turns":4.0},{"damage":34.0,"enemies":"2 Orb Walkers","floor":37.0,"turns":5.0},{"damage":0,"enemies":"Transient","floor":39,"turns":5},{"damage":5,"enemies":"Giant Head","floor":40,"turns":9},{"damage":0,"enemies":"Nemesis","floor":42,"turns":9},{"damage":0,"enemies":"Writhing Mass","floor":44,"turns":6},{"damage":6,"enemies":"4 Shapes","floor":45,"turns":3},{"damage":41,"enemies":"Giant Head","floor":46,"turns":8},{"damage":0,"enemies":"Transient","floor":47,"turns":5},{"damage":4,"enemies":"Spire Growth","floor":48,"turns":5},{"damage":32,"enemies":"Awakened One","floor":50,"turns":13},{"damage":21,"enemies":"Shield and Spear","floor":54,"turns":5},{"damage":85,"enemies":"The Heart","floor":55,"turns":5}],"seed_played":"2731576187102780852","potions_obtained":[{"floor":5.0,"key":"LiquidBronze"},{"floor":12.0,"key":"Weak Potion"},{"floor":14.0,"key":"DuplicationPotion"},{"floor":16.0,"key":"Strength Potion"},{"floor":28.0,"key":"Fruit Juice"},{"floor":31.0,"key":"Explosive Potion"},{"floor":33.0,"key":"SteroidPotion"},{"floor":35.0,"key":"BlessingOfTheForge"},{"floor":39,"key":"SkillPotion"},{"floor":44,"key":"BlessingOfTheForge"},{"floor":47,"key":"Ancient Potion"},{"floor":48,"key":"Weak Potion"}],"is_trial":true,"path_per_floor":["M","?","M","$","M","R","$","R","T","?","?","M","$","M","R","B",null,"M","?","$","M","?","E","R","E","T","T","M","R","M","E","R","B",null,"M","M","?","?","M","E","R","E","T","M","M","E","M","M","R","B",null,"R","$","E","B"],"character_chosen":"DEFECT","items_purchased":["Glacier","Membership Card","Turbo","Electrodynamics+1","Panache+1","Toy Ornithopter","Vajra","Fusion"],"campfire_rested":0,"item_purchase_floors":[20,53,53,53,53,53,53,53],"current_hp_per_floor":[74,74,73,73,73,73,73,73,73,66,59,58,58,62,62,16,75,68,68,68,68,68,56,56,33,33,33,43,43,33,34,34,44,75,80,80,56,46,56,61,61,71,71,80,74,43,53,59,59,37,80,80,80,69,0,0],"gold":154,"neow_bonus":"","is_daily":false,"chose_seed":false,"campfire_upgraded":8,"win_rate":0.0,"timestamp":1608387047,"path_taken":["M","?","?","$","M","R","$","R","T","?","?","M","?","?","R","BOSS","M","?","$","M","?","E","R","E","T","?","M","R","M","E","R","BOSS","M","M","?","?","M","E","R","E","T","M","M","E","M","M","R","BOSS","R","$","E","BOSS"],"items_purchased_type":["Card","Relic","Card","Card","Card","Relic","Relic","Card"],"build_version":"2020-12-13","purchased_purges":4,"victory":false,"max_hp_per_floor":[75,75,75,75,75,75,75,75,75,75,75,75,75,75,75,75,75,75,75,75,75,75,75,75,75,75,75,75,75,75,75,75,75,75,80,80,80,80,80,80,80,80,80,80,80,80,80,80,80,80,80,80,80,80,80,80],"card_choices":[{"not_picked":["Coolheaded","Auto Shields"],"picked":"Self Repair","floor":1.0},{"not_picked":["Stack","Steam"],"picked":"BootSequence","floor":3.0},{"not_picked":["Barrage","Leap","Stack"],"picked":"SKIP","floor":5.0},{"not_picked":["Scrape","Beam Cell"],"picked":"Gash","floor":12.0},{"not_picked":["Blizzard","Self Repair","Turbo"],"picked":"SKIP","floor":14.0},{"not_picked":["Fission","Amplify"],"picked":"Electrodynamics","floor":16.0},{"not_picked":["Leap","Stack"],"picked":"Ball Lightning","floor":18.0},{"not_picked":["Barrage","Lockon"],"picked":"Coolheaded","floor":21.0},{"not_picked":["White Noise","Multi-Cast"],"picked":"Buffer","floor":23.0},{"not_picked":["Doom and Gloom","Steam Power+1"],"picked":"Conserve Battery","floor":25.0},{"not_picked":["Turbo","Gash","Compile Driver+1"],"picked":"Defragment","floor":28.0},{"not_picked":["Aggregate","Gash","Auto Shields"],"picked":"Chaos+1","floor":30.0},{"not_picked":["Double Energy+1","Doom and Gloom","Skim"],"picked":"Redo+1","floor":31.0},{"not_picked":["Multi-Cast","Meteor Strike","Hyperbeam"],"picked":"Creative AI","floor":33.0},{"not_picked":["Rebound","Steam+1","Lockon","Compile Driver"],"picked":"SKIP","floor":35.0},{"not_picked":["Compile Driver","Ball Lightning+1","Fusion","Rebound"],"picked":"SKIP","floor":36.0},{"not_picked":["Gash","BootSequence+1","Blizzard+1"],"picked":"Aggregate","floor":37},{"not_picked":["PanicButton","Purity","Trip"],"picked":"Finesse","floor":38},{"not_picked":["Jack Of All Trades","Blind","PanicButton"],"picked":"Thinking Ahead","floor":38},{"not_picked":["Streamline+1","Barrage","Beam Cell+1","Sweeping Beam"],"picked":"SKIP","floor":39},{"not_picked":["Leap+1","Tempest","Redo+1","Hologram"],"picked":"SKIP","floor":40},{"not_picked":["Auto Shields+1","Sweeping Beam","Gash+1"],"picked":"Heatsinks+1","floor":42},{"not_picked":["Compile Driver","Redo","Gash+1","Ball Lightning+1"],"picked":"SKIP","floor":44},{"not_picked":["Heatsinks","Turbo","Steam"],"picked":"Echo Form","floor":45},{"not_picked":["Heatsinks+1","Sweeping Beam+1","Go for the Eyes","Gash"],"picked":"SKIP","floor":46},{"not_picked":["Beam Cell+1","Lockon","Compile Driver+1","Sweeping Beam+1"],"picked":"SKIP","floor":47},{"not_picked":["Rebound","FTL","Go for the Eyes","Barrage+1"],"picked":"SKIP","floor":48},{"not_picked":["Ball Lightning+1","Double Energy+1","Barrage"],"picked":"Core Surge","floor":54}],"player_experience":959132,"relics_obtained":[{"floor":9.0,"key":"CeramicFish"},{"floor":23.0,"key":"Shovel"},{"floor":25.0,"key":"Letter Opener"},{"floor":26.0,"key":"Anchor"},{"floor":27.0,"key":"Question Card"},{"floor":31.0,"key":"Regal Pillow"},{"floor":37,"key":"StoneCalendar"},{"floor":40,"key":"Dream Catcher"},{"floor":42,"key":"White Beast Statue"},{"floor":46,"key":"Frozen Egg 2"},{"floor":54,"key":"Oddly Smooth Stone"}],"event_choices":[{"damage_healed":0.0,"max_hp_gain":0.0,"max_hp_loss":0.0,"gold_gain":0.0,"event_name":"Upgrade Shrine","player_choice":"Upgraded","floor":2.0,"gold_loss":0.0,"damage_taken":0.0,"cards_upgraded":["Zap"]},{"damage_healed":0.0,"max_hp_gain":0.0,"max_hp_loss":0.0,"gold_gain":0.0,"event_name":"Scrap Ooze","player_choice":"Success","floor":10.0,"gold_loss":0.0,"damage_taken":7.0,"relics_obtained":["Ginger"]},{"cards_removed":["Strike_B"],"damage_healed":0.0,"max_hp_gain":0.0,"max_hp_loss":0.0,"gold_gain":0.0,"event_name":"Golden Wing","player_choice":"Card Removal","floor":11.0,"gold_loss":0.0,"damage_taken":7.0},{"damage_healed":0.0,"max_hp_gain":0.0,"max_hp_loss":0.0,"gold_gain":0.0,"cards_transformed":["Strike_B","Defend_B"],"event_name":"Drug Dealer","player_choice":"Became Test Subject","floor":19.0,"gold_loss":0.0,"damage_taken":0.0,"cards_obtained":["Compile Driver","Rainbow"]},{"damage_healed":0.0,"max_hp_gain":0.0,"max_hp_loss":0.0,"gold_gain":0.0,"event_name":"The Library","player_choice":"Read","floor":22.0,"gold_loss":0.0,"damage_taken":0.0,"cards_obtained":["Consume"]},{"damage_healed":0.0,"max_hp_gain":0.0,"max_hp_loss":0.0,"gold_gain":0.0,"event_name":"Mysterious Sphere","player_choice":"Fight","floor":37.0,"gold_loss":0.0,"damage_taken":0.0},{"damage_healed":0,"gold_gain":0,"player_choice":"Memory 3","damage_taken":10,"max_hp_gain":0,"max_hp_loss":0,"event_name":"SensoryStone","floor":38,"gold_loss":0}],"is_beta":false,"boss_relics":[{"not_picked":["Snecko Eye","Coffee Dripper"],"picked":"Inserter"},{"not_picked":["Fusion Hammer","Empty Cage"],"picked":"Cursed Key"}],"items_purged_floors":[4,13,20,53],"is_endless":false,"potions_floor_spawned":[5,12,14,16,28,31,33,35,39,40,44,45,46,47,48,54],"killed_by":"The Heart","ascension_level":1}}