{"host":"w01uex9uy9hwwtiw","time":1608376472,"event":{"mods":["BaseMod","Library of Ruina","Minty Spire (QoL Compilation)","Remilia（蕾米莉亚）","Replay The Spire","RumiaBox-露米娅的神秘盒子","SIMod","StSLib","TestMod","The Cursed","vexMod","【东方二次创作】八云紫mod","【遗物Mod】死灵法师NEW","【遗物卡牌】REMEMod","篝火指南","老伊莉雅"],"gold_per_floor":[112,112,129,129,145,180,180,180,180,180,192,192,204,223,223,320,320,334,334,314,333,29,29,63,79,79,89,119,138,138,38,38,141,141,158,158,225,281,298,298,314,325,348,348,413,38,55,73,73,73],"floor_reached":51,"playtime":1774,"items_purged":["LightDefense","LightAttack","LightDefense"],"score":793,"play_id":"1f81496b-acff-4c02-9161-d65938e5c8f2","local_time":"20201219191432","is_ascension_mode":false,"campfire_choices":[{"floor":7.0,"key":"REST"},{"data":"Execute_lor","floor":10.0,"key":"SMITH"},{"floor":15.0,"key":"REST"},{"data":"Transpierce","floor":23.0,"key":"SMITH"},{"floor":32.0,"key":"REST"},{"floor":40,"key":"REST"},{"floor":49,"key":"DIG"}],"circlet_count":0,"master_deck":["Dodge","ChargeAndCover","FocusedStrikes","Generousity","UnforgettableMelody","Thrust","PreemptiveStrike","Execute_lor+1","ScatteringSlash","testmod-Reflect","ScratchThat","Pound","WillBeTasty","Transpierce+1","CurseOfTheBell","WillProduceFineSilk","Riposte","BladeWhirl","Unlock1+1","SomberProcuration","Diversion","TasteMyFlamingBat","Wallop_lor","StrongStrike","EnergyCycle+1","DaringDecision","NonstopAssault+1","HandleRequest+1","DaringDecision","GaleKick+1","FeelinGood+1","EmotionalTurbulence","Transpierce+1","AsThePrescriptOrders","MindPrepared","Quickness+1","DaringDecision"],"relics":["PageOfLibrarian","testmod-TestBox","testmod-Hope","PageOfFreischutz","REME_ComplimentaryCards","Calling Bell","Ancient Tea Set","Replay:Ringing Soul","PageOfFairyFestival","PageOfSingingMachine","ZombieArmy","Letter Opener","Blue Candle","Nloth\u0027s Gift","SlaversCollar","ReplayTheSpireMod:Ring of Challenge","vexMod:InvisibilityCloak","testmod-LifeArmor","Lee\u0027s Waffle","Replay:WaspNest"],"acts_visited":["Exordium","TheCity","TheBeyond"],"potions_floor_usage":[],"damage_taken":[{"damage":7.0,"enemies":"Jaw Worm","floor":1.0,"turns":3.0},{"damage":5.0,"enemies":"2 Louse","floor":3.0,"turns":2.0},{"damage":0.0,"enemies":"Small Slimes","floor":5.0,"turns":3.0},{"damage":24.0,"enemies":"3 Sentries","floor":6.0,"turns":7.0},{"damage":0.0,"enemies":"Exordium Thugs","floor":11.0,"turns":1.0},{"damage":0.0,"enemies":"Looter","floor":13.0,"turns":1.0},{"damage":0.0,"enemies":"Large Slime","floor":14.0,"turns":1.0},{"damage":22.0,"enemies":"Hexaghost","floor":16.0,"turns":7.0},{"damage":5.0,"enemies":"Spheric Guardian","floor":18.0,"turns":1.0},{"damage":5.0,"enemies":"2 Thieves","floor":21.0,"turns":1.0},{"damage":5.0,"enemies":"REME_1_Revenger","floor":24.0,"turns":2.0},{"damage":5.0,"enemies":"Sentry and Sphere","floor":25.0,"turns":1.0},{"damage":5.0,"enemies":"3 Cultists","floor":27.0,"turns":2.0},{"damage":20.0,"enemies":"Book of Stabbing","floor":28.0,"turns":3.0},{"damage":5.0,"enemies":"Cultist and Chosen","floor":29.0,"turns":2.0},{"damage":35.0,"enemies":"Champ","floor":33.0,"turns":4.0},{"damage":5.0,"enemies":"3 Shapes","floor":35.0,"turns":1.0},{"damage":5,"enemies":"Orb Walker","floor":38,"turns":1},{"damage":14,"enemies":"Transient","floor":39,"turns":5},{"damage":21,"enemies":"Maw","floor":41,"turns":4},{"damage":26,"enemies":"Spire Growth","floor":42,"turns":3},{"damage":6,"enemies":"3 Darklings","floor":45,"turns":1},{"damage":5,"enemies":"Maw","floor":47,"turns":4},{"damage":5,"enemies":"Transient","floor":48,"turns":5},{"damage":11,"enemies":"Awakened One","floor":50,"turns":2}],"seed_played":"-6423590483200103515","potions_obtained":[{"floor":5.0,"key":"Fire Potion"},{"floor":11.0,"key":"Fire Potion"},{"floor":13.0,"key":"FearPotion"},{"floor":27.0,"key":"AttackPotion"},{"floor":37,"key":"Death Potion"}],"is_trial":false,"path_per_floor":["M","?","M","?","M","E","R","?","T","R","M","?","M","M","R","B",null,"M","?","?","M","$","R","E","M","T","M","E","M","?","$","R","B",null,"M","?","?","M","M","R","M","M","T","?","M","$","M","M","R","B",null],"character_chosen":"Librarian","items_purchased":["PageOfSingingMachine","SomberProcuration","Lee\u0027s Waffle","AsThePrescriptOrders","MindPrepared"],"campfire_rested":4,"item_purchase_floors":[22,22,46,46,46],"current_hp_per_floor":[53,53,45,38,38,14,36,36,36,36,36,42,42,42,63,47,70,68,71,71,71,74,74,72,70,70,68,51,49,49,49,78,46,100,98,98,76,74,63,96,80,59,59,62,56,131,129,127,127,137],"gold":73,"neow_bonus":"ONE_RANDOM_RARE_CARD","is_daily":false,"chose_seed":false,"campfire_upgraded":2,"win_rate":0.0,"timestamp":1608376472,"path_taken":["M","?","M","?","M","E","R","?","T","R","M","?","?","M","R","BOSS","M","?","?","M","$","R","E","?","T","M","E","M","?","?","R","BOSS","M","?","?","M","?","R","M","M","T","?","M","$","?","M","R","BOSS"],"items_purchased_type":["Relic","Card","Relic","Card","Card"],"build_version":"2020-12-13","purchased_purges":3,"victory":true,"max_hp_per_floor":[201,201,70,70,70,75,75,75,75,75,65,65,70,70,70,70,70,73,76,76,79,82,82,85,88,88,91,94,97,97,97,97,100,100,103,103,106,109,112,112,115,118,118,121,121,131,134,137,137,137],"card_choices":[{"not_picked":["SomberProcuration","SunsetBlade","YoureAHindrance","ICanCookAnything","ShockRound","BizarreAttack","MultiHit","Standoff"],"picked":"Thrust","floor":1.0},{"not_picked":["StructuralAnalysis","MultiBlock","FleetFootsteps","DefenseOrder","FleetEdge","EnergyShield","MindPrepared","Diversion"],"picked":"PreemptiveStrike","floor":3.0},{"not_picked":["SharpenedBlade","EnergyShield","ToOvercomeCrisis","FleetEdge","Faith","CrackOfDawn","Zzzzzap","DestructiveImpact"],"picked":"Execute_lor","floor":5.0},{"not_picked":["Reload","StructuralAnalysis","MultiHit","Punishment","AsThePrescriptOrders","BackAttack","Multislash","WrathOfTorment"],"picked":"ScatteringSlash","floor":6.0},{"not_picked":["Gigigig","HeavyPeaks","PreemptiveStrike","Multislash","SunsetBlade","ToOvercomeCrisis","EnergyShield","SuppressingShot"],"picked":"ScratchThat","floor":11.0},{"not_picked":["PuppetBlockade","Eject","EnergyCycle","TasteMyFlamingBat","Slice_lor","NonstopAssault","SharpSwipe","Quickness"],"picked":"Pound","floor":13.0},{"not_picked":["DarkCloud","Zzzzzap","RatsGuideToSurvival","ToWhereThePrescriptPoints","Thrust","Crush","Reload","Outburst"],"picked":"WillBeTasty","floor":14.0},{"not_picked":["Commandeering","DaringDecision"],"picked":"Transpierce","floor":16.0},{"not_picked":["BackAttack","QuickAttack","BizarreAttack","Unlock1","SilentMist","FierceCharge","Pound+1","Quickness"],"picked":"WillProduceFineSilk","floor":18.0},{"not_picked":["LawAndOrder+1","CookingPrep+1","LossOfSenses","SuppressingShot","Parry","EnergyCycle+1","EnergyConversion","EndlessBattle"],"picked":"Unlock1+1","floor":21.0},{"not_picked":["Standoff","FlyingSword","Juggling","Thirst","DefenseOrder","SkyClearingCut","WillProduceFineSilk","GuardingStance"],"picked":"Diversion","floor":24.0},{"not_picked":["SunsetBlade+1","AssaultOrder+1","Bvapour+1","GuidanceOfTheGears+1","Rewind","InhaleSmoke","Ripple","WillProduceFineSilk"],"picked":"TasteMyFlamingBat","floor":25.0},{"not_picked":["UpbeatPerformance","MultiBlock","TraceOfFumes","DefenseOrder","FleetFootsteps","MultiHit+1","UnavoidableGaze","SpearedSweep"],"picked":"Wallop_lor","floor":27.0},{"not_picked":["PuppetBlockade","MultiBlock+1","Cruelty","FrontalAssault","WillOfThePrescript","Eliminate+1","PreemptiveStrike","Parry"],"picked":"StrongStrike","floor":28.0},{"not_picked":["Endure","TasteMyFlamingBat","FlowOfTheSword+1","DarkCloud","SuppressingShot","SpearedSweep","FleetEdge+1","StayCalm+1"],"picked":"EnergyCycle+1","floor":29.0},{"not_picked":["Deflect_lor","BlazingStrike"],"picked":"DaringDecision","floor":33.0},{"not_picked":["ShockRound+1","GuidanceOfTheGears","Fence+1","ClassAndRespect+1","Overcharge+1","FleshFillet","GuardingStance+1","YoureTooSlow+1"],"picked":"NonstopAssault+1","floor":35.0},{"not_picked":["FlashingStrike+1","HiddenBlade+1","QuickAttack","AsThePrescriptOrders+1","UpbeatPerformance+1","Struggle","AbsorbImpact+1","EnergyShield"],"picked":"HandleRequest+1","floor":37},{"not_picked":["SmokingPipe","KeepItFresh+1","Wallop_lor+1","PreparedMind","HiddenBlade+1","Pound+1","Leap_lor","StayCalm"],"picked":"DaringDecision","floor":38},{"not_picked":["Standoff","Multislash","Outburst+1","EnergyCycle","HighSpeedStabbing+1","YoureTooSlow+1","Deflect_lor","SunsetBlade+1"],"picked":"GaleKick+1","floor":39},{"not_picked":["SpearedSweep","QuickAttack","ScratchThat","BackstreetsDash+1","Track+1","Bvapour","HardRehearsal","EnergyCycle"],"picked":"FeelinGood+1","floor":41},{"not_picked":["StartinOutLightly+1","Outburst","WaitUp","NightInTheBackstreets+1","ShrineToMusic+1","HiddenBlade+1","IronWall","FlashOfSunup"],"picked":"EmotionalTurbulence","floor":42},{"not_picked":["ProselytesBlade","Reload+1","SummaryJudgment+1","GuardingStance","NightInTheBackstreets+1","SuppressingShot","EnergyCycle","FendThisOffIfYouCan","EnergyBeam"],"picked":"SKIP","floor":45},{"not_picked":["DeepDrag","EnergyCycle","SunsetBlade+1","Collision+1","DefenseOrder+1","SuppressingShot","BoundaryOfDeath","FleetEdge"],"picked":"Quickness+1","floor":47},{"not_picked":["FierceOnslaught+1","FlyingSword","Quickness+1","Diversion+1","FlowOfTheSword","TheArtOfRapidSteps+1","Tailoring+1","SunsetBlade+1"],"picked":"DaringDecision","floor":48}],"player_experience":105637,"relics_obtained":[{"floor":6.0,"key":"PageOfFreischutz"},{"floor":9.0,"key":"MagicDraw2"},{"floor":17.0,"key":"Ancient Tea Set"},{"floor":17.0,"key":"Replay:Ringing Soul"},{"floor":17.0,"key":"PageOfFairyFestival"},{"floor":24.0,"key":"ZombieArmy"},{"floor":26.0,"key":"Letter Opener"},{"floor":28.0,"key":"Blue Candle"},{"floor":36.0,"key":"ReplayTheSpireMod:Ring of Challenge"},{"floor":37,"key":"vexMod:InvisibilityCloak"},{"floor":43,"key":"testmod-LifeArmor"},{"floor":49,"key":"Replay:WaspNest"}],"event_choices":[{"cards_removed":["LightAttack"],"damage_healed":0.0,"max_hp_gain":0.0,"max_hp_loss":0.0,"gold_gain":0.0,"event_name":"Golden Wing","player_choice":"Card Removal","floor":4.0,"gold_loss":0.0,"damage_taken":7.0},{"damage_healed":0.0,"max_hp_gain":0.0,"max_hp_loss":0.0,"gold_gain":0.0,"event_name":"给自己的盒子","player_choice":"Swap Relic","floor":8.0,"relics_lost":["REME_ComplimentaryCards"],"gold_loss":0.0,"damage_taken":0.0,"relics_obtained":["REME_ComplimentaryCards"]},{"damage_healed":0.0,"max_hp_gain":0.0,"max_hp_loss":0.0,"gold_gain":0.0,"cards_transformed":["LightAttack","LightDefense"],"event_name":"Drug Dealer","player_choice":"Became Test Subject","floor":19.0,"gold_loss":0.0,"damage_taken":0.0,"cards_obtained":["Riposte","BladeWhirl"]},{"damage_healed":0.0,"max_hp_gain":0.0,"max_hp_loss":0.0,"gold_gain":0.0,"event_name":"The Woman in Blue","player_choice":"Bought 1 Potion","floor":20.0,"gold_loss":0.0,"damage_taken":0.0},{"damage_healed":0.0,"max_hp_gain":0.0,"max_hp_loss":0.0,"gold_gain":0.0,"event_name":"N\u0027loth","player_choice":"Traded Relic","floor":30.0,"relics_lost":["MagicDraw2"],"gold_loss":0.0,"damage_taken":0.0,"relics_obtained":["Nloth\u0027s Gift"]},{"damage_healed":0,"gold_gain":0,"player_choice":"Copied","damage_taken":0,"max_hp_gain":0,"max_hp_loss":0,"event_name":"Duplicator","floor":44,"gold_loss":0,"cards_obtained":["Transpierce"]}],"is_beta":false,"boss_relics":[{"not_picked":["REME_DuelDisc","AddBug"],"picked":"Calling Bell"},{"not_picked":["Ring of Chaos","vexMod:MysteryBossChallenge"],"picked":"SlaversCollar"}],"items_purged_floors":[22,31,46],"is_endless":false,"potions_floor_spawned":[5,11,13,21,27,39,41,47,48],"ascension_level":0}}