{"host":"nukjzc0ca34w6eem","time":1608370227,"event":{"mods":["2.2 Compatiblity","AchievementEnabler","BaseMod","Colored Powertips","Downfall","Minty Spire (QoL Compilation)","StSLib"],"gold_per_floor":[111,9,27,44,119,145,145,157,203,153,183,183,183,213,213,213,213],"floor_reached":16,"playtime":639,"items_purged":["Strike_R"],"score":146,"play_id":"af4eaf45-8e40-4a64-8d6c-18df6e7ae1fb","local_time":"20201219013027","is_ascension_mode":true,"campfire_choices":[{"data":"Flex","floor":7,"key":"SMITH"},{"data":"Berserk","floor":15,"key":"SMITH"}],"circlet_count":0,"master_deck":["Strike_R","Strike_R","Strike_R","Defend_R","Defend_R","Defend_R","Bash","Twin Strike","Shrug It Off","Cleave","Metallicize","Flex+1","Berserk+1","Shrug It Off"],"relics":["Burning Blood","NeowsBlessing","Bottled Lightning","Odd Mushroom","Meat on the Bone","Lantern"],"acts_visited":["Exordium"],"potions_floor_usage":[11,16],"damage_taken":[{"damage":0.0,"enemies":"2 Louse","floor":1.0,"turns":1.0},{"damage":0.0,"enemies":"Jaw Worm","floor":3.0,"turns":1.0},{"damage":0.0,"enemies":"Small Slimes","floor":4.0,"turns":1.0},{"damage":22.0,"enemies":"Lagavulin","floor":6.0,"turns":6.0},{"damage":0,"enemies":"2 Fungi Beasts","floor":8,"turns":4},{"damage":0,"enemies":"The Mushroom Lair","floor":11,"turns":2},{"damage":11,"enemies":"3 Sentries","floor":14,"turns":6},{"damage":53,"enemies":"Hexaghost","floor":16,"turns":9}],"seed_played":"5203389900731682851","potions_obtained":[{"floor":3.0,"key":"Energy Potion"},{"floor":4.0,"key":"HeartOfIron"},{"floor":8,"key":"SteroidPotion"},{"floor":14,"key":"Energy Potion"}],"is_trial":false,"path_per_floor":["M","$","M","M","?","E","R","M","T","?","?","?","T","E","R","B"],"character_chosen":"IRONCLAD","items_purchased":["Shrug It Off"],"campfire_rested":0,"item_purchase_floors":[2],"current_hp_per_floor":[78,78,80,80,69,53,53,59,59,59,65,58,58,53,53,0,0],"gold":213,"neow_bonus":"THREE_ENEMY_KILL","is_daily":false,"chose_seed":false,"campfire_upgraded":2,"win_rate":0.0,"timestamp":1608370227,"path_taken":["M","$","M","M","?","E","R","M","T","?","?","?","?","E","R","BOSS"],"items_purchased_type":["Card"],"build_version":"2020-12-13","purchased_purges":1,"victory":false,"max_hp_per_floor":[80,80,80,80,80,80,80,80,80,80,80,80,80,80,80,80,80],"card_choices":[{"not_picked":["Sever Soul","Seeing Red"],"picked":"Twin Strike","floor":1.0},{"not_picked":["Burning Pact","Heavy Blade"],"picked":"Cleave","floor":3.0},{"not_picked":["Rage","Armaments"],"picked":"Metallicize","floor":4.0},{"not_picked":["Thunderclap","Perfected Strike"],"picked":"Flex","floor":6},{"not_picked":["Cleave","Armaments"],"picked":"Berserk","floor":8},{"not_picked":["Anger","Hemokinesis"],"picked":"Shrug It Off","floor":11},{"not_picked":["Flex","Armaments","Bloodletting"],"picked":"SKIP","floor":14}],"player_experience":447678,"relics_obtained":[{"floor":6,"key":"Bottled Lightning"},{"floor":11,"key":"Odd Mushroom"},{"floor":13,"key":"Meat on the Bone"},{"floor":14,"key":"Lantern"}],"event_choices":[{"damage_healed":0.0,"max_hp_gain":0.0,"max_hp_loss":0.0,"gold_gain":75.0,"event_name":"World of Goop","player_choice":"Gather Gold","floor":5.0,"gold_loss":0.0,"damage_taken":11.0},{"cards_removed":["Defend_R"],"damage_healed":0,"gold_gain":0,"player_choice":"Card Removal","damage_taken":0,"max_hp_gain":0,"max_hp_loss":0,"event_name":"The Cleric","floor":10,"gold_loss":50},{"damage_healed":0,"gold_gain":0,"player_choice":"Fought Mushrooms","damage_taken":0,"max_hp_gain":0,"max_hp_loss":0,"event_name":"Mushrooms","floor":11,"gold_loss":0},{"cards_removed":["Strike_R"],"damage_healed":0,"gold_gain":0,"player_choice":"Card Removal","damage_taken":7,"max_hp_gain":0,"max_hp_loss":0,"event_name":"Golden Wing","floor":12,"gold_loss":0}],"is_beta":false,"boss_relics":[],"items_purged_floors":[2],"is_endless":false,"potions_floor_spawned":[3,4,8,14],"killed_by":"Hexaghost","ascension_level":7}}