{"host":"i3w38rq1z4slkels","time":1608394058,"event":{"mods":["2.2 Compatiblity","Act Like it!","BaseMod","Better Match","Better Vampires","BetterRewards","Conspire","Downfall","Minty Spire (QoL Compilation)","Rare Cards Sparkle","Replay The Spire","StSLib"],"gold_per_floor":[99,274,285,195,195,29,29,44,73,73,93,107,107,257,269,269,269],"floor_reached":16,"playtime":926,"items_purged":["Doubt"],"score":120,"play_id":"904ca7a1-840b-4499-9a28-d859803d4324","local_time":"20201219230738","is_ascension_mode":true,"campfire_choices":[{"floor":1,"key":"RECALL"},{"floor":10,"key":"REST"}],"circlet_count":0,"master_deck":["Guardian:Strike_Guardian","Guardian:Strike_Guardian","Guardian:Strike_Guardian","Guardian:Defend_Guardian","Guardian:Defend_Guardian","Guardian:Defend_Guardian","Guardian:Defend_Guardian","Guardian:CurlUp","Guardian:TwinSlam","Guardian:TimeCapacitor","Guardian:VentSteam","Guardian:Gem_Lightblue","Guardian:Gem_Crimson","Guardian:ArmoredProtocol","Slimebound:Icky"],"relics":["Guardian:ModeShifter","Membership Card","Snack Pack","Unceasing Top"],"acts_visited":["Exordium"],"potions_floor_usage":[9,12,12,15,16],"damage_taken":[{"damage":4,"enemies":"2 Louse","floor":3,"turns":2},{"damage":0,"enemies":"downfall:FleeingMerchant","floor":4,"turns":4},{"damage":5,"enemies":"downfall:FleeingMerchant","floor":6,"turns":4},{"damage":10,"enemies":"Small Slimes","floor":8,"turns":4},{"damage":57,"enemies":"Lagavulin","floor":9,"turns":11},{"damage":0,"enemies":"Cultist","floor":11,"turns":3},{"damage":0,"enemies":"Exordium Thugs","floor":12,"turns":5},{"damage":0,"enemies":"Large Slime","floor":15,"turns":4},{"damage":59,"enemies":"downfall:Ironclad","floor":16,"turns":9}],"seed_played":"3194062832784900215","potions_obtained":[{"floor":8,"key":"Weak Potion"},{"floor":9,"key":"DuplicationPotion"},{"floor":11,"key":"EntropicBrew"},{"floor":12,"key":"Ancient Potion"},{"floor":15,"key":"AttackPotion"}],"is_trial":false,"path_per_floor":["R","?","M","$","?","$","T","M","E","R","M","M","T","?","M","B"],"character_chosen":"GUARDIAN","items_purchased":["Membership Card"],"campfire_rested":1,"item_purchase_floors":[6],"current_hp_per_floor":[80,80,76,76,76,71,71,61,4,28,30,36,36,36,40,0,0],"gold":269,"neow_bonus":"TRANSFORM_CARD","is_daily":false,"chose_seed":false,"campfire_upgraded":0,"win_rate":0.0,"timestamp":1608394058,"path_taken":["R","?","M","$","?","$","T","M","E","R","M","?","?","?","M","BOSS"],"items_purchased_type":["Relic"],"build_version":"2020-12-13","purchased_purges":1,"victory":false,"max_hp_per_floor":[80,80,80,80,80,80,80,80,80,80,80,80,80,80,80,80,80],"card_choices":[{"not_picked":["Guardian:Incinerate","Guardian:BronzeOrb"],"picked":"Guardian:VentSteam","floor":3},{"not_picked":["Guardian:VentSteam","Guardian:Gem_Lightblue"],"picked":"Guardian:Gem_Fragmented","floor":4},{"not_picked":["Guardian:TemporalShield","Guardian:Repulse"],"picked":"Guardian:Gem_Crimson","floor":6},{"not_picked":["Guardian:Gem_Lightblue","Guardian:ChargeCore"],"picked":"Guardian:Gem_Cyan","floor":8},{"not_picked":["Guardian:EvasiveProtocol","Guardian:Orbwalk"],"picked":"Guardian:Gem_Fragmented","floor":9},{"not_picked":["Guardian:Gem_Red","Guardian:Reroute"],"picked":"Guardian:ArmoredProtocol","floor":11},{"not_picked":["Guardian:WalkerClaw","Guardian:Recover","Guardian:CrystalBeam"],"picked":"SKIP","floor":12},{"not_picked":["Guardian:GemFire","Guardian:Recover","Guardian:ChargeCore"],"picked":"SKIP","floor":15}],"player_experience":445413,"relics_obtained":[{"floor":9,"key":"Snack Pack"},{"floor":13,"key":"Unceasing Top"}],"event_choices":[],"is_beta":false,"boss_relics":[],"items_purged_floors":[4],"is_endless":false,"potions_floor_spawned":[8,9,11,12,15],"killed_by":"downfall:Ironclad","ascension_level":4}}