{"host":"9eiowk8mxro5m2sz","time":1608344963,"event":{"mods":["Act Like it!","Alarm Clock","BaseMod","CapriCore","Decade(王小明)","Friendly Minions","Gensokyo","Kiyohime（清姬）","LagranYue(拉格朗・月)","Luminous","Minty Spire (QoL Compilation)","Quick Restart","Reimu（博丽灵梦）","Relic Stats","Replay The Spire","StSLib","The Alterego","The Immortal","The Servant 0.9.4","TheWitcher","WarShipGirlsR/战舰少女R mod","Yohane!","Youmu（魂魄妖梦）","Yuri Mod","Yuyuko","【东方二次创作】八云紫mod","【遗物卡牌】REMEMod"],"gold_per_floor":[119,130,8,8,8,42,52,52,75,107,107,107,132,132,132,229,229,244,262,110,170,13,13,26,26,26,26,26,26,54,69,69,173,173,192,192,204,122,122,122,122],"floor_reached":40,"playtime":2094,"items_purged":["ReplayTheSpireMod:Splinters"],"score":495,"play_id":"4b0beb43-354f-41a5-bc23-7eaaa00850b9","local_time":"20201219102923","daily_mods":["Heirloom","Time Dilation","Flight"],"is_ascension_mode":false,"campfire_choices":[{"data":"alterego_mod:BigMeatyClaws","floor":8,"key":"SMITH"},{"data":"alterego_mod:DiscoLights","floor":11,"key":"SMITH"},{"data":"alterego_mod:Valentines","floor":15,"key":"SMITH"},{"data":"alterego_mod:Impale","floor":23,"key":"SMITH"},{"data":"alterego_mod:Undulate","floor":25,"key":"SMITH"},{"data":"alterego_mod:Bloomers","floor":27,"key":"SMITH"},{"data":"alterego_mod:SakuraLabyrinth","floor":29,"key":"SMITH"},{"data":"alterego_mod:STier","floor":32,"key":"SMITH"}],"circlet_count":0,"master_deck":["alterego_mod:Strike","alterego_mod:Strike","alterego_mod:Strike","alterego_mod:Strike","alterego_mod:Defend","alterego_mod:Defend","alterego_mod:Defend","alterego_mod:Defend","alterego_mod:Impale+1","alterego_mod:BigMeatyClaws+1","alterego_mod:BrynhildrsRune","alterego_mod:Bloomers+1","alterego_mod:Valentines+1","alterego_mod:PerceptionDisorder","alterego_mod:DiscoLights+1","alterego_mod:TrashNCrash","alterego_mod:Bounce","alterego_mod:GoddessCore","alterego_mod:Complex","alterego_mod:Jiggle","alterego_mod:Nekomimi","alterego_mod:Collar","alterego_mod:ClassAdvantage","alterego_mod:Lift","alterego_mod:Rip+1","alterego_mod:SakuraLabyrinth+1","alterego_mod:SakuraLabyrinth","alterego_mod:1TonWallop","alterego_mod:Undulate+1","alterego_mod:STier+1","alterego_mod:TrickOrTreatment","alterego_mod:Schoolgirl+1","alterego_mod:BreastValley","LagranYue:AttackGalacticZeroCard"],"relics":["alterego_mod:MasochisticConstitution","REME_ComplimentaryCards","Pondfish Scales","Replay:Baseball","Mastiff:ReiMu","Replay:Ringing Soul","Eternal Feather","Philosopher\u0027s Stone","PreservedInsect","ReplayFunnel","Replay:Wax Seal","Anchor","RuthlessExorcism:ReiMu","REME_LowDesire","Akabeko","ReplayTheSpireMod:TigerMarble"],"acts_visited":["Exordium","TheCity","TheBeyond"],"potions_floor_usage":[33],"damage_taken":[{"damage":17,"enemies":"Cultist","floor":1,"turns":5},{"damage":17,"enemies":"Jaw Worm","floor":2,"turns":6},{"damage":28,"enemies":"3 Sentries","floor":6,"turns":15},{"damage":11,"enemies":"2 Louse","floor":7,"turns":6},{"damage":11,"enemies":"Replay:BlueRogue","floor":10,"turns":5},{"damage":13,"enemies":"Lagavulin","floor":13,"turns":7},{"damage":23,"enemies":"Slime Boss","floor":16,"turns":7},{"damage":26,"enemies":"Shell Parasite","floor":18,"turns":5},{"damage":68,"enemies":"3 Byrds","floor":19,"turns":8},{"damage":18,"enemies":"Snake Plant","floor":24,"turns":4},{"damage":18,"enemies":"Gremlin Leader","floor":30,"turns":4},{"damage":4,"enemies":"Snecko","floor":31,"turns":2},{"damage":67,"enemies":"Automaton","floor":33,"turns":10},{"damage":4,"enemies":"3 Shapes","floor":35,"turns":4},{"damage":22,"enemies":"Orb Walker","floor":37,"turns":3},{"damage":43,"enemies":"Spire Growth","floor":38,"turns":8},{"damage":102,"enemies":"Giant Head","floor":40,"turns":8}],"seed_played":"848688548268873413","potions_obtained":[{"floor":1,"key":"SpeedPotion"},{"floor":7,"key":"Weak Potion"},{"floor":13,"key":"Elixir"},{"floor":21,"key":"LiquidBronze"},{"floor":33,"key":"Dexterity Potion"}],"is_trial":true,"path_per_floor":["M","M","$","?","$","E","M","R","T","E","R","?","E","?","R","B",null,"M","M","$","?","$","R","M","R","T","R","$","R","E","M","R","B",null,"M","?","M","M","?","E"],"character_chosen":"The_Alterego","items_purchased":["alterego_mod:Valentines","alterego_mod:PerceptionDisorder","PreservedInsect","Replay:Wax Seal","alterego_mod:SakuraLabyrinth","alterego_mod:1TonWallop"],"campfire_rested":0,"item_purchase_floors":[3,3,20,22,22,22],"current_hp_per_floor":[54,38,38,38,38,25,29,29,29,22,22,25,16,95,95,76,99,77,24,24,27,30,45,31,49,49,67,67,85,71,68,86,23,123,123,123,105,83,83,0,0],"gold":122,"neow_bonus":"","is_daily":false,"chose_seed":false,"campfire_upgraded":8,"win_rate":0.0,"timestamp":1608344963,"path_taken":["M","M","?","?","$","E","?","R","T","E","R","?","E","?","R","BOSS","M","?","$","?","$","R","M","R","T","R","$","R","E","M","R","BOSS","M","?","?","M","?","E"],"items_purchased_type":["Card","Card","Relic","Relic","Card","Card"],"build_version":"2020-12-13","purchased_purges":1,"victory":false,"max_hp_per_floor":[71,72,72,72,72,73,74,74,74,78,78,81,85,95,95,99,99,103,104,104,107,110,110,114,114,114,114,114,114,118,119,119,123,123,127,127,131,135,135,138,138],"relic_stats":{"counters":[17,107],"Eternal Feather":87,"PreservedInsect":170,"obtain_stats":[{"ReplayFunnel":21,"alterego_mod:MasochisticConstitution":0,"Eternal Feather":13,"PreservedInsect":20,"Akabeko":34,"Replay:Ringing Soul":10,"Pondfish Scales":0,"Replay:Baseball":6,"Anchor":26,"Mastiff:ReiMu":9,"Philosopher\u0027s Stone":17,"ReplayTheSpireMod:TigerMarble":34,"Replay:Wax Seal":22,"REME_LowDesire":34,"REME_ComplimentaryCards":0,"RuthlessExorcism:ReiMu":30},{"ReplayFunnel":9,"alterego_mod:MasochisticConstitution":0,"Eternal Feather":6,"PreservedInsect":9,"Akabeko":13,"Replay:Ringing Soul":5,"Pondfish Scales":0,"Replay:Baseball":3,"Anchor":10,"Mastiff:ReiMu":4,"Philosopher\u0027s Stone":7,"ReplayTheSpireMod:TigerMarble":13,"Replay:Wax Seal":9,"REME_LowDesire":13,"REME_ComplimentaryCards":0,"RuthlessExorcism:ReiMu":11},{"ReplayFunnel":64,"alterego_mod:MasochisticConstitution":0,"Eternal Feather":44,"PreservedInsect":64,"Akabeko":84,"Replay:Ringing Soul":37,"Pondfish Scales":0,"Replay:Baseball":26,"Anchor":68,"Mastiff:ReiMu":32,"Philosopher\u0027s Stone":51,"ReplayTheSpireMod:TigerMarble":84,"Replay:Wax Seal":64,"REME_LowDesire":84,"REME_ComplimentaryCards":0,"RuthlessExorcism:ReiMu":72}]},"card_choices":[{"not_picked":["alterego_mod:HighServant","alterego_mod:Cooking"],"picked":"alterego_mod:Bloomers","floor":1},{"not_picked":["alterego_mod:PresenceConcealment","alterego_mod:DestructionOfProperty","alterego_mod:GoddessCore"],"picked":"SKIP","floor":2},{"not_picked":[],"picked":"alterego_mod:Antipathy","floor":4},{"not_picked":["alterego_mod:Table","alterego_mod:Smother"],"picked":"alterego_mod:DiscoLights","floor":6},{"not_picked":["alterego_mod:BoobPocket","alterego_mod:Santa"],"picked":"alterego_mod:TrashNCrash","floor":7},{"not_picked":["alterego_mod:Mirror","alterego_mod:PerceptionDisorder"],"picked":"alterego_mod:Bounce","floor":10},{"not_picked":["alterego_mod:Stockings","alterego_mod:DiscoLights"],"picked":"alterego_mod:ClassAdvantage","floor":13},{"not_picked":["alterego_mod:PainIsPleasure","alterego_mod:Venus"],"picked":"alterego_mod:Lift","floor":16},{"not_picked":["alterego_mod:DeftHands","alterego_mod:BusterCard"],"picked":"alterego_mod:Belle+1","floor":18},{"not_picked":["alterego_mod:TrashNCrash","alterego_mod:GoddessCore","alterego_mod:Cooking"],"picked":"SKIP","floor":19},{"not_picked":["alterego_mod:Pet","alterego_mod:Jiggle"],"picked":"alterego_mod:Rip+1","floor":21},{"not_picked":["alterego_mod:Pet+1","alterego_mod:BusterCard"],"picked":"alterego_mod:Undulate","floor":24},{"not_picked":["alterego_mod:HighServant","alterego_mod:Undulate"],"picked":"alterego_mod:STier","floor":30},{"not_picked":["alterego_mod:MagicResistance","alterego_mod:1TonWallop","alterego_mod:Crossover"],"picked":"SKIP","floor":31},{"not_picked":["alterego_mod:IdEs","alterego_mod:Lift"],"picked":"alterego_mod:TrickOrTreatment","floor":33},{"not_picked":["alterego_mod:Cooking+1","alterego_mod:PerceptionDisorder+1","HandOfGreed"],"picked":"alterego_mod:Schoolgirl+1","floor":35},{"not_picked":["alterego_mod:Lingerie+1","alterego_mod:1TonWallop","Replay:BasicMightCard"],"picked":"alterego_mod:BreastValley","floor":37},{"not_picked":["alterego_mod:MagicResistance+1","alterego_mod:DiscoLights+1","alterego_mod:Complex","Dark Shackles+1"],"picked":"SKIP","floor":38}],"player_experience":559402,"relics_obtained":[{"floor":6,"key":"Replay:Baseball"},{"floor":9,"key":"Mastiff:ReiMu"},{"floor":10,"key":"Replay:Ringing Soul"},{"floor":13,"key":"Eternal Feather"},{"floor":21,"key":"ReplayFunnel"},{"floor":26,"key":"Anchor"},{"floor":30,"key":"RuthlessExorcism:ReiMu"},{"floor":34,"key":"Akabeko"},{"floor":34,"key":"ReplayTheSpireMod:TigerMarble"}],"event_choices":[{"cards_removed":["alterego_mod:Antipathy"],"damage_healed":69,"gold_gain":0,"player_choice":"Offered Rare","damage_taken":0,"max_hp_gain":10,"max_hp_loss":0,"event_name":"Bonfire Elementals","floor":14,"gold_loss":0},{"damage_healed":0,"gold_gain":0,"player_choice":"Ignored","damage_taken":0,"max_hp_gain":0,"max_hp_loss":0,"event_name":"NoteForYourself","floor":36,"gold_loss":0}],"is_beta":false,"boss_relics":[{"not_picked":["Painkiller Herb","Replay:Wanted Poster"],"picked":"Philosopher\u0027s Stone"},{"not_picked":["Cursed Key","Replay:Drink Me"],"picked":"REME_LowDesire"}],"items_purged_floors":[22],"is_endless":false,"potions_floor_spawned":[1,7,13,18,33],"killed_by":"Giant Head","ascension_level":0}}