{"host":"y3c04fpfin1l2e6u","time":1608363143,"event":{"mods":["Act Like it!","BaseMod","Better-Laid Plans","Challenge The Spire","Googly Eyes","Hallownest","Lobotomy","Minty Spire (QoL Compilation)","Permanent Neow","Quick Restart","Relic Stats","Spicy Shops","StSLib","SuperFastMode","TestMod","The Bug Knight","êº¤õ«ü«n"],"gold_per_floor":[113,113,0,12,12,12,12,12,12,12,43,57,57,67,67,165,165,176,176,176,193,206,206,222,240,240,251,251,251,251,262,262,262,262],"floor_reached":33,"playtime":1412,"items_purged":[],"score":247,"play_id":"38a26f4c-9139-4e83-89e7-bbd4f8ca6943","local_time":"20201219153223","is_ascension_mode":false,"campfire_choices":[{"data":"HollowMod:DashSlash","floor":6,"key":"SMITH"},{"data":"HollowMod:WraithStrike","floor":8,"key":"SMITH"},{"data":"HollowMod:FocusHealStart","floor":10,"key":"SMITH"},{"floor":15,"key":"REST"},{"data":"HollowMod:LifebloodCore","floor":23,"key":"SMITH"},{"floor":32,"key":"REST"}],"circlet_count":0,"master_deck":["HollowMod:NailStrikeStart","HollowMod:NailStrikeStart","HollowMod:NailStrikeStart","HollowMod:NailStrikeStart","HollowMod:QuickDashStart","HollowMod:QuickDashStart","HollowMod:QuickDashStart","HollowMod:QuickDashStart","HollowMod:FocusHealStart+1","HollowMod:PogoStrike","HollowMod:WraithStrike+1","HollowMod:MonomonsArchive+1","HollowMod:DashSlash+1","HollowMod:CycloneSlash","HollowMod:ShadowDash","HollowMod:CloakDash","HollowMod:LifebloodCore+1","HollowMod:GrimmsGift","HollowMod:DescendingDark","HollowMod:HowlingWraiths+1","HollowMod:MothsMistake","HollowMod:FallenFury","HollowMod:BlackTendrils+1","Hallownest:pwrSporeShroom+1","Hallownest:attackFallenFury","HollowMod:QuirrelsAssistance+1"],"relics":["HollowMod:VesselMask","testmod-TestBox","Potion Belt","Matryoshka","Ginger","Bag of Preparation","Ornamental Fan","Philosopher\u0027s Stone","Strawberry","Frozen Egg 2"],"acts_visited":["Hallownest:Greenpath","Hallownest:CityofTears"],"potions_floor_usage":[16,22,27,33,33],"damage_taken":[{"damage":3,"enemies":"Hallownest:2_Baldur","floor":1,"turns":3},{"damage":1,"enemies":"Hallownest:monsterHuskGuard","floor":4,"turns":3},{"damage":48,"enemies":"Hallownest:eliteCrystalGuardian","floor":11,"turns":7},{"damage":2,"enemies":"Hallownest:2_MossCreeps","floor":12,"turns":6},{"damage":4,"enemies":"Hallownest:2_Tiktiks_1_Baldur_1_Crawlid","floor":14,"turns":4},{"damage":33,"enemies":"Hallownest:BossBrokenVessel","floor":16,"turns":12},{"damage":0,"enemies":"Hallownest:3_Youths","floor":18,"turns":6},{"damage":19,"enemies":"Hallownest:Guard_and_Sentry","floor":21,"turns":7},{"damage":20,"enemies":"Hallownest:monsterShrumalOgre","floor":22,"turns":5},{"damage":2,"enemies":"Hallownest:Warrior_and_Youth","floor":24,"turns":6},{"damage":48,"enemies":"Hallownest:Master_and_Novice","floor":25,"turns":6},{"damage":7,"enemies":"Hallownest:monsterShrumalOgre","floor":27,"turns":5},{"damage":25,"enemies":"Hallownest:2_Flukemon","floor":31,"turns":6},{"damage":45,"enemies":"Hallownest:BossMantisLord","floor":33,"turns":2}],"seed_played":"-3684837523511277226","potions_obtained":[{"floor":1,"key":"Explosive Potion"},{"floor":11,"key":"SmokeBomb"},{"floor":14,"key":"Swift Potion"},{"floor":16,"key":"Fire Potion"},{"floor":21,"key":"GamblersBrew"},{"floor":24,"key":"SkillPotion"},{"floor":25,"key":"Block Potion"}],"is_trial":false,"path_per_floor":["M","?","?","M","?","R","?","R","T","R","E","M","T","M","R","B",null,"M","?","?","M","M","R","M","M","T","M","T","?","?","M","R","B"],"character_chosen":"THE_BUGKNIGHT","items_purchased":[],"campfire_rested":2,"item_purchase_floors":[],"current_hp_per_floor":[72,72,72,71,62,62,62,62,62,62,24,34,34,40,62,41,75,75,75,75,61,47,47,55,13,20,23,23,23,23,1,25,0,0],"gold":262,"neow_bonus":"THREE_CARDS","is_daily":false,"chose_seed":false,"campfire_upgraded":4,"win_rate":0.0,"timestamp":1608363143,"path_taken":["M","?","?","M","?","R","?","R","T","R","E","?","?","M","R","BOSS","M","?","?","M","M","R","M","M","T","M","?","?","?","M","R","BOSS"],"items_purchased_type":[],"build_version":"2020-12-13","purchased_purges":0,"victory":false,"max_hp_per_floor":[75,75,75,75,75,75,75,75,75,75,75,75,75,75,75,75,75,75,75,75,75,75,75,75,75,82,82,82,82,82,82,82,82,82],"relic_stats":{"counters":[14,78],"Ornamental Fan":[84],"Bag of Preparation":[20],"Ginger":[7],"obtain_stats":[{"Potion Belt":3,"testmod-TestBox":0,"Matryoshka":9,"Ornamental Fan":13,"Strawberry":26,"HollowMod:VesselMask":0,"Philosopher\u0027s Stone":17,"Bag of Preparation":13,"Ginger":11,"Frozen Egg 2":26},{"Potion Belt":1,"testmod-TestBox":0,"Matryoshka":2,"Ornamental Fan":4,"Strawberry":11,"HollowMod:VesselMask":0,"Philosopher\u0027s Stone":6,"Bag of Preparation":4,"Ginger":3,"Frozen Egg 2":11},{"Potion Belt":3,"testmod-TestBox":0,"Matryoshka":6,"Ornamental Fan":19,"Strawberry":65,"HollowMod:VesselMask":0,"Philosopher\u0027s Stone":35,"Bag of Preparation":19,"Ginger":13,"Frozen Egg 2":65}]},"card_choices":[{"not_picked":["HollowMod:MantisMark","HollowMod:NewJinnsSoul"],"picked":"HollowMod:WraithStrike","floor":0},{"not_picked":["HollowMod:SiblingsSouls","HollowMod:GrimmsGift"],"picked":"HollowMod:MonomonsArchive","floor":1},{"not_picked":["HollowMod:NewLittleFool","HollowMod:VengefulVoid"],"picked":"HollowMod:DashSlash","floor":4},{"not_picked":["HollowMod:BaldurShell","HollowMod:SharpenedNail"],"picked":"HollowMod:CycloneSlash","floor":11},{"not_picked":["HollowMod:WraithStrike","HollowMod:ElderbugsWisdom"],"picked":"HollowMod:ShadowDash","floor":12},{"not_picked":["HollowMod:GoodIntentions","HollowMod:SiblingsSouls"],"picked":"HollowMod:CloakDash","floor":14},{"not_picked":["HollowMod:HerrahsAnger","HollowMod:PureVessel"],"picked":"HollowMod:LifebloodCore","floor":16},{"not_picked":["HollowMod:DreamGate","HollowMod:WraithStrike"],"picked":"HollowMod:GrimmsGift","floor":18},{"not_picked":["HollowMod:DesolateDive","HollowMod:SiblingsSouls"],"picked":"HollowMod:DescendingDark","floor":21},{"not_picked":["HollowMod:HeavyBlow+1","HollowMod:SoulShaman"],"picked":"HollowMod:HowlingWraiths+1","floor":22},{"not_picked":["HollowMod:HeavyBlow+1","HollowMod:VengefulSpirit+1"],"picked":"HollowMod:MothsMistake","floor":24},{"not_picked":["HollowMod:CornifersMapStart+1","HollowMod:HeavyBlow+1"],"picked":"HollowMod:FallenFury","floor":25},{"not_picked":["HollowMod:NewJinnsSoul","HollowMod:SiblingsShadow"],"picked":"HollowMod:BlackTendrils+1","floor":27},{"not_picked":["HollowMod:SoulMaster+1","HollowMod:InfectedCysts+1"],"picked":"HollowMod:QuirrelsAssistance+1","floor":31}],"player_experience":44105,"relics_obtained":[{"floor":9,"key":"Matryoshka"},{"floor":11,"key":"Ginger"},{"floor":13,"key":"Bag of Preparation"},{"floor":13,"key":"Ornamental Fan"},{"floor":26,"key":"Strawberry"},{"floor":26,"key":"Frozen Egg 2"}],"event_choices":[],"is_beta":false,"boss_relics":[{"not_picked":["Sozu","Ectoplasm"],"picked":"Philosopher\u0027s Stone"}],"items_purged_floors":[],"is_endless":false,"potions_floor_spawned":[1,11,14,16,21,24,25],"killed_by":"Hallownest:BossMantisLord","ascension_level":0}}