{"host":"0cnf9zf1gia27zti","time":1608380091,"event":{"mods":["BaseMod","BetterRewards","Card Forge","Colored Map","Colored Powertips","Conspire","Downfall","Minty Spire (QoL Compilation)","Practice Mode","Quick Restart","Replay The Spire","Robot Space Explorer","Shade Mod","Spicy Shops","StSLib"],"gold_per_floor":[111,111,111,131,190,217,217,231,303,303,320,288,298,298,298,371,371,382,382,117,128,30,55,71,96,123,140,140,156,187,206,206,277,277,297,314,42,59,91,117,117,128,128,128,128,138,154,165,165,165],"floor_reached":51,"playtime":34502,"items_purged":["Replay:Hysterical Blindness","Normality"],"score":1760,"play_id":"8c4d9f31-cd18-4317-9dc3-9f218d59e8f5","local_time":"20201219121451","is_ascension_mode":true,"campfire_choices":[{"floor":7,"key":"REST"},{"floor":10,"key":"REST"},{"floor":15,"key":"REST"},{"data":"Scrape","floor":41,"key":"SMITH"},{"data":"Zap","floor":44,"key":"SMITH"},{"data":"Dualcast","floor":49,"key":"SMITH"}],"circlet_count":0,"master_deck":["AscendersBane","Strike_B+1","Strike_B+1","Strike_B+1","Defend_B+1","Defend_B+1","Defend_B+1","Zap+1","Dualcast+1","All For One","FTL","Gash","Go for the Eyes","Defragment+1","All For One","Chill","Conserve Battery","Glacier","Machine Learning","ReplayGash+1","Flash of Steel","Beam Cell","Chill","FTL","Auto Shields","Double Energy+1","Scrape+1","Reboot","Reinforced Body","Glacier+1","ReplayGash+1","Gash","Reinforced Body","Self Repair+1","Beam Cell","All For One","ReplayTheSpireMod:Calculation Training","Parasite","Tempest"],"relics":["FrozenCore","Hammer of Thor","Seething Fire","Anvil of the Gods","Vajra","Question Card","Replay:WaspNest","Meat on the Bone","StrikeDummy","ReplayTheSpireMod:CursedCoin","Membership Card","Replay:Ringing Soul","Replay:Frozen Program","Anchor","FossilizedHelix","Replay:Rubber Ducky","Nunchaku","Replay:Antivirus Software","conspire:SpecialSausage","Prayer Wheel","Ornamental Fan","Du-Vu Doll","MealTicket","Sundial"],"acts_visited":["Exordium","TheCity","TheBeyond"],"potions_floor_usage":[16,16,23,23,24,30,33,40,42,46,47,50],"damage_taken":[{"damage":3,"enemies":"2 Louse","floor":1,"turns":2},{"damage":7,"enemies":"Jaw Worm","floor":4,"turns":2},{"damage":20,"enemies":"Lagavulin","floor":6,"turns":7},{"damage":1,"enemies":"Cultist","floor":8,"turns":3},{"damage":14,"enemies":"Exordium Wildlife","floor":11,"turns":3},{"damage":10,"enemies":"Looter","floor":13,"turns":3},{"damage":10,"enemies":"Hexaghost","floor":16,"turns":8},{"damage":1,"enemies":"Chosen","floor":18,"turns":5},{"damage":0,"enemies":"Shell Parasite","floor":21,"turns":4},{"damage":3,"enemies":"Slavers","floor":23,"turns":5},{"damage":0,"enemies":"Sentry and Sphere","floor":24,"turns":4},{"damage":5,"enemies":"Book of Stabbing","floor":25,"turns":6},{"damage":0,"enemies":"Snecko","floor":27,"turns":5},{"damage":0,"enemies":"3 Cultists","floor":29,"turns":5},{"damage":0,"enemies":"Gremlin Leader","floor":30,"turns":6},{"damage":0,"enemies":"Centurion and Healer","floor":31,"turns":5},{"damage":4,"enemies":"Pondfish","floor":33,"turns":9},{"damage":0,"enemies":"Orb Walker","floor":35,"turns":4},{"damage":10,"enemies":"3 Shapes","floor":36,"turns":6},{"damage":0,"enemies":"Writhing Mass","floor":38,"turns":6},{"damage":0,"enemies":"conspire:MimicChest","floor":39,"turns":4},{"damage":0,"enemies":"Reptomancer","floor":40,"turns":6},{"damage":0,"enemies":"Maw","floor":42,"turns":4},{"damage":0,"enemies":"Transient","floor":46,"turns":5},{"damage":0,"enemies":"Writhing Mass","floor":47,"turns":6},{"damage":0,"enemies":"Maw","floor":48,"turns":6},{"damage":0,"enemies":"Donu and Deca","floor":50,"turns":7}],"seed_played":"8434749059377283657","potions_obtained":[{"floor":6,"key":"FocusPotion"},{"floor":11,"key":"EssenceOfSteel"},{"floor":16,"key":"Explosive Potion"},{"floor":21,"key":"EssenceOfSteel"},{"floor":23,"key":"LiquidMemories"},{"floor":25,"key":"ColorlessPotion"},{"floor":29,"key":"sneckomod:MuddlingPotion"},{"floor":30,"key":"Dexterity Potion"},{"floor":35,"key":"SpeedPotion"},{"floor":40,"key":"FearPotion"},{"floor":42,"key":"PotionOfCapacity"},{"floor":46,"key":"ColorlessPotion"}],"is_trial":false,"path_per_floor":["M","?","T","M","?","E","R","M","T","R","M","$","M","?","R","B",null,"M","?","$","M","$","E","M","E","T","M","?","M","E","M","R_BF","B",null,"M","M","$","M","?","E","R","M","T","R","?","M","M","M","R","B",null],"character_chosen":"DEFECT","items_purchased":["Vajra","All For One","FTL","Gash","Go for the Eyes","Question Card","ReplayTheSpireMod:CursedCoin","Membership Card","Flash of Steel","Replay:Ringing Soul","Replay:Frozen Program","Beam Cell","Anchor","Prayer Wheel","Ornamental Fan"],"campfire_rested":3,"item_purchase_floors":[0,0,0,0,0,0,12,12,20,20,20,22,22,37,37],"current_hp_per_floor":[29,29,29,22,22,2,23,34,34,55,41,41,43,43,64,54,67,66,66,66,66,69,69,69,67,67,70,70,73,73,76,89,88,91,94,87,87,90,93,93,93,96,96,96,99,102,105,108,108,118],"gold":165,"neow_bonus":"","is_daily":false,"chose_seed":false,"campfire_upgraded":3,"win_rate":0.0,"timestamp":1608380091,"path_taken":["M","?","?","?","?","E","R","M","T","R","M","$","M","?","R","BOSS","M","?","$","M","$","E","M","E","T","M","?","?","E","M","R_BF","BOSS","M","M","$","M","?","E","R","M","T","R","?","M","M","?","R","BOSS"],"items_purchased_type":["Relic","Card","Card","Card","Card","Relic","Relic","Relic","Card","Relic","Relic","Card","Relic","Relic","Relic"],"build_version":"2020-12-13","purchased_purges":2,"victory":true,"max_hp_per_floor":[71,71,71,71,71,71,71,71,71,71,71,71,71,71,71,71,71,71,71,71,71,74,77,77,80,80,83,83,86,86,89,89,92,92,95,98,98,101,104,104,104,107,107,107,110,113,116,119,119,119],"card_choices":[{"not_picked":["Undo","Barrage","Blizzard"],"picked":"Defragment","floor":1},{"not_picked":["Cold Snap","Ball Lightning","Panic Button","Barrage"],"picked":"SKIP","floor":4},{"not_picked":["Cold Snap","Go for the Eyes","Auto Shields"],"picked":"All For One","floor":6},{"not_picked":["Compile Driver","Steam","Melter"],"picked":"Chill","floor":8},{"not_picked":["Reprogram","Heatsinks","Streamline"],"picked":"Conserve Battery","floor":11},{"not_picked":["Skim","Genetic Algorithm","Compile Driver"],"picked":"Glacier","floor":13},{"not_picked":["Hyperbeam","ReplayTheSpireMod:Omega Cannon","Meteor Strike"],"picked":"Machine Learning","floor":16},{"not_picked":["Go for the Eyes+1","Hologram","Steam"],"picked":"ReplayGash+1","floor":18},{"not_picked":["Streamline","Turbo","Steam Power","Ball Lightning"],"picked":"SKIP","floor":21},{"not_picked":["Steam Power","Consume","Lockon"],"picked":"Chill","floor":23},{"not_picked":["Stack","Conserve Battery","Barrage","Cold Snap"],"picked":"SKIP","floor":24},{"not_picked":["Melter","Time Bomb","Seek"],"picked":"FTL","floor":25},{"not_picked":["Redo","Glacier","Conserve Battery"],"picked":"Auto Shields","floor":27},{"not_picked":["Steam","Stack","ReplaySort"],"picked":"Double Energy+1","floor":29},{"not_picked":["Coolheaded","Hello World","ReplayTheSpireMod:GoodbyeWorld","Streamline"],"picked":"SKIP","floor":30},{"not_picked":["Static Discharge","White Noise","Panic Button"],"picked":"Scrape","floor":31},{"not_picked":["Fission","Amplify","Buffer"],"picked":"Reboot","floor":33},{"not_picked":["Beam Cell","Compile Driver+1","Go for the Eyes"],"picked":"Reinforced Body","floor":35},{"not_picked":["Stack","ReplayTheSpireMod:Repulse","Genetic Algorithm"],"picked":"Glacier+1","floor":36},{"not_picked":["Ball Lightning+1","Rebound","Stack"],"picked":"ReplayGash+1","floor":38},{"not_picked":["Rebound+1","Stack","Leap+1"],"picked":"Gash","floor":38},{"not_picked":["Melter+1","Defragment","Steam"],"picked":"Reinforced Body","floor":39},{"not_picked":["Storm","Redo","Recycle","Consume"],"picked":"SKIP","floor":40},{"not_picked":["Ball Lightning","Redo","Consume"],"picked":"Self Repair+1","floor":42},{"not_picked":["Rebound","Tempest","Force Field+1"],"picked":"Beam Cell","floor":42},{"not_picked":["Barrage","Fusion+1","Turbo"],"picked":"ReplayTheSpireMod:Calculation Training","floor":46},{"not_picked":["Rip and Tear","Rainbow","Leap+1","Chaos"],"picked":"SKIP","floor":46},{"not_picked":["Force Field","Conserve Battery","Doom and Gloom","Time Bomb"],"picked":"SKIP","floor":47},{"not_picked":["Capacitor+1","Compile Driver","Hello World+1","Sunder"],"picked":"SKIP","floor":47},{"not_picked":["Hologram","Genetic Algorithm+1","Leap"],"picked":"Tempest","floor":48},{"not_picked":["Barrage","Ball Lightning","Hologram","Conserve Battery"],"picked":"SKIP","floor":48}],"player_experience":2139685,"relics_obtained":[{"floor":3,"key":"Replay:WaspNest"},{"floor":6,"key":"Meat on the Bone"},{"floor":9,"key":"StrikeDummy"},{"floor":23,"key":"FossilizedHelix"},{"floor":25,"key":"Replay:Rubber Ducky"},{"floor":26,"key":"Nunchaku"},{"floor":30,"key":"Replay:Antivirus Software"},{"floor":39,"key":"Du-Vu Doll"},{"floor":40,"key":"MealTicket"},{"floor":43,"key":"Sundial"}],"event_choices":[{"damage_healed":0,"gold_gain":0,"player_choice":"Leave","damage_taken":0,"max_hp_gain":0,"max_hp_loss":0,"event_name":"conspire:Investor","floor":2,"gold_loss":0},{"damage_healed":0,"gold_gain":59,"player_choice":"Gained Gold","damage_taken":0,"max_hp_gain":0,"max_hp_loss":0,"event_name":"Golden Wing","floor":5,"gold_loss":0},{"cards_removed":["Strike_B"],"damage_healed":0,"gold_gain":0,"player_choice":"Forget","damage_taken":0,"max_hp_gain":0,"max_hp_loss":0,"event_name":"Living Wall","floor":14,"gold_loss":0},{"damage_healed":0,"gold_gain":0,"player_choice":"Simplicity","damage_taken":0,"max_hp_gain":0,"max_hp_loss":0,"event_name":"Back to Basics","floor":19,"gold_loss":0,"cards_upgraded":["Strike_B","Strike_B","Strike_B","Defend_B","Defend_B","Defend_B","Defend_B"]},{"cards_removed":["Defend_B"],"damage_healed":0,"gold_gain":0,"player_choice":"Purged","damage_taken":0,"max_hp_gain":0,"max_hp_loss":0,"event_name":"Purifier","floor":28,"gold_loss":0},{"damage_healed":0,"gold_gain":0,"player_choice":"Copied","damage_taken":0,"max_hp_gain":0,"max_hp_loss":0,"event_name":"Duplicator","floor":45,"gold_loss":0,"cards_obtained":["All For One"]}],"is_beta":false,"boss_relics":[{"not_picked":["Velvet Choker","conspire:SeveredTorchhead"],"picked":"FrozenCore"},{"not_picked":["Replay:Wanted Poster","Astrolabe"],"picked":"conspire:SpecialSausage"}],"items_purged_floors":[12,12],"is_endless":false,"potions_floor_spawned":[6,11,13,16,21,23,25,29,30,35,40,42,46],"ascension_level":14}}