{"host":"zlgdkwtixcfrry6c","time":1608408680,"event":{"mods":["2.2 Compatiblity","BaseMod","Downfall","Minty Spire (QoL Compilation)","READ ME - Guardian Mod","Replay The Spire","StSLib","The Bug Knight","The Construct","The Cursed","The Jungle","The Runesmith"],"gold_per_floor":[117,117,19,37,55,97,97,125,125,152,185,185,18,18,18,132,132,167,193,219,71,171,171,189,189],"floor_reached":24,"playtime":1949,"items_purged":[],"score":198,"play_id":"d5d4dfd5-4ad4-41c0-9d21-85bea07117a0","local_time":"20201219211120","is_ascension_mode":false,"campfire_choices":[{"floor":7,"key":"REST"},{"floor":12,"key":"REST"},{"floor":15,"key":"REST"},{"floor":23,"key":"REST"}],"circlet_count":0,"master_deck":["construct:Strike_Gold","construct:Strike_Gold","construct:Strike_Gold","construct:Strike_Gold","construct:Strike_Gold","construct:Defend_Gold","construct:Defend_Gold","construct:Defend_Gold","construct:Defend_Gold","construct:Defend_Gold","construct:AttackMode","construct:ShiftStrike","construct:Autoturret","construct:Impenetrable","construct:SuppressiveFire","construct:FierceBash","construct:Boost","construct:Analyze","construct:BatteryAcid","construct:HyperBeam","construct:Autoturret","construct:MassProduction","construct:ClockworkEgg","CurseOfTheBell","construct:VentSteam","construct:SweepLaser+1","construct:ClusterMines+1","construct:BatteryCore","construct:Enhance"],"relics":["construct:Cogwheel","NeowsBlessing","Replay:Bandana","The Courier","ReplayTheSpireMod:Lightbulb","Calling Bell","Replay:Wax Seal","InkBottle","Gambling Chip"],"acts_visited":["Exordium","Exordium"],"potions_floor_usage":[10,16],"damage_taken":[{"damage":0,"enemies":"Small Slimes","floor":1,"turns":1},{"damage":0,"enemies":"Cultist","floor":4,"turns":1},{"damage":0,"enemies":"Jaw Worm","floor":5,"turns":1},{"damage":42,"enemies":"HollowMod:MossKnight","floor":6,"turns":7},{"damage":14,"enemies":"Large Slime","floor":8,"turns":3},{"damage":20,"enemies":"Exordium Thugs","floor":10,"turns":3},{"damage":19,"enemies":"Exordium Wildlife","floor":11,"turns":3},{"damage":60,"enemies":"The Guardian","floor":16,"turns":9},{"damage":36,"enemies":"theJungle:MUSHROOMGANG","floor":18,"turns":5},{"damage":28,"enemies":"theJungle:5_Spyders","floor":19,"turns":6},{"damage":22,"enemies":"theJungle:SlimyTreeVines","floor":20,"turns":5},{"damage":63,"enemies":"theJungle:2_Snecko_Cultists","floor":24,"turns":4}],"seed_played":"841840208629854643","potions_obtained":[{"floor":4,"key":"Flashbang"},{"floor":5,"key":"ColorlessPotion"},{"floor":6,"key":"Dexterity Potion"},{"floor":11,"key":"FairyPotion"},{"floor":19,"key":"Languid Potion"}],"is_trial":false,"path_per_floor":["M","?","$","M","M","E","R","M","T","M","M","R","$","?","R","B",null,"M","M","M","$","?","R","M"],"character_chosen":"THE_CONSTRUCT_MOD","items_purchased":["construct:ShiftStrike","construct:Autoturret","construct:HyperBeam","construct:Autoturret","construct:BatteryCore","construct:Enhance"],"campfire_rested":4,"item_purchase_floors":[3,3,13,13,21,21],"current_hp_per_floor":[85,85,85,85,85,43,68,54,54,34,15,40,40,40,65,5,85,49,21,5,5,25,50,0,0],"gold":189,"neow_bonus":"THREE_ENEMY_KILL","is_daily":false,"chose_seed":false,"campfire_upgraded":0,"win_rate":0.0,"timestamp":1608408680,"path_taken":["M","?","?","M","M","E","R","M","T","M","M","R","?","?","R","BOSS","M","M","?","$","?","R","?"],"items_purchased_type":["Card","Card","Card","Card","Card","Card"],"build_version":"2020-12-13","purchased_purges":0,"victory":false,"max_hp_per_floor":[85,85,85,85,85,85,85,85,85,85,85,85,85,85,85,85,85,85,85,85,85,85,85,85,85],"card_choices":[{"not_picked":["construct:ModeShift","construct:HeavyBolt"],"picked":"construct:ScopeCore","floor":1},{"not_picked":["construct:CripplingShot","construct:Boost"],"picked":"construct:Impenetrable","floor":4},{"not_picked":["construct:ModeShift","construct:Isolate"],"picked":"construct:SuppressiveFire","floor":5},{"not_picked":["construct:FocusedBeam","construct:Bunker"],"picked":"construct:FierceBash","floor":6},{"not_picked":["construct:Synchronize","construct:Anticipate"],"picked":"construct:Boost","floor":8},{"not_picked":["construct:SaveState","construct:Enhance"],"picked":"construct:Analyze","floor":10},{"not_picked":["construct:Boost","construct:HeavyBolt"],"picked":"construct:BatteryAcid","floor":11},{"not_picked":["construct:ShiftingStance","construct:ShieldBurst"],"picked":"construct:ClockworkEgg","floor":16},{"not_picked":["construct:Versatility","construct:Hazardproof"],"picked":"construct:VentSteam","floor":18},{"not_picked":["construct:Chainstrike","construct:Boost"],"picked":"construct:SweepLaser+1","floor":19},{"not_picked":["construct:Anticipate+1","construct:SaveState"],"picked":"construct:ClusterMines+1","floor":20}],"player_experience":309852,"relics_obtained":[{"floor":6,"key":"The Courier"},{"floor":9,"key":"ReplayTheSpireMod:Lightbulb"},{"floor":17,"key":"Replay:Wax Seal"},{"floor":17,"key":"InkBottle"},{"floor":17,"key":"Gambling Chip"}],"event_choices":[{"cards_removed":["construct:ScopeCore"],"damage_healed":0,"gold_gain":0,"player_choice":"Gave Card","damage_taken":0,"relics_obtained":["Replay:Bandana"],"max_hp_gain":0,"max_hp_loss":0,"event_name":"WeMeetAgain","floor":2,"gold_loss":0},{"damage_healed":0,"gold_gain":0,"cards_transformed":["construct:DefenseMode"],"player_choice":"Transformed","damage_taken":0,"max_hp_gain":0,"max_hp_loss":0,"event_name":"Transmorgrifier","floor":14,"gold_loss":0,"cards_obtained":["construct:MassProduction"]}],"is_beta":false,"boss_relics":[{"not_picked":["Ectoplasm","Replay:Wanted Poster"],"picked":"Calling Bell"}],"items_purged_floors":[],"is_endless":false,"potions_floor_spawned":[4,5,6,11,19],"killed_by":"theJungle:2_Snecko_Cultists","ascension_level":0}}