{"host":"gbop6m4qugddaz18","time":1608347424,"event":{"mods":["2.2 Compatiblity","BaseMod","Better Third Choice","Block Reminder","Downfall","GifTheSpireLib","Highlight Path","Minty Spire (QoL Compilation)","Replay The Spire","StSLib"],"gold_per_floor":[217,217,237,412,412,439,439,514,514,6,6,25,25,37,37,132,132,143,143,143,143],"floor_reached":20,"playtime":807,"items_purged":[],"score":215,"play_id":"09236119-26b6-47b9-ac00-c1d5f3322bd8","local_time":"20201218221024","is_ascension_mode":true,"campfire_choices":[{"data":"ReplayTheSpireMod:Scrap Shanks","floor":7,"key":"SMITH"},{"floor":13,"key":"REST"},{"data":"Accuracy","floor":15,"key":"SMITH"}],"circlet_count":0,"master_deck":["Strike_G","Strike_G","Strike_G","Strike_G","Strike_G","Defend_G","Defend_G","Defend_G","Defend_G","Defend_G","Survivor","Neutralize","Accuracy+1","Acrobatics","Doubt","Regret","ReplayTheSpireMod:Scrap Shanks+1","Hidden Blade","Dodge and Roll","Prepared","Acrobatics","After Image+1","Fluid Movement+1"],"relics":["Ring of the Snake","Lantern","ReplayFunnel","Replay:Bottled Flurry","Frozen Egg 2","Sling","Philosopher\u0027s Stone"],"acts_visited":["Exordium","TheCity"],"potions_floor_usage":[3,6,6,6,16,16,20],"damage_taken":[{"damage":1,"enemies":"2 Louse","floor":1,"turns":5},{"damage":1,"enemies":"Cultist","floor":3,"turns":5},{"damage":3,"enemies":"Gremlin Nob","floor":6,"turns":3},{"damage":8,"enemies":"Jaw Worm","floor":12,"turns":4},{"damage":3,"enemies":"Large Slime","floor":14,"turns":5},{"damage":61,"enemies":"The Guardian","floor":16,"turns":12},{"damage":20,"enemies":"Chosen","floor":18,"turns":9},{"damage":52,"enemies":"Masked Bandits","floor":20,"turns":3}],"seed_played":"-8295444876376673645","potions_obtained":[{"floor":1,"key":"Energy Potion"},{"floor":2,"key":"DistilledChaos"},{"floor":2,"key":"BlessingOfTheForge"},{"floor":3,"key":"CunningPotion"},{"floor":12,"key":"champ:CounterPotion"},{"floor":14,"key":"champ:CounterPotion"},{"floor":18,"key":"champ:CounterPotion"}],"is_trial":false,"path_per_floor":["M","?","M","?","?","E","R","?","T","$","$","M","R","M","R","B",null,"M","?","?"],"character_chosen":"THE_SILENT","items_purchased":["Frozen Egg 2","Hidden Blade","Sling","Dodge and Roll"],"campfire_rested":1,"item_purchase_floors":[10,10,10,10],"current_hp_per_floor":[69,69,68,68,68,65,65,54,54,54,54,46,67,64,64,3,70,50,50,0,0],"gold":143,"neow_bonus":"HUNDRED_GOLD","is_daily":false,"chose_seed":false,"campfire_upgraded":2,"win_rate":0.0,"timestamp":1608347424,"path_taken":["M","?","?","?","?","E","R","?","T","?","$","M","R","M","R","BOSS","M","?","?"],"items_purchased_type":["Relic","Card","Relic","Card"],"build_version":"2020-12-13","purchased_purges":0,"victory":false,"max_hp_per_floor":[70,70,70,70,70,70,70,70,70,70,70,70,70,70,70,70,70,70,70,70,70],"card_choices":[{"not_picked":["Eviscerate","Backflip"],"picked":"Accuracy","floor":1},{"not_picked":["Flechettes","Poisoned Stab"],"picked":"Acrobatics","floor":3},{"not_picked":["Sucker Punch","All Out Attack"],"picked":"ReplayTheSpireMod:Scrap Shanks","floor":6},{"not_picked":["Sucker Punch","Deadly Poison"],"picked":"Prepared","floor":12},{"not_picked":["Poisoned Stab","Finisher"],"picked":"Acrobatics","floor":14},{"not_picked":["Storm of Steel","ReplayTheSpireMod:Necrosis"],"picked":"After Image+1","floor":16},{"not_picked":["Underhanded Strike","PiercingWail"],"picked":"Fluid Movement+1","floor":18}],"player_experience":464199,"relics_obtained":[{"floor":6,"key":"ReplayFunnel"},{"floor":9,"key":"Replay:Bottled Flurry"}],"event_choices":[{"damage_healed":0,"gold_gain":0,"player_choice":"Got Potions","damage_taken":0,"max_hp_gain":0,"max_hp_loss":0,"event_name":"Lab","floor":2,"gold_loss":0},{"damage_healed":0,"gold_gain":175,"player_choice":"AGREE","damage_taken":237,"max_hp_gain":0,"max_hp_loss":0,"event_name":"betterThird:BetterSerpent","floor":4,"gold_loss":0},{"damage_healed":0,"gold_gain":0,"player_choice":"Box","damage_taken":0,"relics_obtained":["Lantern"],"max_hp_gain":0,"max_hp_loss":0,"event_name":"Big Fish","floor":5,"gold_loss":0,"cards_obtained":["Regret"]},{"damage_healed":0,"gold_gain":75,"player_choice":"Gold","damage_taken":11,"max_hp_gain":0,"max_hp_loss":0,"event_name":"betterThird:BetterGoop","floor":8,"gold_loss":0},{"damage_healed":0,"gold_gain":0,"player_choice":"Ignored","damage_taken":0,"max_hp_gain":0,"max_hp_loss":0,"event_name":"Ghosts","floor":19,"gold_loss":0},{"damage_healed":0,"gold_gain":0,"player_choice":"Fought Bandits","damage_taken":0,"max_hp_gain":0,"max_hp_loss":0,"event_name":"Masked Bandits","floor":20,"gold_loss":0}],"is_beta":false,"boss_relics":[{"not_picked":["Replay:Wanted Poster","Painkiller Herb"],"picked":"Philosopher\u0027s Stone"}],"items_purged_floors":[],"is_endless":false,"potions_floor_spawned":[1,3,12,14,18],"killed_by":"Masked Bandits","ascension_level":2}}