{"host":"1cmq7b0pfn5kc3i5","time":1608344962,"event":{"mods":["AchievementEnabler","Aspiration","Bard","BaseMod","Beaked The Cultist","Better Altar","Better Match","Better Note","Better Sensory Stone","Better Skull","Better Third Choice","BetterRewards","CCEM","Clawfect","Colored Map","Conspire","Downfall","GifTheSpireLib","Halation","Hermit","Highlight Path","Hubris","Hunter ??","Infinite Spire","Jedi Mod","Jorbs\u0027s Wanderer Trilogy","Mad Scientist","Marisa????????","Mimic Mod","Minty Spire (QoL Compilation)","Permanent Neow","Replay The Spire","Shade Mod","Shop Mod","Spicy Shops","StSLib","Stuff the Spire","The Administrix","The Blackbeard","The Bug Knight","The Construct","The Cursed","The Disciple","The Gatherer","The Hierophant","The Jungle","The Mystic","The Necromancer","The Problem Sleuth","The Runesmith","The Servant 0.9.4","The Spell Scribe","The Witch","Unceasing Turn Reminder","everything is the same but u backflip on backflip","slay the spire mod where everything is the same but ironclad has a cowboy hat"],"gold_per_floor":[118,29,42,42,42,42,53,53,102,102,122,147,147,162,162,257,257,271,271,271,196,196,196,211,211,247,247,276,23,23,23],"floor_reached":30,"playtime":3018,"items_purged":[],"score":234,"play_id":"e48c2ece-c1e9-486c-9c63-b46aae9328bd","local_time":"20201218212922","is_ascension_mode":false,"campfire_choices":[{"data":"Outmaneuver","floor":6,"key":"SMITH"},{"data":"Footwork","floor":8,"key":"SMITH"},{"floor":15,"key":"REST"},{"data":"Malaise","floor":23,"key":"SMITH"},{"floor":25,"key":"REST"},{"floor":27,"key":"REST"}],"circlet_count":0,"master_deck":["Strike_G","Strike_G","Strike_G","Strike_G","Strike_G","Defend_G","Defend_G+1","Defend_G","Defend_G","Defend_G","Survivor","Neutralize","WreathOfFlame","Hidden Blade","Footwork+1","Outmaneuver+1","Crescendo+1","Replay:Poison Smokescreen","Leg Sweep","Blade Dance+1","Malaise+1","conspire:PoisonWeapons+1","Pain","StuffTheSpire:BumpUp","StuffTheSpire:BrimstoneBlast+1","Poisoned Stab","Endless Agony","ReplayTheSpireMod:Scrap Shanks"],"relics":["Ring of the Snake","aspiration:Nostalgia","Replay:M_SmolderingBlood","StuffTheSpire:RedRose","War Paint","aspiration:TomeofQuesting","SlaversCollar","WarpedTongs","CCEMRelics:Barrel","halation:Komachan"],"acts_visited":["Exordium","TheCity"],"potions_floor_usage":[11,11,28,30],"damage_taken":[{"damage":2,"enemies":"conspire:RoseBush","floor":1,"turns":4},{"damage":0,"enemies":"2 Louse","floor":3,"turns":4},{"damage":6,"enemies":"infinitespire:Voidling","floor":7,"turns":6},{"damage":42,"enemies":"2 Fungi Beasts","floor":11,"turns":11},{"damage":9,"enemies":"Exordium Thugs","floor":14,"turns":6},{"damage":7,"enemies":"The Guardian","floor":16,"turns":11},{"damage":8,"enemies":"Spheric Guardian","floor":18,"turns":9},{"damage":8,"enemies":"Shell Parasite","floor":24,"turns":6},{"damage":20,"enemies":"3 Cultists","floor":26,"turns":9},{"damage":26,"enemies":"conspire:SneckoGhost","floor":28,"turns":8},{"damage":56,"enemies":"3 Cultists","floor":30,"turns":5}],"seed_played":"-1267389806713925488","potions_obtained":[{"floor":3,"key":"Adrenaline Potion"},{"floor":10,"key":"Flashbang"},{"floor":10,"key":"SmokeBomb"},{"floor":11,"key":"GamblersBrew"},{"floor":16,"key":"Block Potion"}],"is_trial":false,"path_per_floor":["M","$","M","?","?","R","M","R","T","?","M","T","?","M","R","B",null,"M","AVR","?","?","?","R","M","R","MIM","R","E","$","M"],"character_chosen":"THE_SILENT","items_purchased":["Hidden Blade","Footwork","Poisoned Stab","Endless Agony","halation:Komachan","ReplayTheSpireMod:Scrap Shanks"],"campfire_rested":3,"item_purchase_floors":[2,2,29,29,29,29],"current_hp_per_floor":[68,68,68,68,68,68,62,62,62,62,20,20,20,11,32,25,70,62,62,62,62,62,62,54,70,50,70,44,44,0,0],"gold":23,"neow_bonus":"NOSTALGIA","is_daily":false,"chose_seed":false,"campfire_upgraded":3,"win_rate":0.0,"timestamp":1608344962,"path_taken":["M","$","M","?","?","R","?","R","T","?","?","?","?","M","R","BOSS","M","AVR","?","?","?","R","?","R","MIM","R","E","$","M"],"items_purchased_type":["Card","Card","Card","Card","Relic","Card"],"build_version":"2020-12-13","purchased_purges":0,"victory":false,"max_hp_per_floor":[70,70,70,70,70,70,70,70,70,70,70,70,70,70,70,70,70,70,70,70,70,70,70,70,70,70,70,70,70,70,70],"card_choices":[{"not_picked":["Underhanded Strike","Clash"],"picked":"WreathOfFlame","floor":1},{"not_picked":["Backflip","StuffTheSpire:ReptileScales"],"picked":"Outmaneuver","floor":3},{"not_picked":["Slice","Flying Knee"],"picked":"Crescendo","floor":7},{"not_picked":["Slice","StuffTheSpire:FinalStruggle"],"picked":"Replay:Poison Smokescreen","floor":11},{"not_picked":["Sucker Punch","Uppercut"],"picked":"Blade Dance","floor":14},{"not_picked":["Die Die Die","Reaper"],"picked":"Malaise","floor":16},{"not_picked":["Blade Dance","StuffTheSpire:Incantation"],"picked":"conspire:PoisonWeapons+1","floor":18},{"not_picked":["ReplayTheSpireMod:Tripwire","Outmaneuver+1"],"picked":"StuffTheSpire:BumpUp","floor":24},{"not_picked":["Slice","Bane"],"picked":"StuffTheSpire:BrimstoneBlast+1","floor":26},{"not_picked":["StuffTheSpire:Incursion","StuffTheSpire:Python","ReplayTheSpireMod:Speed Training"],"picked":"SKIP","floor":28}],"player_experience":19364,"relics_obtained":[{"floor":9,"key":"War Paint"},{"floor":12,"key":"aspiration:TomeofQuesting"},{"floor":28,"key":"CCEMRelics:Barrel"}],"event_choices":[{"cards_removed":["Regret"],"damage_healed":0,"gold_gain":0,"player_choice":"Purged","damage_taken":0,"max_hp_gain":0,"max_hp_loss":0,"event_name":"Purifier","floor":5,"gold_loss":0},{"damage_healed":0,"gold_gain":0,"player_choice":"Got Potions","damage_taken":0,"max_hp_gain":0,"max_hp_loss":0,"event_name":"Lab","floor":10,"gold_loss":0},{"damage_healed":0,"gold_gain":0,"player_choice":"Rummage","damage_taken":0,"relics_obtained":["WarpedTongs"],"max_hp_gain":0,"max_hp_loss":0,"event_name":"Accursed Blacksmith","floor":20,"gold_loss":0,"cards_obtained":["Pain"]},{"damage_healed":0,"gold_gain":0,"player_choice":"3","damage_taken":0,"max_hp_gain":0,"max_hp_loss":0,"event_name":"betterMatch:BetterMatch","floor":21,"gold_loss":0,"cards_obtained":[]},{"damage_healed":0,"gold_gain":0,"player_choice":"Upgraded","damage_taken":0,"max_hp_gain":0,"max_hp_loss":0,"event_name":"Upgrade Shrine","floor":22,"gold_loss":0,"cards_upgraded":["Blade Dance"]}],"is_beta":false,"boss_relics":[{"not_picked":["hubris:HollowSoul","halation:Prosthetics"],"picked":"SlaversCollar"}],"items_purged_floors":[],"is_endless":false,"potions_floor_spawned":[3,11,16,18,24],"killed_by":"3 Cultists","ascension_level":0}}