{"host":"8e3sp1tozjyrh64l","time":1608409860,"event":{"mods":["BaseMod","Better Altar","Better Match","Better Sensory Stone","Better Silent Start","Better Skull","Better Third Choice","BetterRewards","Defuse TimeMaze Blight","Infinite Spire","Minty Spire (QoL Compilation)","Permanent Neow","Rare Cards Sparkle","Relic Sorter","Shop Mod","Spicy Shops","StSLib","SuperFastMode"],"gold_per_floor":[119,52,327,338,338,338,357,388,412,412,446,476,514,541,553,663,675,677,90,103,103,117,145,145,145,145,145,164,164,188,206,206,206,206],"floor_reached":33,"playtime":887,"items_purged":["Normality"],"score":377,"play_id":"de69f301-e56d-4534-b795-84750018e63e","local_time":"20201219133100","is_ascension_mode":true,"campfire_choices":[{"data":"Neutralize","floor":6,"key":"SMITH"},{"data":"Caltrops","floor":10,"key":"SMITH"},{"data":"Caltrops","floor":15,"key":"SMITH"},{"data":"Cloak And Dagger","floor":24,"key":"SMITH"},{"data":"Cloak And Dagger","floor":27,"key":"SMITH"},{"floor":32,"key":"REST"}],"circlet_count":0,"master_deck":["Strike_G","Strike_G","Strike_G","Strike_G","Defend_G","Defend_G","Defend_G","Defend_G","Survivor","Neutralize+1","Caltrops+1","Dagger Spray","Caltrops+1","Regret","Cloak And Dagger+1","Adrenaline","Phantasmal Killer","Panache+1","Caltrops+1","Cloak And Dagger+1","Backstab"],"relics":["Ring of the Snake","Paper Crane","MerchantsRug","Happy Flower","infinitespire:Lucky Rock","Frozen Egg 2","Tiny Chest","Ginger","Ornamental Fan","Incense Burner","Blood Vial"],"acts_visited":["Exordium","TheCity"],"potions_floor_usage":[8,11,13,16,16,23,31],"damage_taken":[{"damage":0,"enemies":"Cultist","floor":1,"turns":4},{"damage":1,"enemies":"Small Slimes","floor":4,"turns":3},{"damage":6,"enemies":"Jaw Worm","floor":7,"turns":4},{"damage":22,"enemies":"Lagavulin","floor":8,"turns":7},{"damage":6,"enemies":"Gremlin Nob","floor":11,"turns":4},{"damage":10,"enemies":"Exordium Thugs","floor":12,"turns":5},{"damage":22,"enemies":"Lagavulin","floor":13,"turns":8},{"damage":4,"enemies":"Large Slime","floor":14,"turns":5},{"damage":2,"enemies":"Hexaghost","floor":16,"turns":8},{"damage":4,"enemies":"2 Thieves","floor":18,"turns":4},{"damage":11,"enemies":"Chosen","floor":20,"turns":4},{"damage":10,"enemies":"Centurion and Healer","floor":22,"turns":6},{"damage":26,"enemies":"Nightmare","floor":23,"turns":7},{"damage":22,"enemies":"Snake Plant","floor":28,"turns":4},{"damage":6,"enemies":"Cultist and Chosen","floor":31,"turns":5},{"damage":37,"enemies":"Champ","floor":33,"turns":8}],"seed_played":"-3893212203022973916","potions_obtained":[{"floor":7,"key":"PowerPotion"},{"floor":8,"key":"BlessingOfTheForge"},{"floor":12,"key":"Strength Potion"},{"floor":13,"key":"Dexterity Potion"},{"floor":18,"key":"CunningPotion"},{"floor":22,"key":"FearPotion"},{"floor":28,"key":"LiquidMemories"}],"is_trial":false,"path_per_floor":["M","$","?","M","?","R","M","E","T","R","E","M","E","M","R","B",null,"M","$","M","?","M","NM","R","?","T","R","M","T","T","M","R","B"],"character_chosen":"THE_SILENT","items_purchased":["Lee\u0027s Waffle","Paper Crane","Caltrops","MerchantsRug","Regen Potion","Caltrops","Frozen Egg 2","Tiny Chest","Panache+1","Caltrops+1","Ginger","Cloak And Dagger"],"campfire_rested":1,"item_purchase_floors":[0,0,0,0,0,2,19,19,19,19,19,19],"current_hp_per_floor":[77,77,77,76,81,81,75,53,53,53,47,37,30,26,26,24,82,78,78,67,67,57,31,31,31,31,31,9,9,9,5,29,0,0],"gold":206,"neow_bonus":"","is_daily":false,"chose_seed":false,"campfire_upgraded":5,"win_rate":0.0,"timestamp":1608409860,"path_taken":["M","?","?","?","?","R","M","E","T","R","E","M","E","M","R","BOSS","M","$","M","?","M","NM","R","?","T","R","M","?","?","M","R","BOSS"],"items_purchased_type":["Relic","Relic","Card","Relic","Potion","Card","Relic","Relic","Card","Card","Relic","Card"],"build_version":"2020-12-13","purchased_purges":1,"victory":false,"max_hp_per_floor":[77,77,77,77,82,82,82,82,82,82,82,82,82,82,82,82,82,82,82,82,82,82,82,82,82,82,82,82,82,82,82,82,82,82],"card_choices":[{"not_picked":["Quick Slash","Prepared"],"picked":"Dagger Spray","floor":1},{"not_picked":["Backflip","Catalyst"],"picked":"Cloak And Dagger","floor":4},{"not_picked":["PiercingWail","Prepared","Outmaneuver"],"picked":"SKIP","floor":7},{"not_picked":["Quick Slash","Prepared","Dagger Spray"],"picked":"SKIP","floor":8},{"not_picked":["Dash","Underhanded Strike"],"picked":"Adrenaline","floor":11},{"not_picked":["Dash","Skewer","Bane"],"picked":"SKIP","floor":12},{"not_picked":["Flechettes","Acrobatics","Quick Slash"],"picked":"SKIP","floor":13},{"not_picked":["Backflip","Reflex","Dagger Throw"],"picked":"SKIP","floor":14},{"not_picked":["Grand Finale","Tools of the Trade"],"picked":"Phantasmal Killer","floor":16},{"not_picked":["Slice","Eviscerate","Well Laid Plans"],"picked":"SKIP","floor":18},{"not_picked":["Poisoned Stab","Deadly Poison+1"],"picked":"Backstab","floor":20},{"not_picked":["Dagger Spray","Cloak And Dagger","Dagger Throw"],"picked":"SKIP","floor":22},{"not_picked":["Dodge and Roll","Bane","Distraction"],"picked":"SKIP","floor":23},{"not_picked":["PiercingWail+1","Deflect","Dagger Throw"],"picked":"SKIP","floor":28},{"not_picked":["Flying Knee","Flechettes+1","Cloak And Dagger"],"picked":"SKIP","floor":31}],"player_experience":887803,"relics_obtained":[{"floor":8,"key":"Happy Flower"},{"floor":11,"key":"MawBank"},{"floor":13,"key":"infinitespire:Lucky Rock"},{"floor":23,"key":"Ornamental Fan"},{"floor":26,"key":"Incense Burner"},{"floor":30,"key":"Blood Vial"}],"event_choices":[{"damage_healed":0,"gold_gain":275,"player_choice":"Desecrate","damage_taken":0,"max_hp_gain":0,"max_hp_loss":0,"event_name":"Golden Shrine","floor":3,"gold_loss":0,"cards_obtained":["Regret"]},{"damage_healed":0,"gold_gain":0,"player_choice":"Donut","damage_taken":0,"max_hp_gain":5,"max_hp_loss":0,"event_name":"Big Fish","floor":5,"gold_loss":0},{"damage_healed":0,"gold_gain":0,"player_choice":"Ignored","damage_taken":0,"max_hp_gain":0,"max_hp_loss":0,"event_name":"Ghosts","floor":21,"gold_loss":0},{"damage_healed":0,"gold_gain":2,"player_choice":"1","damage_taken":0,"max_hp_gain":0,"max_hp_loss":0,"event_name":"betterStone:BetterStone","floor":25,"gold_loss":0}],"is_beta":false,"boss_relics":[{"not_picked":["Snecko Eye","Calling Bell"],"picked":"Coffee Dripper"}],"items_purged_floors":[0],"is_endless":true,"potions_floor_spawned":[7,8,12,13,18,22,28],"killed_by":"Champ","ascension_level":1}}