{"host":"qc8h4lvnd2c314ki","time":1608373370,"event":{"mods":["AchievementEnabler","Act Like it!","Ascension Reborn","Aspiration","BaseMod","Better Note","Better Third Choice","Friendly Minions","GifTheSpireLib","Highlight Path","Mimic Mod","Minty Spire (QoL Compilation)","Random Character Button","Robot Space Explorer","Spicy Shops","StSLib"],"gold_per_floor":[116,116,136,75,95,95,110,127,197,216,248,264,276,306,306,404,404,417,342,342,342,355,355,382,382,382,400,414,414,430,132,132,231,231,243,255,255,155,155,155,155,165,191,191,202,213,213,227,227,227,227,227,4,30,30],"floor_reached":56,"playtime":5169,"items_purged":["RobotSpaceExplorer:Strike","RobotSpaceExplorer:Scan"],"score":1133,"play_id":"fb0570df-352a-4924-9019-0b0979901744","local_time":"20201219182250","is_ascension_mode":true,"campfire_choices":[{"floor":6.0,"key":"RECALL"},{"floor":15.0,"key":"REST"},{"data":"RobotSpaceExplorer:Accelerator","floor":23.0,"key":"SMITH"},{"data":"RobotSpaceExplorer:ShockMissile","floor":25.0,"key":"SMITH"},{"data":"RobotSpaceExplorer:DualCore","floor":29.0,"key":"SMITH"},{"data":"RobotSpaceExplorer:FreezeRay","floor":32.0,"key":"SMITH"},{"data":"RobotSpaceExplorer:Discharger","floor":40,"key":"SMITH"},{"data":"Riddle With Holes","floor":44,"key":"SMITH"},{"floor":49,"key":"REST"},{"data":"RobotSpaceExplorer:IronShell","floor":52,"key":"SMITH"}],"circlet_count":0,"master_deck":["RobotSpaceExplorer:MiniDrones","Poisoned Stab","Riddle With Holes+1","Doppelganger","RobotSpaceExplorer:Smokescreen","RobotSpaceExplorer:FreezeRay+1","RobotSpaceExplorer:Jetpack+1","RobotSpaceExplorer:ShockMissile+1","RobotSpaceExplorer:SurgingShield","RobotSpaceExplorer:DualCore+1","RobotSpaceExplorer:IronShell+1","RobotSpaceExplorer:Accelerator+1","RobotSpaceExplorer:Autoloader+1","RobotSpaceExplorer:FranticSearch+1","RobotSpaceExplorer:JunkDive+1","RobotSpaceExplorer:MetalStrike+1","Apotheosis+1","RobotSpaceExplorer:DoubleFind+1","RobotSpaceExplorer:Electropulse","RobotSpaceExplorer:ToxicBomb+1","RobotSpaceExplorer:Discharger+1","RobotSpaceExplorer:SwiftStep+1","Blind","Madness","Madness","RobotSpaceExplorer:PowerCollector+1","RobotSpaceExplorer:SwiftStep+1","Prostrate"],"relics":["RobotSpaceExplorer:RoboCore","aspiration:VileToxins","Pocketwatch","Akabeko","Astrolabe","Lizard Tail","Pear","aspiration:HatOfInfinitePower","War Paint","aspiration:WatcherSkillbook","Centennial Puzzle","Chemical X","Bronze Scales","Bottled Tornado"],"acts_visited":["Exordium","TheCity","TheBeyond","TheEnding"],"potions_floor_usage":[50,50,50,55],"damage_taken":[{"damage":0.0,"enemies":"Small Slimes","floor":1.0,"turns":4.0},{"damage":0.0,"enemies":"Jaw Worm","floor":3.0,"turns":4.0},{"damage":0.0,"enemies":"Cultist","floor":5.0,"turns":3.0},{"damage":7.0,"enemies":"Blue Slaver","floor":7.0,"turns":3.0},{"damage":6.0,"enemies":"Large Slime","floor":8.0,"turns":4.0},{"damage":0.0,"enemies":"2 Fungi Beasts","floor":10.0,"turns":4.0},{"damage":3.0,"enemies":"Lagavulin","floor":11.0,"turns":5.0},{"damage":20.0,"enemies":"Gremlin Gang","floor":12.0,"turns":4.0},{"damage":0.0,"enemies":"Red Slaver","floor":13.0,"turns":3.0},{"damage":10.0,"enemies":"3 Sentries","floor":14.0,"turns":10.0},{"damage":8.0,"enemies":"Slime Boss","floor":16.0,"turns":8.0},{"damage":22.0,"enemies":"2 Thieves","floor":18.0,"turns":4.0},{"damage":0.0,"enemies":"Chosen","floor":22.0,"turns":3.0},{"damage":8.0,"enemies":"Gremlin Leader","floor":24.0,"turns":7.0},{"damage":2.0,"enemies":"Centurion and Healer","floor":27.0,"turns":7.0},{"damage":4.0,"enemies":"Snake Plant","floor":28.0,"turns":4.0},{"damage":1.0,"enemies":"Snecko","floor":30.0,"turns":6.0},{"damage":15.0,"enemies":"Champ","floor":33.0,"turns":6.0},{"damage":4.0,"enemies":"3 Darklings","floor":35.0,"turns":5.0},{"damage":0.0,"enemies":"Orb Walker","floor":36.0,"turns":3.0},{"damage":0,"enemies":"Jaw Worm Horde","floor":42,"turns":4},{"damage":15,"enemies":"Sphere and 2 Shapes","floor":45,"turns":6},{"damage":0,"enemies":"Maw","floor":46,"turns":8},{"damage":5,"enemies":"4 Shapes","floor":48,"turns":3},{"damage":68,"enemies":"Awakened One","floor":50,"turns":15},{"damage":21,"enemies":"Shield and Spear","floor":54,"turns":4},{"damage":65,"enemies":"The Heart","floor":55,"turns":9}],"seed_played":"7026890254086786375","potions_obtained":[{"floor":5.0,"key":"ColorlessPotion"},{"floor":7.0,"key":"CultistPotion"},{"floor":10.0,"key":"SteroidPotion"},{"floor":16.0,"key":"Block Potion"},{"floor":54,"key":"GamblersBrew"}],"is_trial":false,"path_per_floor":["M","?","M","?","M","R","M","M","T","M","E","M","M","E","R","B",null,"M","$","?","?","M","R","E","R","T","M","M","R","M","$","R","B",null,"M","M","?","$","?","R","?","M","T","R","M","M","?","M","R","B",null,"R","$","E","B",null],"character_chosen":"RobotSpaceExplorer","items_purchased":["aspiration:HatOfInfinitePower","War Paint","Chemical X","Bronze Scales"],"campfire_rested":2,"item_purchase_floors":[31,31,53,53],"current_hp_per_floor":[82,82,82,82,82,82,75,69,69,69,66,46,46,36,60,52,82,60,60,60,60,60,60,52,52,62,60,56,56,55,55,55,40,92,88,88,88,88,88,88,76,76,76,76,61,61,61,56,83,15,92,92,92,71,6],"gold":30,"neow_bonus":"TEN_PERCENT_HP_BONUS","is_daily":false,"chose_seed":false,"campfire_upgraded":7,"win_rate":0.0,"timestamp":1608373370,"path_taken":["M","?","M","?","M","R","M","?","T","M","E","M","M","E","R","BOSS","M","$","?","?","?","R","E","R","T","M","M","R","M","$","R","BOSS","M","M","?","$","?","R","?","M","T","R","M","M","?","?","R","BOSS","R","$","E","BOSS"],"items_purchased_type":["Relic","Relic","Relic","Relic"],"build_version":"2020-12-13","purchased_purges":2,"victory":true,"max_hp_per_floor":[82,82,82,82,82,82,82,82,82,82,82,82,82,82,82,82,82,82,82,82,82,82,82,82,82,92,92,92,92,92,92,92,92,92,92,92,92,92,92,92,92,92,92,92,92,92,92,92,92,92,92,92,92,92,92],"card_choices":[{"not_picked":["RobotSpaceExplorer:SurgingStrike","RobotSpaceExplorer:Calculate"],"picked":"RobotSpaceExplorer:MiniDrones","floor":1.0},{"not_picked":["RobotSpaceExplorer:MetalStrike","RobotSpaceExplorer:MiniDrones"],"picked":"RobotSpaceExplorer:Smokescreen","floor":3.0},{"not_picked":["RobotSpaceExplorer:Ammunition","RobotSpaceExplorer:Pulsar"],"picked":"RobotSpaceExplorer:FreezeRay","floor":5.0},{"not_picked":["RobotSpaceExplorer:RigExplosive","RobotSpaceExplorer:FreezeRay","RobotSpaceExplorer:Counterblock"],"picked":"SKIP","floor":7.0},{"not_picked":["RobotSpaceExplorer:StarDust","RobotSpaceExplorer:Blitz"],"picked":"RobotSpaceExplorer:Jetpack","floor":8.0},{"not_picked":["RobotSpaceExplorer:RigExplosive","RobotSpaceExplorer:LaserBurst"],"picked":"RobotSpaceExplorer:ShockMissile","floor":10.0},{"not_picked":["RobotSpaceExplorer:Exploration","RobotSpaceExplorer:FranticSearch","RobotSpaceExplorer:MiniDrones"],"picked":"SKIP","floor":11.0},{"not_picked":["RobotSpaceExplorer:ScrapMissile","RobotSpaceExplorer:MiniDrones"],"picked":"RobotSpaceExplorer:SurgingShield","floor":12.0},{"not_picked":["RobotSpaceExplorer:SurgingStrike","RobotSpaceExplorer:Ammunition"],"picked":"RobotSpaceExplorer:DualCore","floor":13.0},{"not_picked":["RobotSpaceExplorer:GearShield","RobotSpaceExplorer:FrostMissile"],"picked":"RobotSpaceExplorer:IronShell","floor":14.0},{"not_picked":["RobotSpaceExplorer:BlastShield","RobotSpaceExplorer:Wormhole"],"picked":"RobotSpaceExplorer:Accelerator","floor":16.0},{"not_picked":["RobotSpaceExplorer:Jetpack","RobotSpaceExplorer:MakeshiftVolley"],"picked":"RobotSpaceExplorer:MetalStrike+1","floor":18.0},{"not_picked":["RobotSpaceExplorer:SlimeMissile+1","RobotSpaceExplorer:SurgingStrike","RobotSpaceExplorer:GlueShot"],"picked":"SKIP","floor":22.0},{"not_picked":["RobotSpaceExplorer:SurgingShield","RobotSpaceExplorer:Explosion","RobotSpaceExplorer:SurgingStrike"],"picked":"SKIP","floor":24.0},{"not_picked":["RobotSpaceExplorer:Electroshield","RobotSpaceExplorer:Pulsar"],"picked":"RobotSpaceExplorer:DoubleFind+1","floor":27.0},{"not_picked":["RobotSpaceExplorer:ShockKick","RobotSpaceExplorer:Probe+1"],"picked":"RobotSpaceExplorer:Electropulse","floor":28.0},{"not_picked":["RobotSpaceExplorer:Jetpack","RobotSpaceExplorer:PowerGlove"],"picked":"RobotSpaceExplorer:ToxicBomb","floor":30.0},{"not_picked":["BowlingBash","FollowUp","Halt+1"],"picked":"RobotSpaceExplorer:Discharger","floor":35.0},{"not_picked":["RobotSpaceExplorer:ShockKick+1","RobotSpaceExplorer:Accelerator","RobotSpaceExplorer:ScrapMissile"],"picked":"RobotSpaceExplorer:SwiftStep+1","floor":36.0},{"not_picked":["Discovery","Jack Of All Trades","Mind Blast"],"picked":"Blind","floor":37},{"not_picked":["RobotSpaceExplorer:ImprovisedAttack","CutThroughFate+1","RobotSpaceExplorer:Discharger","RobotSpaceExplorer:Probe"],"picked":"SKIP","floor":42},{"not_picked":["CrushJoints+1","FlyingSleeves","RobotSpaceExplorer:ShockKick+1"],"picked":"RobotSpaceExplorer:PowerCollector+1","floor":45},{"not_picked":["LikeWater+1","RobotSpaceExplorer:StunGrenade+1","FlurryOfBlows","RobotSpaceExplorer:PlasmaMissile"],"picked":"SKIP","floor":46},{"not_picked":["RobotSpaceExplorer:PowerGlove","RobotSpaceExplorer:ScrapMissile+1","RobotSpaceExplorer:MiniDrones","RobotSpaceExplorer:MetalStrike"],"picked":"SKIP","floor":48},{"not_picked":["RobotSpaceExplorer:GlueSpray","Consecrate+1","JustLucky"],"picked":"Prostrate","floor":54}],"player_experience":473011,"relics_obtained":[{"floor":11.0,"key":"Pocketwatch"},{"floor":14.0,"key":"Akabeko"},{"floor":24.0,"key":"Lizard Tail"},{"floor":26.0,"key":"Pear"},{"floor":43,"key":"Centennial Puzzle"},{"floor":54,"key":"Bottled Tornado"}],"event_choices":[{"damage_healed":0.0,"max_hp_gain":0.0,"max_hp_loss":0.0,"gold_gain":0.0,"event_name":"WeMeetAgain","player_choice":"Paid Gold","floor":4.0,"gold_loss":61.0,"damage_taken":0.0,"relics_obtained":["aspiration:VileToxins"]},{"cards_removed":["RobotSpaceExplorer:Defend"],"damage_healed":0.0,"max_hp_gain":0.0,"max_hp_loss":0.0,"gold_gain":0.0,"event_name":"Purifier","player_choice":"Purged","floor":20.0,"gold_loss":0.0,"damage_taken":0.0},{"cards_removed":["RobotSpaceExplorer:Autoloader"],"damage_healed":0.0,"max_hp_gain":0.0,"max_hp_loss":0.0,"gold_gain":0.0,"event_name":"betterNote:BetterNote","player_choice":"Take \u0026 Give","floor":21.0,"gold_loss":0.0,"damage_taken":0.0,"cards_obtained":["Apotheosis"]},{"damage_healed":0,"gold_gain":0,"player_choice":"Memory 1","damage_taken":0,"max_hp_gain":0,"max_hp_loss":0,"event_name":"SensoryStone","floor":37,"gold_loss":0},{"cards_removed":["RobotSpaceExplorer:MiniLasers"],"damage_healed":0,"gold_gain":0,"player_choice":"Removed Attack","damage_taken":0,"max_hp_gain":0,"max_hp_loss":0,"event_name":"Falling","floor":39,"gold_loss":0},{"damage_healed":0,"gold_gain":0,"player_choice":"Embrace Madness","damage_taken":12,"max_hp_gain":0,"max_hp_loss":0,"event_name":"Winding Halls","floor":41,"gold_loss":0,"cards_obtained":["Madness","Madness"]},{"damage_healed":0,"gold_gain":0,"player_choice":"Copied","damage_taken":0,"max_hp_gain":0,"max_hp_loss":0,"event_name":"Duplicator","floor":47,"gold_loss":0,"cards_obtained":["RobotSpaceExplorer:SwiftStep"]}],"is_beta":false,"boss_relics":[{"not_picked":["Velvet Choker","aspiration:FutureDiary"],"picked":"Astrolabe"},{"not_picked":["aspiration:SecretTechniqueScroll","Fusion Hammer"],"picked":"aspiration:WatcherSkillbook"}],"items_purged_floors":[19,38],"is_endless":false,"potions_floor_spawned":[5,7,10,16,22,27,30,36,42,54],"ascension_level":0}}