{"host":"95i1gxnztdrdyvhi","time":1608356039,"event":{"mods":["AchievementEnabler","Act Like it!","BaseMod","Downfall","Minty Spire (QoL Compilation)","Quick Restart","StSLib"],"gold_per_floor":[99,115,131,157,157,176,199,10,10,43,54,67,84,102,119,119,119],"floor_reached":16,"playtime":1034,"items_purged":["champ:Strike"],"score":116,"play_id":"3acda8ec-4ef4-4e6c-bf85-3fd87946fbf7","local_time":"20201219053359","is_ascension_mode":false,"campfire_choices":[{"data":"champ:FocusedGladiator","floor":1,"key":"SMITH"},{"data":"champ:RisingSlash","floor":5,"key":"SMITH"},{"data":"champ:Haymaker","floor":9,"key":"SMITH"}],"circlet_count":0,"master_deck":["champ:Strike","champ:Strike","champ:Strike","champ:Defend","champ:Defend","champ:Defend","champ:Defend","champ:Execute","champ:Taunt","champ:FocusedGladiator+1","champ:RisingSlash+1","champ:Haymaker+1","champ:ViciousMockery","champ:BladeFlurry","champ:CrookedStrike"],"relics":["champ:ChampionCrown","Smiling Mask","hexamod:BolsterEngine","Mercury Hourglass"],"acts_visited":["Exordium"],"potions_floor_usage":[4,13,15,15],"damage_taken":[{"damage":5,"enemies":"Small Slimes","floor":2,"turns":4},{"damage":13,"enemies":"Jaw Worm","floor":3,"turns":4},{"damage":48,"enemies":"3 Sentries","floor":4,"turns":9},{"damage":5,"enemies":"Cultist","floor":6,"turns":4},{"damage":10,"enemies":"downfall:FleeingMerchant","floor":8,"turns":4},{"damage":26,"enemies":"Lagavulin","floor":10,"turns":5},{"damage":7,"enemies":"3 Louse","floor":11,"turns":3},{"damage":3,"enemies":"2 Fungi Beasts","floor":12,"turns":3},{"damage":8,"enemies":"Red Slaver","floor":13,"turns":2},{"damage":14,"enemies":"Exordium Thugs","floor":14,"turns":4},{"damage":1,"enemies":"Large Slime","floor":15,"turns":5},{"damage":9,"enemies":"downfall:Ironclad","floor":16,"turns":2}],"seed_played":"9014256979642483272","potions_obtained":[{"floor":2,"key":"champ:OpenerPotion"},{"floor":3,"key":"Dexterity Potion"},{"floor":10,"key":"Fire Potion"},{"floor":13,"key":"Fruit Juice"},{"floor":15,"key":"Fruit Juice"}],"is_trial":false,"path_per_floor":["R","M","M","E","R","M","T","$","R","E","M","M","M","M","M","B"],"character_chosen":"THE_CHAMP","items_purchased":["champ:ViciousMockery","champ:BladeFlurry"],"campfire_rested":0,"item_purchase_floors":[8,8],"current_hp_per_floor":[90,90,87,54,54,54,54,54,54,28,21,18,15,6,10,1,1],"gold":119,"neow_bonus":"THREE_CARDS","is_daily":false,"chose_seed":false,"campfire_upgraded":3,"win_rate":0.0,"timestamp":1608356039,"path_taken":["R","M","M","E","R","M","T","$","R","E","M","M","M","M","M","BOSS"],"items_purchased_type":["Card","Card"],"build_version":"2020-12-13","purchased_purges":1,"victory":false,"max_hp_per_floor":[90,90,90,90,90,90,90,90,90,90,90,90,95,95,100,100,100],"card_choices":[{"not_picked":["champ:Haymaker","champ:CrookedStrike"],"picked":"champ:FocusedGladiator","floor":0},{"not_picked":["champ:FanOfKnives","champ:Aggression","champ:BerserkersShout"],"picked":"SKIP","floor":2},{"not_picked":["champ:FanOfKnives","champ:BerserkerStyle","champ:Backstep"],"picked":"SKIP","floor":3},{"not_picked":["champ:Shatter","champ:BerserkerStyle"],"picked":"champ:RisingSlash","floor":4},{"not_picked":["champ:Shatter","champ:EndlessRage"],"picked":"champ:Haymaker","floor":6},{"not_picked":["champ:RageSigil","champ:Backstep","champ:GutPunch"],"picked":"SKIP","floor":8},{"not_picked":["champ:AdrenalArmor","champ:ShieldThrow","champ:Aggression"],"picked":"SKIP","floor":10},{"not_picked":["champ:GutPunch","champ:BladeFlurry","champ:HeartStrike"],"picked":"SKIP","floor":11},{"not_picked":["champ:TornadoPunch","champ:PerfectedStrike","champ:EnGarde"],"picked":"SKIP","floor":12},{"not_picked":["champ:StanceDance","champ:BringItOn"],"picked":"champ:CrookedStrike","floor":13},{"not_picked":["champ:Backstep","champ:CrookedStrike","champ:ShieldSigil"],"picked":"SKIP","floor":14},{"not_picked":["champ:BerserkersShout","champ:AdrenalArmor","champ:SkillfulDodge"],"picked":"SKIP","floor":15}],"player_experience":769543,"relics_obtained":[{"floor":4,"key":"Smiling Mask"},{"floor":7,"key":"hexamod:BolsterEngine"},{"floor":10,"key":"Mercury Hourglass"}],"event_choices":[],"is_beta":false,"boss_relics":[],"items_purged_floors":[8],"is_endless":false,"potions_floor_spawned":[2,3,10,13,15],"killed_by":"downfall:Ironclad","ascension_level":0}}