{"host":"21h5e52imz35vo8g","time":1608398103,"event":{"mods":["AchievementEnabler","BaseMod","Colored Map","Colored Powertips","Googly Eyes","Minty Spire (QoL Compilation)","Quick Restart","Rare Cards Sparkle","Replay The Spire","StSLib"],"gold_per_floor":[112,112,129,145,2,2,22,32,32,48,48,65,95,112,112,112,112],"floor_reached":16,"playtime":589,"items_purged":[],"score":138,"play_id":"0d04da69-399b-4125-ad2b-cd28859b7fc4","local_time":"20201220011503","is_ascension_mode":true,"campfire_choices":[{"data":"Double Tap","floor":6,"key":"SMITH"},{"floor":11,"key":"REST"},{"data":"Dark Embrace","floor":15,"key":"SMITH"}],"circlet_count":0,"master_deck":["Strike_R","Strike_R","Strike_R","Strike_R","Strike_R","Defend_R","Defend_R","Defend_R","Bash","Double Tap+1","Power Through","Dark Embrace+1"],"relics":["Burning Blood","NeowsBlessing","Medical Kit","Kunai","PreservedInsect"],"acts_visited":["Exordium"],"potions_floor_usage":[7,13,13,13,16],"damage_taken":[{"damage":0,"enemies":"Jaw Worm","floor":1,"turns":1},{"damage":0,"enemies":"Cultist","floor":3,"turns":1},{"damage":0,"enemies":"2 Louse","floor":4,"turns":1},{"damage":26,"enemies":"Lots of Slimes","floor":7,"turns":5},{"damage":16,"enemies":"2 Fungi Beasts","floor":8,"turns":3},{"damage":29,"enemies":"Exordium Thugs","floor":10,"turns":8},{"damage":6,"enemies":"Looter","floor":12,"turns":3},{"damage":10,"enemies":"Gremlin Nob","floor":13,"turns":3},{"damage":0,"enemies":"2 Fungi Beasts","floor":14,"turns":3},{"damage":61,"enemies":"Slime Boss","floor":16,"turns":9}],"seed_played":"1673099486825304947","potions_obtained":[{"floor":3,"key":"Energy Potion"},{"floor":4,"key":"Dexterity Potion"},{"floor":8,"key":"Strength Potion"},{"floor":12,"key":"SkillPotion"},{"floor":14,"key":"SteroidPotion"}],"is_trial":false,"path_per_floor":["M","?","M","M","$","R","M","M","T","M","R","M","E","M","R","B"],"character_chosen":"IRONCLAD","items_purchased":["Medical Kit"],"campfire_rested":1,"item_purchase_floors":[5],"current_hp_per_floor":[78,78,80,80,80,80,60,50,50,27,51,51,47,53,53,0,0],"gold":112,"neow_bonus":"THREE_ENEMY_KILL","is_daily":false,"chose_seed":false,"campfire_upgraded":2,"win_rate":0.0,"timestamp":1608398103,"path_taken":["M","?","?","M","$","R","M","M","T","M","R","M","E","M","R","BOSS"],"items_purchased_type":["Relic"],"build_version":"2020-12-13","purchased_purges":0,"victory":false,"max_hp_per_floor":[80,80,80,80,80,80,80,80,80,80,80,80,80,80,80,80,80],"card_choices":[{"not_picked":["Anger","Defy Death","Feel No Pain"],"picked":"SKIP","floor":1},{"not_picked":["Havoc","ReplayTheSpireMod:Strike From Hell"],"picked":"Double Tap","floor":3},{"not_picked":["Massacre","Warcry","Disarm"],"picked":"SKIP","floor":4},{"not_picked":["Clothesline","True Grit"],"picked":"Power Through","floor":7},{"not_picked":["Intimidate","Sword Boomerang","Warcry"],"picked":"SKIP","floor":8},{"not_picked":["Body Slam","Perfected Strike","Rage"],"picked":"SKIP","floor":10},{"not_picked":["Rage","Searing Blow"],"picked":"Dark Embrace","floor":12},{"not_picked":["Burning Pact","Clothesline","Searing Blow"],"picked":"SKIP","floor":13},{"not_picked":["Abandon","Shrug It Off","Second Wind"],"picked":"SKIP","floor":14}],"player_experience":287961,"relics_obtained":[{"floor":9,"key":"Kunai"},{"floor":13,"key":"PreservedInsect"}],"event_choices":[{"cards_removed":["Defend_R"],"damage_healed":0,"gold_gain":0,"player_choice":"Purged","damage_taken":0,"max_hp_gain":0,"max_hp_loss":0,"event_name":"Purifier","floor":2,"gold_loss":0}],"is_beta":false,"boss_relics":[],"items_purged_floors":[],"is_endless":false,"potions_floor_spawned":[3,4,8,12,14],"killed_by":"Slime Boss","ascension_level":6}}