{"host":"axuns55dzq466eei","time":1608379057,"event":{"mods":["BaseMod","Colored Map","Keyboard Shortcuts","Minty Spire (QoL Compilation)","StSLib","SuperFastMode"],"gold_per_floor":[361,36,46,46,46,46,77,77,103,147,177,189,221,249,261,273,273],"floor_reached":16,"playtime":380,"items_purged":["Strike_G"],"score":220,"play_id":"16122a78-27f3-4bcf-afc1-a6f8380c29ff","local_time":"20201219205737","is_ascension_mode":true,"campfire_choices":[{"floor":6.0,"key":"RECALL"},{"data":"Terror","floor":8.0,"key":"SMITH"},{"data":"Footwork","floor":12.0,"key":"SMITH"},{"data":"Reflex","floor":15,"key":"SMITH"}],"circlet_count":0,"master_deck":["AscendersBane","Strike_G","Strike_G","Strike_G","Strike_G","Defend_G","Defend_G","Defend_G","Defend_G","Defend_G","Survivor","Neutralize","Backflip","Blade Dance","Apotheosis+1","Terror+1","Footwork+1","Reflex+1"],"relics":["Ring of the Snake","Bronze Scales","MawBank","Happy Flower"],"acts_visited":["Exordium"],"potions_floor_usage":[16,16],"damage_taken":[{"damage":2.0,"enemies":"2 Louse","floor":1.0,"turns":4.0},{"damage":0.0,"enemies":"Cultist","floor":3.0,"turns":4.0},{"damage":25.0,"enemies":"3 Sentries","floor":7.0,"turns":9.0},{"damage":1.0,"enemies":"Lagavulin","floor":10.0,"turns":7.0},{"damage":0.0,"enemies":"Jaw Worm","floor":11.0,"turns":2.0},{"damage":9.0,"enemies":"Gremlin Gang","floor":13.0,"turns":4.0},{"damage":0,"enemies":"Large Slime","floor":14,"turns":7},{"damage":22,"enemies":"Slime Boss","floor":16,"turns":10}],"seed_played":"7804558670063370478","potions_obtained":[{"floor":7.0,"key":"Block Potion"},{"floor":10.0,"key":"CunningPotion"},{"floor":13.0,"key":"DistilledChaos"}],"is_trial":false,"path_per_floor":["M","$","M","?","$","R","E","R","T","E","M","R","M","M","R","B"],"character_chosen":"THE_SILENT","items_purchased":["Blade Dance","Apotheosis"],"campfire_rested":0,"item_purchase_floors":[2,2],"current_hp_per_floor":[57,57,57,57,57,57,32,32,32,31,31,31,22,22,22,0,0],"gold":273,"neow_bonus":"TWO_FIFTY_GOLD","is_daily":false,"chose_seed":false,"campfire_upgraded":3,"win_rate":0.0,"timestamp":1608379057,"path_taken":["M","$","M","?","$","R","E","R","T","E","?","R","M","M","R","BOSS"],"items_purchased_type":["Card","Card"],"build_version":"2020-12-13","purchased_purges":1,"victory":false,"max_hp_per_floor":[60,60,60,60,60,60,60,60,60,60,60,60,60,60,60,60,60],"card_choices":[{"not_picked":["Prepared","Outmaneuver"],"picked":"Backflip","floor":1.0},{"not_picked":["Choke","Bane","Flying Knee"],"picked":"SKIP","floor":3.0},{"not_picked":["Calculated Gamble","Acrobatics"],"picked":"Terror","floor":7.0},{"not_picked":["Cloak And Dagger","Tools of the Trade"],"picked":"Footwork","floor":10.0},{"not_picked":["Sucker Punch","Outmaneuver","PiercingWail"],"picked":"SKIP","floor":11.0},{"not_picked":["Sucker Punch","Catalyst","Skewer"],"picked":"SKIP","floor":13.0},{"not_picked":["Calculated Gamble","Prepared"],"picked":"Reflex","floor":14}],"player_experience":1038121,"relics_obtained":[{"floor":7.0,"key":"Bronze Scales"},{"floor":9.0,"key":"MawBank"},{"floor":10.0,"key":"Happy Flower"}],"event_choices":[{"damage_healed":0.0,"max_hp_gain":0.0,"max_hp_loss":0.0,"gold_gain":0.0,"event_name":"Accursed Blacksmith","player_choice":"Forge","floor":4.0,"gold_loss":0.0,"damage_taken":0.0,"cards_upgraded":["Apotheosis"]}],"is_beta":false,"boss_relics":[],"items_purged_floors":[2],"is_endless":false,"potions_floor_spawned":[7,10,13,14],"killed_by":"Slime Boss","ascension_level":20}}