{"host":"7z347kdhnquy3q4q","time":1608345505,"event":{"mods":["Act Like it!","Aspiration","BaseMod","Downfall","Hubris","Infinite Spire","Minty Spire (QoL Compilation)","Permanent Neow","Potionbrewer","Replay The Spire","Robot Space Explorer","StSLib","Wandering Minibosses","vexMod"],"gold_per_floor":[99,115,115,34,52,65,111,111,131,131,35,53,153,170,190,292,292,292,311,311,337,337,426,426,426,476,511,511,48,48,80,96,194,194,194,149,149,164,353,380,450,450,450,482,182,182,193,207,224,224],"floor_reached":51,"playtime":4989,"items_purged":["Slimebound:ComboTackle","Slimebound:Strike_Slimebound"],"score":999,"play_id":"39a31dc6-5418-4fbc-b5bc-a5c2e52adabf","local_time":"20201218203825","is_ascension_mode":true,"campfire_choices":[{"data":"Slimebound:Split","floor":1.0,"key":"SMITH"},{"data":"Slimebound:CorrosiveSpit","floor":8.0,"key":"SMITH"},{"data":"Slimebound:Equalize","floor":10.0,"key":"SMITH"},{"data":"Slimebound:SelfFormingGoo","floor":22.0,"key":"SMITH"},{"data":"Replay:SS_hec_1","floor":25.0,"key":"SMITH"},{"data":"ReplayTheSpireMod:Chaos Vortex","floor":35,"key":"SMITH"},{"data":"Slimebound:SlimeBarrage","floor":42,"key":"SMITH"}],"circlet_count":0,"master_deck":["Slimebound:Strike_Slimebound","Slimebound:Strike_Slimebound","Slimebound:Tackle","Slimebound:Defend_Slimebound","Slimebound:Defend_Slimebound","Slimebound:Defend_Slimebound","Slimebound:Defend_Slimebound","Slimebound:Split+1","Slimebound:CorrosiveSpit+1","Slimebound:WasteNot","Slimebound:Equalize+1","Slimebound:SpikyOuterGoop","Dark Shackles","Slimebound:SplitLeeching","Slimebound:SplitMire","Slimebound:SplitLeeching+1","Replay:SS_hec_1+1","Slimebound:LevelUp","Slimebound:Schlurp","Slimebound:RollThrough","Slimebound:SelfFormingGoo+1","Slimebound:SlimeBarrage+1","Slimebound:GoopSpray","Slimebound:LeadByExample","Slimebound:Equalize+1","Slimebound:OneTwoCombo+1","Slimebound:LeechEnergy","Slimebound:SplitBruiser","Slimebound:AcidTongue","ReplayTheSpireMod:Chaos Vortex+1","Slimebound:HauntingLick","Slimebound:RainOfGoop","Slimebound:RallyTheTroops+1","AbeCurse","Slimebound:TongueLash+1","Slimebound:GoopSpray","Replay:SS_fish_3","infinitespire:Punishment","Slimebound:SplitAcid+1","Slimebound:SlimeTap","Slimebound:ComboTackle+1","Slimebound:SamplingLick","Slimebound:LeechLife","Slimebound:SlimeBrawl","Dark Shackles+1","Slimebound:SlimeSlap","Slimebound:SplitBruiser","Slimebound:SlimeSpikes","Slimebound:SamplingLick+1"],"relics":["Slimebound:AbsorbEndCombat","Strawberry","infinitespire:Cupcake","downfall:KnowingSkull","hubris:CrystalStatue","vexMod:RedPlottingStone","Oddly Smooth Stone","Replay:Kaleidoscope","Medical Kit","Abe\u0027s Treasure","Mercury Hourglass","Blue Doll","vexMod:InvisibilityCloak","MealTicket","Guide Book","Turnip","Potion Belt","Bag of Marbles"],"acts_visited":["Exordium","TheCity","TheBeyond"],"potions_floor_usage":[40,44,47,48,48,48,50,50],"damage_taken":[{"damage":16.0,"enemies":"Jaw Worm","floor":2.0,"turns":5.0},{"damage":16.0,"enemies":"downfall:FleeingMerchant","floor":4.0,"turns":5.0},{"damage":10.0,"enemies":"Small Slimes","floor":5.0,"turns":4.0},{"damage":9.0,"enemies":"2 Louse","floor":6.0,"turns":2.0},{"damage":26.0,"enemies":"Red Slaver","floor":9.0,"turns":3.0},{"damage":15.0,"enemies":"downfall:FleeingMerchant","floor":11.0,"turns":4.0},{"damage":24.0,"enemies":"Exordium Wildlife","floor":12.0,"turns":3.0},{"damage":28.0,"enemies":"Lots of Slimes","floor":14.0,"turns":4.0},{"damage":30.0,"enemies":"3 Louse","floor":15.0,"turns":4.0},{"damage":69.0,"enemies":"downfall:Silent","floor":16.0,"turns":9.0},{"damage":31.0,"enemies":"Spheric Guardian","floor":19.0,"turns":4.0},{"damage":27.0,"enemies":"Replay:Snechameleon","floor":21.0,"turns":6.0},{"damage":32.0,"enemies":"Chosen","floor":23.0,"turns":5.0},{"damage":19.0,"enemies":"Snake Plant","floor":26.0,"turns":4.0},{"damage":74.0,"enemies":"Book of Stabbing","floor":27.0,"turns":6.0},{"damage":21.0,"enemies":"downfall:FleeingMerchant","floor":29.0,"turns":4.0},{"damage":30.0,"enemies":"Cultist and Chosen","floor":31.0,"turns":5.0},{"damage":22.0,"enemies":"Chosen and Byrds","floor":32.0,"turns":4.0},{"damage":72.0,"enemies":"downfall:Watcher","floor":33.0,"turns":8.0},{"damage":18,"enemies":"downfall:FleeingMerchant","floor":36,"turns":4},{"damage":10,"enemies":"3 Darklings","floor":38,"turns":5},{"damage":41,"enemies":"3 Shapes","floor":39,"turns":5},{"damage":13,"enemies":"Nemesis","floor":40,"turns":5},{"damage":75,"enemies":"Reptomancer","floor":44,"turns":6},{"damage":5,"enemies":"downfall:FleeingMerchant","floor":45,"turns":2},{"damage":12,"enemies":"Spire Growth","floor":47,"turns":3},{"damage":19,"enemies":"3 Darklings","floor":48,"turns":5},{"damage":4,"enemies":"4 Shapes","floor":49,"turns":4},{"damage":45,"enemies":"downfall:Ironclad","floor":50,"turns":6}],"seed_played":"7700834980909219578","potions_obtained":[{"floor":6.0,"key":"Energy Potion"},{"floor":9.0,"key":"Doom Potion"},{"floor":12.0,"key":"Guardian:BlockOnCardUsePotion"},{"floor":14.0,"key":"potionbrewer:DiscountPotion"},{"floor":16.0,"key":"Languid Potion"},{"floor":21.0,"key":"potionbrewer:CleansingPotion"},{"floor":23.0,"key":"potionbrewer:NoxiousPotion"},{"floor":31.0,"key":"potionbrewer:NoxiousPotion"},{"floor":33.0,"key":"Dexterity Potion"},{"floor":39,"key":"Swift Potion"},{"floor":47,"key":"potionbrewer:InfectionPotion"},{"floor":48,"key":"Ancient Potion"},{"floor":49,"key":"potionbrewer:StunPotion"}],"is_trial":false,"path_per_floor":["R","M","?","$","M","M","T","R","M","R","$","M","?","M","M","B",null,"R","M","?","E","R","M","T","R","M","E","?","$","AVR","M","M","B",null,"R","$","AVR","M","M","E","T","R","$","E","$","?","M","M","M","B",null],"character_chosen":"SLIMEBOUND","items_purchased":["Dark Shackles","Replay:SS_hec_1","Slimebound:LeechEnergy","Slimebound:SplitBruiser","Replay:Kaleidoscope","Slimebound:AcidTongue","Slimebound:GoopSpray","Replay:SS_fish_3","MealTicket","Guide Book","Slimebound:SlimeBrawl","Dark Shackles+1","Potion Belt","Bag of Marbles","Slimebound:SlimedPotion","potionbrewer:ToxicPotion","SkillPotion"],"campfire_rested":0,"item_purchase_floors":[4,11,29,29,29,29,36,36,43,43,45,45,45,45,45,45,45],"current_hp_per_floor":[60,60,60,56,60,57,64,64,58,58,67,67,67,63,57,50,63,67,54,48,57,57,66,66,66,67,25,77,77,77,77,77,48,70,70,73,73,68,73,77,77,77,52,13,47,47,55,74,74,49],"gold":224,"neow_bonus":"ONE_RANDOM_RARE_CARD","is_daily":false,"chose_seed":false,"campfire_upgraded":7,"win_rate":0.0,"timestamp":1608345505,"path_taken":["R","M","?","$","M","M","T","R","M","R","$","M","?","M","M","BOSS","R","M","?","E","R","M","T","R","?","E","?","$","AVR","M","M","BOSS","R","?","AVR","M","M","E","T","R","?","E","$","?","M","?","M","BOSS"],"items_purchased_type":["Card","Card","Card","Card","Relic","Card","Card","Card","Relic","Relic","Card","Card","Relic","Relic","Potion","Potion","Potion"],"build_version":"2020-12-13","purchased_purges":2,"victory":true,"max_hp_per_floor":[60,60,60,60,60,60,67,67,67,67,67,67,67,67,67,67,67,67,67,67,67,67,67,67,67,67,67,77,77,77,77,77,77,77,77,77,77,77,77,77,77,77,77,77,77,77,77,77,77,77],"card_choices":[{"not_picked":["Slimebound:SlimeSpikes","Slimebound:DisruptingSlam"],"picked":"Slimebound:Equalize","floor":2.0},{"not_picked":["Slimebound:GoopSpray","Slimebound:SplitAcid"],"picked":"Slimebound:SpikyOuterGoop","floor":4.0},{"not_picked":["Slimebound:ComboTackle","Slimebound:PressTheAttack"],"picked":"Slimebound:SplitLeeching","floor":5.0},{"not_picked":["Slimebound:SplitMire","Slimebound:ViciousTackle"],"picked":"Slimebound:ComboTackle","floor":6.0},{"not_picked":["Slimebound:BestDefense","Slimebound:PressTheAttack"],"picked":"Slimebound:SplitMire","floor":9.0},{"not_picked":["Slimebound:Chomp","Slimebound:BestDefense"],"picked":"Slimebound:SplitLeeching","floor":11.0},{"not_picked":["Slimebound:SplitLeeching","Slimebound:LeechingTouch"],"picked":"Slimebound:LevelUp","floor":12.0},{"not_picked":["Slimebound:HungryTackle","Slimebound:SplitAcid"],"picked":"Slimebound:Schlurp","floor":14.0},{"not_picked":["Slimebound:SplitMire","Slimebound:GoopSpray"],"picked":"Slimebound:RollThrough","floor":15.0},{"not_picked":["Slimebound:Overexert","Slimebound:WasteNot"],"picked":"Slimebound:SelfFormingGoo","floor":16.0},{"not_picked":["Slimebound:FinishingTackle","Slimebound:FlameTackle"],"picked":"Slimebound:SlimeBarrage","floor":19.0},{"not_picked":["Slimebound:SplitLeeching","Slimebound:Nibble"],"picked":"Slimebound:LeechLife","floor":21.0},{"not_picked":["Slimebound:Schlurp","Slimebound:PressTheAttack"],"picked":"Slimebound:GoopSpray","floor":23.0},{"not_picked":["Slimebound:ComboTackle","Slimebound:RollThrough"],"picked":"Slimebound:LeadByExample","floor":26.0},{"not_picked":["Slimebound:SlimeSpikes","Slimebound:Chomp"],"picked":"Slimebound:Equalize+1","floor":27.0},{"not_picked":["Slimebound:RollThrough","Slimebound:AcidTongue"],"picked":"Slimebound:OneTwoCombo","floor":29.0},{"not_picked":["Slimebound:Gluttony","Slimebound:Equalize"],"picked":"Slimebound:HauntingLick","floor":31.0},{"not_picked":["Slimebound:SamplingLick","Slimebound:LeechingTouch"],"picked":"Slimebound:RainOfGoop","floor":32.0},{"not_picked":["Slimebound:CheckThePlaybook","Slimebound:MassRepurpose"],"picked":"Slimebound:RallyTheTroops","floor":33.0},{"not_picked":["Slimebound:HauntingLick+1","Slimebound:SlimeSpikes"],"picked":"Slimebound:TongueLash+1","floor":36},{"not_picked":["Slimebound:RejuvenatingLick","Slimebound:RollThrough"],"picked":"Slimebound:SplitAcid+1","floor":38},{"not_picked":["Slimebound:SplitBruiser","Slimebound:FinishingTackle"],"picked":"Slimebound:SlimeTap","floor":39},{"not_picked":["Slimebound:LevelUp","Slimebound:RollThrough+1"],"picked":"Slimebound:ComboTackle+1","floor":40},{"not_picked":["Slimebound:ComboTackle+1","Slimebound:PressTheAttack"],"picked":"Slimebound:SamplingLick","floor":44},{"not_picked":["Slimebound:SlimeTap","Slimebound:DisruptingSlam"],"picked":"Slimebound:LeechLife","floor":45},{"not_picked":["Slimebound:FlameTackle","Slimebound:GrowthPunch+1"],"picked":"Slimebound:SplitBruiser","floor":47},{"not_picked":["Slimebound:LeechingTouch+1","Slimebound:DisruptingSlam"],"picked":"Slimebound:SlimeSpikes","floor":48},{"not_picked":["Slimebound:ViciousTackle+1","Slimebound:PressTheAttack+1"],"picked":"Slimebound:SamplingLick+1","floor":49}],"player_experience":1877265,"relics_obtained":[{"floor":7.0,"key":"Strawberry"},{"floor":21.0,"key":"hubris:CrystalStatue"},{"floor":24.0,"key":"vexMod:RedPlottingStone"},{"floor":27.0,"key":"Oddly Smooth Stone"},{"floor":40,"key":"Blue Doll"},{"floor":41,"key":"vexMod:InvisibilityCloak"},{"floor":44,"key":"Turnip"}],"event_choices":[{"cards_removed":["Slimebound:LeechLife"],"damage_healed":42.0,"max_hp_gain":10.0,"max_hp_loss":0.0,"gold_gain":0.0,"event_name":"Bonfire Elementals","player_choice":"Offered Rare","floor":28.0,"gold_loss":0.0,"damage_taken":0.0}],"is_beta":false,"boss_relics":[{"not_picked":["aspiration:SecretTechniqueScroll","vexMod:RockOfEvil"],"picked":"infinitespire:Cupcake"},{"not_picked":["Replay:Bronze Core","Snecko Eye"],"picked":"Abe\u0027s Treasure"}],"items_purged_floors":[43,45],"is_endless":false,"potions_floor_spawned":[6,9,12,14,16,21,23,31,32,33,39,47,48,49],"ascension_level":5}}