{"host":"k5j3culymg4irp71","time":1608355456,"event":{"mods":["2.2 Compatiblity","Act Like it!","Art Attack!","Aspiration","Astrologer","Bard","BaseMod","Bestiary","Better Match","BetterRewards","Block Reminder","CCEM","Colored Map","Colored Powertips","Conspire","Downfall","Emptier Cage","Energized Spire","GifTheSpireLib","Halation","Hallownest","Hermit","Hubris","Infinite Spire","Ironclad Rager","Minty Spire (QoL Compilation)","Pale of the Ancients","Quarter Circle Forward PUNCH!","Rare Cards Sparkle","Replay The Spire","Shade Mod","Shop Mod","Spikes Relics","StSLib","Stuff the Spire","The Animator","The Blackbeard","The Bladedancer","The Blue Laboratory","The Cursed","The Druid","The Forsaken","The Gatherer","The Hayseed","The Hierophant","The Juggle","The Runesmith","The Servant 0.9.4","TheArtist","Waifu the Spire","Wandering Minibosses","slay the spire mod where everything is the same but ironclad has a cowboy hat","vexMod"],"gold_per_floor":[0,17,30,15,31,31,57,57,76,76,91,16,32,32,48,48,48],"floor_reached":16,"playtime":827,"items_purged":[],"score":94,"play_id":"38ecf25d-6ddd-4d20-a028-9831f7b3c957","local_time":"20201218212416","is_ascension_mode":false,"campfire_choices":[{"data":"hexamod:BurningTouch","floor":6,"key":"SMITH"},{"data":"hexamod:Incineration","floor":8,"key":"SMITH"},{"floor":10,"key":"REST"}],"circlet_count":0,"master_deck":["hexamod:Strike","hexamod:Strike","hexamod:Strike","hexamod:Strike","hexamod:Defend","hexamod:Defend","hexamod:Defend","hexamod:Defend","hexamod:Sear","hexamod:Float","hexamod:Incineration+1","hexamod:HeatMetal","hexamod:NightmareStrike","hexamod:BurningTouch+1","hexamod:RainOfEmbers","hexamod:SpectersWail","hexamod:HeatMetal"],"relics":["hexamod:SpiritBrand","SuspiciousGoo","Mummified Hand","Blue Doll"],"acts_visited":["Exordium"],"potions_floor_usage":[11,16,16],"damage_taken":[{"damage":0,"enemies":"Small Slimes","floor":2,"turns":3},{"damage":3,"enemies":"2 Louse","floor":3,"turns":3},{"damage":5,"enemies":"downfall:FleeingMerchant","floor":4,"turns":4},{"damage":1,"enemies":"Cultist","floor":5,"turns":3},{"damage":45,"enemies":"Gremlin Gang","floor":9,"turns":9},{"damage":13,"enemies":"Large Slime","floor":11,"turns":3},{"damage":14,"enemies":"Red Slaver","floor":13,"turns":3},{"damage":10,"enemies":"2 Fungi Beasts","floor":15,"turns":3},{"damage":71,"enemies":"downfall:Defect","floor":16,"turns":5}],"seed_played":"-4906660269145748973","potions_obtained":[{"floor":2,"key":"Swift Potion"},{"floor":5,"key":"Languid Potion"},{"floor":15,"key":"Swift Potion"}],"is_trial":false,"path_per_floor":["R_BF","M","M","$","M","R","T","R","M","R","M","?","M","?","M","B"],"character_chosen":"THE_SPIRIT","items_purchased":[],"campfire_rested":1,"item_purchase_floors":[],"current_hp_per_floor":[67,67,64,59,58,58,58,58,13,34,21,21,7,80,70,0,0],"gold":48,"neow_bonus":"ONE_RARE_RELIC","is_daily":false,"chose_seed":false,"campfire_upgraded":2,"win_rate":0.0,"timestamp":1608355456,"path_taken":["R_BF","M","M","$","M","R","T","R","M","R","M","?","?","?","M","BOSS"],"items_purchased_type":[],"build_version":"2020-12-13","purchased_purges":0,"victory":false,"max_hp_per_floor":[70,70,70,70,70,70,70,70,70,70,70,70,70,80,80,80,80],"card_choices":[{"not_picked":["hexamod:SpectersWail","hexamod:NightmareGuise"],"picked":"hexamod:Incineration","floor":2},{"not_picked":["hexamod:GhostShield","hexamod:NightmareGuise"],"picked":"hexamod:HeatMetal","floor":3},{"not_picked":["hexamod:InspiringFlames","hexamod:BacktrackSmack"],"picked":"hexamod:NightmareStrike","floor":4},{"not_picked":["hexamod:Again","hexamod:InspiringFlames"],"picked":"hexamod:BurningTouch","floor":5},{"not_picked":["hexamod:SpectralAdrenaline","hexamod:HauntingEcho"],"picked":"hexamod:RainOfEmbers","floor":9},{"not_picked":["hexamod:Haunt","hexamod:AdvancingGuard"],"picked":"hexamod:CrushingStance","floor":11},{"not_picked":["hexamod:BacktrackSmack","hexamod:FastForward"],"picked":"hexamod:SpectersWail","floor":13},{"not_picked":["hexamod:BacktrackSmack","hexamod:GhostLash"],"picked":"hexamod:HeatMetal","floor":15}],"player_experience":43341,"relics_obtained":[{"floor":7,"key":"Blue Doll"}],"event_choices":[{"damage_healed":0,"gold_gain":0,"player_choice":"Success","damage_taken":3,"relics_obtained":["Mummified Hand"],"max_hp_gain":0,"max_hp_loss":0,"event_name":"Scrap Ooze","floor":1,"gold_loss":0},{"damage_healed":0,"gold_gain":0,"player_choice":"2","damage_taken":0,"max_hp_gain":0,"max_hp_loss":0,"event_name":"betterMatch:BetterMatch","floor":12,"gold_loss":0,"cards_obtained":[]},{"cards_removed":["hexamod:CrushingStance"],"damage_healed":63,"gold_gain":0,"player_choice":"Offered Rare","damage_taken":0,"max_hp_gain":10,"max_hp_loss":0,"event_name":"Bonfire Elementals","floor":14,"gold_loss":0}],"is_beta":false,"boss_relics":[],"items_purged_floors":[],"is_endless":false,"potions_floor_spawned":[2,5,15],"killed_by":"downfall:Defect","ascension_level":0}}