{"host":"w01uex9uy9hwwtiw","time":1608353684,"event":{"mods":["BaseMod","Lobotomy","LobotomyExtend","Minty Spire (QoL Compilation)","Remilia（蕾米莉亚）","Replay The Spire","RumiaBox-露米娅的神秘盒子","SIMod","StSLib","TestMod","The Cursed","vexMod","【东方二次创作】八云紫mod","【遗物Mod】死灵法师NEW","【遗物卡牌】REMEMod","篝火指南","老伊莉雅"],"gold_per_floor":[118,293,293,140,158,203,203],"floor_reached":6,"playtime":465,"items_purged":["Doubt"],"score":36,"play_id":"c28cc79d-f888-4f62-a8dc-2a68189fe49e","local_time":"20201219125444","is_ascension_mode":true,"campfire_choices":[],"circlet_count":0,"master_deck":["HereticApostle","SpecialBullet","SpecialBullet","SpecialBullet","SpecialBullet","SpecialBullet","SpecialBullet","ParadiseLost","UniverseFragment","Ecstasy","Harvest","WhiteNight","Amita"],"relics":["CogitoBucket","testmod-TestBox","REME_ComplimentaryCards","testmod-IntensifyImprint","LetterFromLob","ReplayTheSpireMod:Ring of Challenge"],"acts_visited":[],"potions_floor_usage":[],"damage_taken":[{"damage":0.0,"enemies":"Small Slimes","floor":1.0,"turns":3.0},{"damage":3,"enemies":"Jaw Worm","floor":5,"turns":3},{"damage":98,"enemies":"Replay:BlueRogue","floor":6,"turns":10}],"seed_played":"-8003977438625862689","potions_obtained":[{"floor":1.0,"key":"Toxic Potion"}],"is_trial":false,"path_per_floor":["M","?","?","$","M","E"],"character_chosen":"Angela","items_purchased":["Harvest"],"campfire_rested":0,"item_purchase_floors":[4],"current_hp_per_floor":[70,70,70,70,67,0,0],"gold":203,"neow_bonus":"TRANSFORM_CARD","is_daily":false,"chose_seed":false,"campfire_upgraded":0,"win_rate":0.0,"timestamp":1608353684,"path_taken":["M","?","?","$","M","E"],"items_purchased_type":["Card"],"build_version":"2020-12-13","purchased_purges":1,"victory":false,"max_hp_per_floor":[70,70,70,70,70,70,70],"card_choices":[{"not_picked":["Bloodbath","SpiderBud"],"picked":"UniverseFragment","floor":1.0},{"not_picked":["Penitence"],"picked":"Ecstasy","floor":1.0},{"not_picked":["BigBird","ShyLook"],"picked":"WhiteNight","floor":5},{"not_picked":["Loneliness"],"picked":"Amita","floor":5}],"player_experience":107826,"relics_obtained":[{"floor":1.0,"key":"LetterFromLob"},{"floor":3,"key":"ReplayTheSpireMod:Ring of Challenge"}],"event_choices":[{"damage_healed":0.0,"max_hp_gain":0.0,"max_hp_loss":0.0,"gold_gain":175.0,"event_name":"Liars Game","player_choice":"AGREE","floor":2.0,"gold_loss":0.0,"damage_taken":0.0,"cards_obtained":["Doubt"]}],"is_beta":false,"boss_relics":[],"items_purged_floors":[4],"is_endless":false,"potions_floor_spawned":[],"killed_by":"Replay:BlueRogue","ascension_level":1}}