{"host":"hv0j318t350gu4p2","time":1608413672,"event":{"mods":["AchievementEnabler","BaseMod","BetterRewards","Card Forge","Clawfect","Colored Map","Colored Powertips","Colorless Booster Pack","Custom Start","Downfall","Googly Eyes","Hero for Fun","Highlight Path","Hubris","Lobotomy","Minty Spire (QoL Compilation)","Replay The Spire","Shop Mod","StSLib","Td1madao Mod","The Animator","The Jungle","The Necromancer","Transform Curses","egg","everything is the same but u backflip on backflip"],"gold_per_floor":[11,21,34,45,45,73,73,105,130,141,141,159,176,196,196,292,292,292,303,404,418,418,418,418,468,468,468,468,487,501,528,528,623,623,641,641,641,468,483,508,508,508,508,555,588,588,588,588,588,588,31,62,62],"floor_reached":56,"playtime":700,"items_purged":[],"score":1489,"play_id":"17662b6b-dc9b-4a3c-aafc-d2fabd2a868d","local_time":"20201219163432","is_ascension_mode":false,"campfire_choices":[{"floor":7,"key":"RECALL"},{"data":"Consecutive_Normal_Punch","floor":15,"key":"SMITH"},{"floor":24,"key":"REST"},{"floor":27,"key":"REST"},{"floor":32,"key":"REST"},{"floor":47,"key":"REST"},{"floor":52,"key":"REST"}],"circlet_count":0,"master_deck":["Strike_Y","Strike_Y","Strike_Y","Strike_Y","Defend_Y","Defend_Y","Defend_Y","Defend_Y","Defend_Y","Hop","Yawn","Toss_Stone","Serious_Punch","Consecutive_Normal_Punch+1","Terrifying_Presence","Side_Hop+1","Madness","Madness","CBP: ChaoticOffering","Normal_Punch+1","Normal_Punch"],"relics":["Hammer of Thor","Seething Fire","Anvil of the Gods","Philosopher\u0027s Stone","Garlic","White Beast Statue","Lantern","Fusion Hammer","Pen Nib","Pet Ghost","hubris:CuriousFeather","ChewingGum","Vajra","Juzu Bracelet","Golden Egg","Lizard Tail","hubris:Teleporter","Anchor","hubris:ToyBattleship","ClockworkSouvenir","hubris:BottledRain","Replay:Baseball"],"acts_visited":["Exordium","Exordium","TheBeyond","TheEnding"],"potions_floor_usage":[],"damage_taken":[{"damage":0,"enemies":"Jaw Worm","floor":1,"turns":1},{"damage":0,"enemies":"Cultist","floor":2,"turns":1},{"damage":0,"enemies":"2 Louse","floor":3,"turns":1},{"damage":0,"enemies":"Looter","floor":4,"turns":1},{"damage":0,"enemies":"3 Sentries","floor":6,"turns":1},{"damage":0,"enemies":"Gremlin Nob","floor":8,"turns":1},{"damage":0,"enemies":"3 Louse","floor":10,"turns":1},{"damage":0,"enemies":"Gremlin Gang","floor":12,"turns":2},{"damage":0,"enemies":"Blue Slaver","floor":13,"turns":1},{"damage":0,"enemies":"Looter","floor":14,"turns":1},{"damage":0,"enemies":"Fading Forest","floor":16,"turns":1},{"damage":0,"enemies":"theJungle:GiantWrat","floor":18,"turns":1},{"damage":0,"enemies":"theJungle:MUSHROOMGANG","floor":19,"turns":1},{"damage":0,"enemies":"theJungle:2_Flameangoes","floor":21,"turns":1},{"damage":0,"enemies":"theJungle:SlimyTreeVines","floor":22,"turns":1},{"damage":0,"enemies":"theJungle:Cassacara","floor":23,"turns":1},{"damage":0,"enemies":"theJungle:2_Snecko_Cultists","floor":28,"turns":1},{"damage":0,"enemies":"theJungle:JungleHuntersEncounter","floor":29,"turns":1},{"damage":0,"enemies":"theJungle:Lyon","floor":30,"turns":1},{"damage":0,"enemies":"theJungle:MamaSnecko","floor":31,"turns":1},{"damage":0,"enemies":"theJungle:QueenSpyder","floor":33,"turns":1},{"damage":0,"enemies":"Orb Walker","floor":35,"turns":1},{"damage":0,"enemies":"3 Shapes","floor":39,"turns":1},{"damage":0,"enemies":"Reptomancer","floor":40,"turns":1},{"damage":0,"enemies":"Giant Head","floor":42,"turns":1},{"damage":0,"enemies":"2 Orb Walkers","floor":44,"turns":1},{"damage":0,"enemies":"Nemesis","floor":46,"turns":1},{"damage":0,"enemies":"Replay:Hell Engine","floor":50,"turns":1},{"damage":0,"enemies":"Shield and Spear","floor":54,"turns":1},{"damage":0,"enemies":"The Heart","floor":55,"turns":3}],"seed_played":"-714174066358066123","potions_obtained":[{"floor":1,"key":"Block Potion"},{"floor":2,"key":"FearPotion"},{"floor":6,"key":"sneckomod:MuddlingPotion"},{"floor":13,"key":"AttackPotion"}],"is_trial":false,"path_per_floor":["M","M","M","M","$","E","R","E","T","M","?","M","M","M","R","B",null,"M","M","?","M","M","E","R","?","T","R","M","M","M","E","R","B",null,"M","?","?","$","M","E","$","E","T","?","E","R","R_BF","B",null,"R","$","E","B",null],"character_chosen":"OPM","items_purchased":["CBP: ChaoticOffering","hubris:ToyBattleship","ClockworkSouvenir","hubris:BottledRain"],"campfire_rested":5,"item_purchase_floors":[38,53,53,53],"current_hp_per_floor":[999,999,999,999,999,999,999,999,999,999,999,999,999,999,999,999,999,999,999,999,999,999,999,999,999,999,999,999,999,999,999,999,999,999,999,999,999,999,999,999,999,999,999,999,999,999,999,999,999,999,999,999,999],"gold":62,"neow_bonus":"BOSS_RELIC","is_daily":false,"chose_seed":false,"campfire_upgraded":1,"win_rate":0.0,"timestamp":1608413672,"path_taken":["M","M","M","M","$","E","R","E","T","M","?","M","M","?","R","BOSS","M","M","?","M","M","E","R","?","T","R","M","M","M","E","R","BOSS","M","?","?","$","?","E","?","E","T","?","E","R","R_BF","BOSS","R","$","E","BOSS"],"items_purchased_type":["Card","Relic","Relic","Relic"],"build_version":"2020-12-13","purchased_purges":0,"victory":true,"max_hp_per_floor":[999,999,999,999,999,999,999,999,999,999,999,999,999,999,999,999,999,999,999,999,999,999,999,999,999,999,999,999,999,999,999,999,999,999,999,999,999,999,999,999,999,999,999,999,999,999,999,999,999,999,999,999,999],"card_choices":[{"not_picked":["Normal_Punch","Do_Nothing"],"picked":"Hop","floor":1},{"not_picked":["Side_Hop","Hop"],"picked":"Yawn","floor":2},{"not_picked":["Wear_Disguise","Ignore","Yawn"],"picked":"SKIP","floor":3},{"not_picked":["Yawn","Ignore","Toss_Stone"],"picked":"SKIP","floor":4},{"not_picked":["Hop","Ignore"],"picked":"Toss_Stone","floor":6},{"not_picked":["Wear_Disguise","Yawn"],"picked":"Serious_Punch","floor":8},{"not_picked":["Hop","Yawn"],"picked":"Consecutive_Normal_Punch","floor":10},{"not_picked":["Toss_Stone","Wear_Disguise","Slap"],"picked":"SKIP","floor":12},{"not_picked":["Wear_Disguise","Do_Nothing","Yawn"],"picked":"SKIP","floor":13},{"not_picked":["Slap","Wear_Disguise","Yawn"],"picked":"SKIP","floor":14},{"not_picked":["Oh","Get_Hopes_Up"],"picked":"Terrifying_Presence","floor":16},{"not_picked":["Slap","Side_Hop+1","Hop"],"picked":"SKIP","floor":18},{"not_picked":["Hop","Side_Hop","Do_Nothing"],"picked":"SKIP","floor":19},{"not_picked":["Yawn","Slap"],"picked":"Side_Hop+1","floor":20},{"not_picked":["Toss_Stone+1","Normal_Punch","Slap+1"],"picked":"SKIP","floor":21},{"not_picked":["Hop","Yawn","Do_Nothing+1"],"picked":"SKIP","floor":22},{"not_picked":["Ignore","Oh","Side_Hop"],"picked":"SKIP","floor":23},{"not_picked":["Ignore","Oh","Side_Hop"],"picked":"SKIP","floor":23},{"not_picked":["Yawn","Ignore+1","Side_Hop"],"picked":"SKIP","floor":28},{"not_picked":["Side_Hop","Hop","Yawn"],"picked":"SKIP","floor":29},{"not_picked":["Slap","Do_Nothing+1","Side_Hop"],"picked":"SKIP","floor":30},{"not_picked":["Side_Hop","Wear_Disguise","Ignore"],"picked":"SKIP","floor":31},{"not_picked":["Do_Nothing+1","Consecutive_Normal_Punch"],"picked":"Toss_Stone+1","floor":35},{"not_picked":["Slap","Yawn"],"picked":"Normal_Punch+1","floor":39},{"not_picked":["Do_Nothing+1","Slap+1","Side_Hop+1"],"picked":"SKIP","floor":40},{"not_picked":["Slap+1","Normal_Punch+1","Serious_Side_Hops"],"picked":"SKIP","floor":42},{"not_picked":["Ignore","Hop+1","Yawn"],"picked":"SKIP","floor":46},{"not_picked":["Yawn+1","Slap+1","Normal_Punch"],"picked":"SKIP","floor":54}],"player_experience":49951,"relics_obtained":[{"floor":6,"key":"Garlic"},{"floor":8,"key":"White Beast Statue"},{"floor":9,"key":"Lantern"},{"floor":20,"key":"Pen Nib"},{"floor":23,"key":"Pet Ghost"},{"floor":31,"key":"hubris:CuriousFeather"},{"floor":39,"key":"Vajra"},{"floor":40,"key":"Juzu Bracelet"},{"floor":42,"key":"Golden Egg"},{"floor":43,"key":"Lizard Tail"},{"floor":44,"key":"hubris:Teleporter"},{"floor":46,"key":"Anchor"},{"floor":54,"key":"Replay:Baseball"}],"event_choices":[{"damage_healed":0,"gold_gain":0,"player_choice":"Leave","damage_taken":0,"max_hp_gain":0,"max_hp_loss":0,"event_name":"FaceTrader","floor":11,"gold_loss":0},{"damage_healed":0,"gold_gain":0,"player_choice":"Embrace Madness","damage_taken":125,"max_hp_gain":0,"max_hp_loss":0,"event_name":"Winding Halls","floor":36,"gold_loss":0,"cards_obtained":["Madness","Madness"]},{"cards_removed":["Toss_Stone"],"damage_healed":0,"gold_gain":0,"player_choice":"Offered Uncommon","damage_taken":0,"max_hp_gain":0,"max_hp_loss":0,"event_name":"Bonfire Elementals","floor":37,"gold_loss":0},{"damage_healed":0,"gold_gain":0,"player_choice":"Fight","damage_taken":0,"max_hp_gain":0,"max_hp_loss":0,"event_name":"Mysterious Sphere","floor":44,"gold_loss":0}],"is_beta":false,"boss_relics":[{"not_picked":["Empty Cage","Cursed Key"],"picked":"Fusion Hammer"},{"not_picked":["Snecko Eye","hubris:RunicObelisk"],"picked":"ChewingGum"}],"items_purged_floors":[],"is_endless":false,"potions_floor_spawned":[1,2,6,10,12,13,14,16,18,19,21,22,23,28,29,30,31,33,35,39,40,42,44,46,54],"ascension_level":0}}