{"host":"bi6hp2lw0u7dctop","time":1608364893,"event":{"mods":["ATMod(°¢èªMod)","Aspiration","BaseMod","Better Vampires","Colored Powertips","GifTheSpireLib","Minty Spire (QoL Compilation)","Relic Stats","Replay The Spire","Spicy Shops","StSLib","simple","¡¾¹¦ÄÜMod¡¿»ìãçÖ®»·ÐÞ¸´²¹¶¡","¡¾ÒÅÎï¿¨ÅÆ¡¿REMEMod"],"gold_per_floor":[114,13,28,40,40,40,56,73,73,73,107,123,123,156,156,251,251,267,182,182,197,212,212,241,241,317,317,333,353,372,4,4,4,4],"floor_reached":33,"playtime":2071,"items_purged":["Strike_P"],"score":304,"play_id":"25c1f90a-bc3a-402c-9c03-74722c2554e7","local_time":"20201219160133","is_ascension_mode":false,"campfire_choices":[{"floor":6,"key":"RECALL"},{"data":"Eruption","floor":10,"key":"SMITH"},{"floor":13,"key":"REST"},{"data":"AT_DrawKnifeCut","floor":15,"key":"SMITH"},{"data":"AT_ChampionKick","floor":23,"key":"SMITH"},{"floor":25,"key":"DIG"},{"floor":32,"key":"REST"}],"circlet_count":0,"master_deck":["Strike_P","Strike_P","Strike_P","Defend_P","Defend_P","Defend_P","Eruption+1","Vigilance","AT_DrawKnifeCut+1","Juggernaut","PathToVictory","FlyingSleeves+1","FlurryOfBlows","REME_CRH","FlurryOfBlows","LikeWater","InnerPeace","AT_ChampionKick+1","CurseOfTheBell","ClearTheMind+1","SashWhip+1","REME_Repentance","Replay:DivineShield"],"relics":["PureWater","REME_ComplimentaryCards","AT_ATBox","NeowsBlessing","AT_GoldPhoenixTree","Akabeko","aspiration:SeaSaltIceCream","aspiration:Nostalgia","Burning Blood","Calling Bell","Anchor","Garlic","AT_Kusabimaru","AT_ImmortalShieldbow","Shovel","Replay:Mystery Machine","Turnip"],"acts_visited":["Exordium","TheCity"],"potions_floor_usage":[16,16,16,22,22,24,33,33],"damage_taken":[{"damage":0,"enemies":"Cultist","floor":1,"turns":1},{"damage":0,"enemies":"2 Louse","floor":3,"turns":1},{"damage":0,"enemies":"Small Slimes","floor":4,"turns":1},{"damage":12,"enemies":"Blue Slaver","floor":7,"turns":2},{"damage":0,"enemies":"Exordium Thugs","floor":8,"turns":2},{"damage":12,"enemies":"Replay:BlueRogue","floor":11,"turns":3},{"damage":0,"enemies":"Red Slaver","floor":12,"turns":2},{"damage":0,"enemies":"3 Sentries","floor":14,"turns":2},{"damage":33,"enemies":"The Guardian","floor":16,"turns":7},{"damage":20,"enemies":"2 Thieves","floor":18,"turns":4},{"damage":0,"enemies":"Chosen","floor":21,"turns":3},{"damage":23,"enemies":"Snecko","floor":22,"turns":4},{"damage":28,"enemies":"Slavers","floor":24,"turns":4},{"damage":0,"enemies":"Cultist and Chosen","floor":28,"turns":4},{"damage":0,"enemies":"Centurion and Healer","floor":29,"turns":3},{"damage":15,"enemies":"Snecko","floor":30,"turns":5},{"damage":63,"enemies":"Pondfish","floor":33,"turns":12}],"seed_played":"-7659039556211390870","potions_obtained":[{"floor":4,"key":"BottledMiracle"},{"floor":7,"key":"Death Potion"},{"floor":14,"key":"Adrenaline Potion"},{"floor":16,"key":"Adrenaline Potion"},{"floor":21,"key":"GamblersBrew"},{"floor":22,"key":"PowerPotion"},{"floor":28,"key":"Explosive Potion"},{"floor":30,"key":"ColorlessPotion"}],"is_trial":false,"path_per_floor":["M","$","M","M","$","R","M","M","T","R","E","M","R","E","R","B",null,"M","?","?","M","M","R","E","R","T","?","M","M","M","$","R","B"],"character_chosen":"WATCHER","items_purchased":["PathToVictory","FlyingSleeves+1","Turnip"],"campfire_rested":2,"item_purchase_floors":[2,2,31],"current_hp_per_floor":[72,72,72,72,72,72,60,60,60,60,48,48,69,69,69,42,72,58,58,58,64,47,47,45,45,45,30,36,42,33,33,56,0,0],"gold":4,"neow_bonus":"THREE_ENEMY_KILL","is_daily":false,"chose_seed":false,"campfire_upgraded":3,"win_rate":0.0,"timestamp":1608364893,"path_taken":["M","$","M","M","$","R","?","M","T","R","E","M","R","E","R","BOSS","M","?","?","M","M","R","E","R","T","?","M","M","M","$","R","BOSS"],"items_purchased_type":["Card","Card","Relic"],"build_version":"2020-12-13","purchased_purges":1,"victory":false,"max_hp_per_floor":[72,72,72,72,72,72,72,72,72,72,72,72,72,72,72,72,72,72,72,72,72,72,72,72,72,72,77,77,77,77,77,77,77,77],"relic_stats":{"Shovel":1,"counters":[17,60],"Turnip":[6],"obtain_stats":[{"AT_ATBox":0,"NeowsBlessing":0,"aspiration:Nostalgia":14,"AT_GoldPhoenixTree":9,"aspiration:SeaSaltIceCream":14,"Replay:Mystery Machine":25,"Akabeko":11,"Burning Blood":14,"Calling Bell":17,"AT_ImmortalShieldbow":19,"Anchor":17,"AT_Kusabimaru":17,"Shovel":24,"Turnip":31,"Garlic":17,"PureWater":0,"REME_ComplimentaryCards":0},{"AT_ATBox":0,"NeowsBlessing":0,"aspiration:Nostalgia":8,"AT_GoldPhoenixTree":5,"aspiration:SeaSaltIceCream":8,"Replay:Mystery Machine":13,"Akabeko":6,"Burning Blood":8,"Calling Bell":9,"AT_ImmortalShieldbow":10,"Anchor":9,"AT_Kusabimaru":9,"Shovel":13,"Turnip":16,"Garlic":9,"PureWater":0,"REME_ComplimentaryCards":0},{"AT_ATBox":0,"NeowsBlessing":0,"aspiration:Nostalgia":14,"AT_GoldPhoenixTree":7,"aspiration:SeaSaltIceCream":14,"Replay:Mystery Machine":36,"Akabeko":10,"Burning Blood":14,"Calling Bell":21,"AT_ImmortalShieldbow":25,"Anchor":21,"AT_Kusabimaru":21,"Shovel":36,"Turnip":48,"Garlic":21,"PureWater":0,"REME_ComplimentaryCards":0}],"Burning Blood":48},"card_choices":[{"not_picked":["ThirdEye","Replay:BluntJabs","SashWhip"],"picked":"SKIP","floor":1},{"not_picked":["FollowUp","Replay:Hum"],"picked":"FlurryOfBlows","floor":3},{"not_picked":["Replay:ManipulateFuture","Collect","PathToVictory"],"picked":"SKIP","floor":4},{"not_picked":["CrushJoints","DeceiveReality"],"picked":"REME_CRH","floor":7},{"not_picked":["SandsOfTime","Evaluate"],"picked":"FlurryOfBlows","floor":8},{"not_picked":["FlurryOfBlows","WheelKick","BattleHymn"],"picked":"SKIP","floor":11},{"not_picked":["SashWhip","Halt"],"picked":"LikeWater","floor":12},{"not_picked":["Replay:Cycle","BowlingBash"],"picked":"InnerPeace","floor":14},{"not_picked":["AT_MachinaRedman","Replay:AllIn"],"picked":"AT_ChampionKick","floor":16},{"not_picked":["PathToVictory","Replay:AtTheReady+1"],"picked":"ClearTheMind+1","floor":18},{"not_picked":["Consecrate","Protect","WheelKick+1"],"picked":"SKIP","floor":21},{"not_picked":["Protect","JustLucky"],"picked":"SashWhip+1","floor":22},{"not_picked":["REME_WorshipGod","PathToVictory"],"picked":"REME_Repentance","floor":24},{"not_picked":["PathToVictory","CarveReality"],"picked":"Replay:DivineShield","floor":28},{"not_picked":["Swivel+1","Nirvana","Protect"],"picked":"SKIP","floor":29},{"not_picked":["Conclude","ReachHeaven+1","FollowUp"],"picked":"SKIP","floor":30}],"player_experience":191990,"relics_obtained":[{"floor":9,"key":"AT_GoldPhoenixTree"},{"floor":11,"key":"Akabeko"},{"floor":14,"key":"aspiration:SeaSaltIceCream"},{"floor":17,"key":"Anchor"},{"floor":17,"key":"Garlic"},{"floor":17,"key":"AT_Kusabimaru"},{"floor":24,"key":"Shovel"},{"floor":25,"key":"Replay:Mystery Machine"}],"event_choices":[{"damage_healed":0,"gold_gain":0,"player_choice":"Obtained Relic","damage_taken":0,"relics_obtained":["AT_ImmortalShieldbow"],"max_hp_gain":0,"max_hp_loss":0,"event_name":"Addict","floor":19,"gold_loss":85},{"cards_removed":["Defend_P"],"damage_healed":0,"gold_gain":0,"player_choice":"Elegance","damage_taken":0,"max_hp_gain":0,"max_hp_loss":0,"event_name":"Back to Basics","floor":20,"gold_loss":0},{"damage_healed":0,"gold_gain":0,"player_choice":"Shed Blood","damage_taken":18,"max_hp_gain":5,"max_hp_loss":0,"event_name":"Forgotten Altar","floor":27,"gold_loss":0}],"is_beta":false,"boss_relics":[{"not_picked":["aspiration:PoetsPen","Velvet Choker"],"picked":"Calling Bell"}],"items_purged_floors":[31],"is_endless":false,"potions_floor_spawned":[4,7,14,16,21,22,28,30],"killed_by":"Pondfish","ascension_level":0}}