{"host":"rafqzjktzofwzqpn","time":1608347648,"event":{"mods":["BaseMod","Downfall","Minty Spire (QoL Compilation)","StSLib"],"gold_per_floor":[118,135,151,171,186,186,186,186,186,197,230,230,241,254,254,352,352,363,379,389,314,314,314,332,332,359,371,296,310,344,90,90,90,90],"floor_reached":33,"playtime":1437,"items_purged":["Strike_R","Strike_R"],"score":287,"play_id":"328ba3dc-35c2-436e-b54e-45d791343bfe","local_time":"20201218211408","is_ascension_mode":true,"campfire_choices":[{"floor":6,"key":"RECALL"},{"data":"True Grit","floor":8,"key":"SMITH"},{"data":"True Grit","floor":12,"key":"SMITH"},{"data":"Flame Barrier","floor":15,"key":"SMITH"},{"data":"Juggernaut","floor":23,"key":"SMITH"},{"data":"Shrug It Off","floor":32,"key":"SMITH"}],"circlet_count":0,"master_deck":["Defend_R","Defend_R","Defend_R","Defend_R","Bash","True Grit+1","Shrug It Off+1","True Grit+1","Thunderclap","Flame Barrier+1","Dropkick","Thunderclap+1","Blood for Blood+1","Wild Strike+1","Juggernaut+1","Pummel+1","Evolve+1","Carnage+1","Warcry+1","Necronomicurse","Wild Strike+1","Clash+1","Reckless Charge+1"],"relics":["Black Blood","Mercury Hourglass","Molten Egg 2","Necronomicon","InkBottle","Oddly Smooth Stone"],"acts_visited":["Exordium","TheCity"],"potions_floor_usage":[19,27,30,30,30],"damage_taken":[{"damage":0,"enemies":"Cultist","floor":1,"turns":4},{"damage":1,"enemies":"2 Louse","floor":2,"turns":4},{"damage":3,"enemies":"Jaw Worm","floor":3,"turns":5},{"damage":8,"enemies":"Large Slime","floor":4,"turns":8},{"damage":5,"enemies":"3 Louse","floor":5,"turns":4},{"damage":0,"enemies":"Blue Slaver","floor":10,"turns":5},{"damage":16,"enemies":"3 Sentries","floor":11,"turns":10},{"damage":0,"enemies":"Large Slime","floor":13,"turns":6},{"damage":0,"enemies":"Exordium Wildlife","floor":14,"turns":4},{"damage":34,"enemies":"The Guardian","floor":16,"turns":11},{"damage":26,"enemies":"Spheric Guardian","floor":18,"turns":6},{"damage":7,"enemies":"3 Byrds","floor":19,"turns":3},{"damage":39,"enemies":"Shelled Parasite and Fungi","floor":20,"turns":8},{"damage":21,"enemies":"Centurion and Healer","floor":24,"turns":14},{"damage":29,"enemies":"Snake Plant","floor":27,"turns":6},{"damage":0,"enemies":"Shelled Parasite and Fungi","floor":29,"turns":3},{"damage":42,"enemies":"Book of Stabbing","floor":30,"turns":7},{"damage":19,"enemies":"Collector","floor":33,"turns":2}],"seed_played":"3884305394174857127","potions_obtained":[{"floor":5,"key":"ElixirPotion"},{"floor":10,"key":"Regen Potion"},{"floor":11,"key":"Weak Potion"},{"floor":27,"key":"Swift Potion"},{"floor":29,"key":"Regen Potion"}],"is_trial":false,"path_per_floor":["M","M","M","M","M","R","?","R","T","M","E","R","M","M","R","B",null,"M","M","M","?","?","R","M","?","T","M","$","M","E","$","R","B"],"character_chosen":"IRONCLAD","items_purchased":["Oddly Smooth Stone"],"campfire_rested":0,"item_purchase_floors":[31],"current_hp_per_floor":[88,88,88,86,87,87,87,87,87,88,78,78,84,88,88,60,88,74,88,61,61,61,61,52,36,36,19,19,31,15,15,15,0,0],"gold":90,"neow_bonus":"TEN_PERCENT_HP_BONUS","is_daily":false,"chose_seed":false,"campfire_upgraded":5,"win_rate":0.0,"timestamp":1608347648,"path_taken":["M","?","M","M","M","R","?","R","T","M","E","R","?","M","R","BOSS","M","M","M","?","?","R","M","?","T","M","$","M","E","$","R","BOSS"],"items_purchased_type":["Relic"],"build_version":"2020-12-13","purchased_purges":2,"victory":false,"max_hp_per_floor":[88,88,88,88,88,88,88,88,88,88,88,88,88,88,88,88,88,88,88,88,88,88,88,88,88,88,88,88,88,88,88,88,88,88],"card_choices":[{"not_picked":["Pommel Strike","Searing Blow"],"picked":"True Grit","floor":1},{"not_picked":["Armaments","Twin Strike"],"picked":"Shrug It Off","floor":2},{"not_picked":["Perfected Strike","Dropkick"],"picked":"True Grit","floor":3},{"not_picked":["Cleave","Blood for Blood"],"picked":"Thunderclap","floor":4},{"not_picked":["Pommel Strike","Warcry"],"picked":"Flame Barrier","floor":5},{"not_picked":["Heavy Blade","Dual Wield"],"picked":"Dropkick","floor":10},{"not_picked":["Bloodletting","Sever Soul+1"],"picked":"Thunderclap+1","floor":11},{"not_picked":["Second Wind","Body Slam+1"],"picked":"Blood for Blood+1","floor":13},{"not_picked":["Armaments","True Grit"],"picked":"Wild Strike+1","floor":14},{"not_picked":["Impervious","Immolate+1"],"picked":"Juggernaut","floor":16},{"not_picked":["Intimidate","Armaments"],"picked":"Pummel+1","floor":18},{"not_picked":["Wild Strike+1","Disarm"],"picked":"Evolve+1","floor":19},{"not_picked":["Rupture+1","Disarm"],"picked":"Carnage+1","floor":20},{"not_picked":["Spot Weakness","Armaments"],"picked":"Warcry+1","floor":24},{"not_picked":["Clothesline+1","Iron Wave+1"],"picked":"Wild Strike+1","floor":27},{"not_picked":["Perfected Strike+1","Blood for Blood+1"],"picked":"Clash+1","floor":29},{"not_picked":["Wild Strike+1","Rage"],"picked":"Reckless Charge+1","floor":30}],"player_experience":347728,"relics_obtained":[{"floor":9,"key":"Mercury Hourglass"},{"floor":11,"key":"Molten Egg 2"},{"floor":25,"key":"Necronomicon"},{"floor":30,"key":"InkBottle"}],"event_choices":[{"cards_removed":["Strike_R"],"damage_healed":0,"gold_gain":0,"player_choice":"Offered Basic","damage_taken":0,"max_hp_gain":0,"max_hp_loss":0,"event_name":"Bonfire Elementals","floor":7,"gold_loss":0},{"cards_removed":["Strike_R"],"damage_healed":0,"gold_gain":0,"player_choice":"Gave Gold","damage_taken":0,"max_hp_gain":0,"max_hp_loss":0,"event_name":"Beggar","floor":21,"gold_loss":75},{"cards_removed":["Strike_R"],"damage_healed":0,"gold_gain":0,"player_choice":"Elegance","damage_taken":0,"max_hp_gain":0,"max_hp_loss":0,"event_name":"Back to Basics","floor":22,"gold_loss":0},{"damage_healed":0,"gold_gain":0,"player_choice":"Obtained Book","damage_taken":16,"max_hp_gain":0,"max_hp_loss":0,"event_name":"Cursed Tome","floor":25,"gold_loss":0}],"is_beta":false,"boss_relics":[{"not_picked":["Sozu","Snecko Eye"],"picked":"Black Blood"}],"items_purged_floors":[28,31],"is_endless":false,"potions_floor_spawned":[5,10,11,14,18,27,29],"killed_by":"Collector","ascension_level":1}}