{"host":"qnk15saze0ayia2v","time":1608397700,"event":{"mods":["BaseMod","GifTheSpireLib","Koishi","Marisa????????","Minty Spire (QoL Compilation)","Replay The Spire","StSLib","The Necromancer","The Servant 0.9.4"],"gold_per_floor":[118,193,41,60,80,80,99,99,99,112,112,12,37,37,37,141,141,153,108,108,108,108,108,128,147,174,174,186,186,201,126,126,231,231,250,125,125,327,342,342,357,357,357,377,377,377,388,31,31,31],"floor_reached":51,"playtime":3439,"items_purged":["Strike_R","Strike_S","ReturningBlade+1","Wraith"],"score":510,"play_id":"9a7f2d28-5e63-4d65-b488-f3bf159f09fc","local_time":"20201219180820","is_ascension_mode":false,"campfire_choices":[{"data":"ShatteredReality","floor":6,"key":"SMITH"},{"floor":8,"key":"REST"},{"data":"Replace","floor":11,"key":"SMITH"},{"data":"PendulumOfEternity","floor":15,"key":"SMITH"},{"data":"Deny","floor":23,"key":"SMITH"},{"data":"MurderousAura","floor":27,"key":"SMITH"},{"data":"TheWorld","floor":29,"key":"SMITH"},{"floor":32,"key":"REST"},{"data":"Potential","floor":40,"key":"SMITH"},{"data":"Potential","floor":42,"key":"SMITH"},{"floor":49,"key":"REST"}],"circlet_count":0,"master_deck":["KidneyShot","Exchange+1","FastForward","BottledTime+1","ShatteredReality+1","Replace+1","PendulumOfEternity+1","Deny+1","InstantArmor","MurderousAura+1","TimeTheft","TheWorld+1","ShatteredReality","Potential+1","Potential+1","Rearm+1","TimeWarp+1","Dilation","Moondial+1","DualDimension+1","ShatteredReality+1","WasteNot+1","BottledTime+1"],"relics":["Uniform","Replay:Towering Pillar of Hats","Replay:Bottled Snecko","Odd Mushroom","Pandora\u0027s Box","ReplayTheSpireMod:TigerMarble","Astrolabe","Juzu Bracelet","War Paint"],"acts_visited":["Exordium","TheCity","TheBeyond"],"potions_floor_usage":[13,28,30,50,50],"damage_taken":[{"damage":1,"enemies":"Jaw Worm","floor":1,"turns":5},{"damage":7,"enemies":"Small Slimes","floor":4,"turns":4},{"damage":0,"enemies":"2 Louse","floor":5,"turns":3},{"damage":0,"enemies":"2 Fungi Beasts","floor":7,"turns":1},{"damage":5,"enemies":"Exordium Wildlife","floor":10,"turns":3},{"damage":0,"enemies":"The Mushroom Lair","floor":13,"turns":2},{"damage":19,"enemies":"Slime Boss","floor":16,"turns":10},{"damage":0,"enemies":"2 Thieves","floor":18,"turns":2},{"damage":0,"enemies":"Shell Parasite","floor":24,"turns":2},{"damage":0,"enemies":"Snecko","floor":25,"turns":4},{"damage":12,"enemies":"Shelled Parasite and Fungi","floor":28,"turns":3},{"damage":4,"enemies":"Chosen and Byrds","floor":30,"turns":3},{"damage":0,"enemies":"Collector","floor":33,"turns":6},{"damage":4,"enemies":"3 Shapes","floor":35,"turns":3},{"damage":3,"enemies":"Orb Walker","floor":39,"turns":2},{"damage":17,"enemies":"Writhing Mass","floor":41,"turns":4},{"damage":0,"enemies":"4 Shapes","floor":44,"turns":1},{"damage":0,"enemies":"Maw","floor":47,"turns":5},{"damage":14,"enemies":"Replay:Hell Engine","floor":50,"turns":3}],"seed_played":"5399742305983214904","potions_obtained":[{"floor":4,"key":"Explosive Potion"},{"floor":5,"key":"Block Potion"},{"floor":7,"key":"CultistPotion"},{"floor":13,"key":"Explosive Potion"},{"floor":28,"key":"Elixir"},{"floor":35,"key":"SteroidPotion"},{"floor":41,"key":"Explosive Potion"}],"is_trial":false,"path_per_floor":["M","?","$","M","M","R","M","R","T","M","R","$","?","?","R","B",null,"M","$","?","?","?","R","M","M","T","R","M","R","M","?","R","B",null,"M","$","?","?","M","R","M","R","T","M","?","?","M","$","R","B",null],"character_chosen":"THE_SERVANT","items_purchased":["FastForward","BottledTime","ShatteredReality","War Paint","Dexterity Potion"],"campfire_rested":3,"item_purchase_floors":[3,3,19,48,48],"current_hp_per_floor":[64,53,53,46,46,46,46,65,65,60,60,60,60,65,65,46,70,70,70,70,70,70,70,70,70,70,70,58,58,54,54,70,70,70,66,66,66,66,63,63,46,46,46,46,46,46,46,46,67,53],"gold":31,"neow_bonus":"ONE_RARE_RELIC","is_daily":false,"chose_seed":false,"campfire_upgraded":8,"win_rate":0.0,"timestamp":1608397700,"path_taken":["M","?","$","M","M","R","M","R","T","M","R","$","?","?","R","BOSS","M","$","?","?","?","R","M","M","T","R","M","R","?","?","R","BOSS","M","$","?","?","M","R","M","R","T","M","?","?","M","$","R","BOSS"],"items_purchased_type":["Card","Card","Card","Relic","Potion"],"build_version":"2020-12-13","purchased_purges":4,"victory":true,"max_hp_per_floor":[65,65,65,65,65,65,65,65,65,65,65,65,65,70,70,70,70,70,70,70,70,70,70,70,70,70,70,70,70,70,70,70,70,70,70,70,70,70,70,70,70,70,70,70,70,70,70,70,70,70],"card_choices":[{"not_picked":["Rewind","Luminosity","Snipe"],"picked":"SKIP","floor":1},{"not_picked":["BottledTime","Misdirection"],"picked":"Comet","floor":4},{"not_picked":["FanOfKnives","FastForward"],"picked":"ShatteredReality","floor":5},{"not_picked":["Revamp","Ricochet","FastForward"],"picked":"SKIP","floor":7},{"not_picked":["Reset","Revamp"],"picked":"Replace","floor":10},{"not_picked":["Revamp","StarChef"],"picked":"PendulumOfEternity","floor":13},{"not_picked":["Duplication","SoulSculpture"],"picked":"Deny","floor":16},{"not_picked":["Rewind","DoubleEdge","Unruled"],"picked":"SKIP","floor":18},{"not_picked":["GearUp","DoubleEdge"],"picked":"Potential","floor":24},{"not_picked":["Rewind","LightFlow","Defy"],"picked":"SKIP","floor":25},{"not_picked":["WasteNot","Spin"],"picked":"Rearm+1","floor":28},{"not_picked":["SilverBlades","Barrier+1"],"picked":"TimeWarp+1","floor":30},{"not_picked":["SoulSculpture","Solidify"],"picked":"Dilation","floor":33},{"not_picked":["Ricochet+1","Gouge+1"],"picked":"ShatteredReality+1","floor":35},{"not_picked":["StarChef+1","Replace+1"],"picked":"WasteNot+1","floor":39},{"not_picked":["Unruled+1","Misdirection+1","Moonlight+1"],"picked":"SKIP","floor":41},{"not_picked":["FastForward+1","Spin+1","Shuttle+1"],"picked":"SKIP","floor":44},{"not_picked":["Luminosity","Moonlight+1"],"picked":"BottledTime+1","floor":47}],"player_experience":379470,"relics_obtained":[{"floor":9,"key":"Replay:Bottled Snecko"},{"floor":13,"key":"Odd Mushroom"},{"floor":26,"key":"ReplayTheSpireMod:TigerMarble"},{"floor":43,"key":"Juzu Bracelet"}],"event_choices":[{"damage_healed":0,"gold_gain":75,"player_choice":"Gather Gold","damage_taken":11,"max_hp_gain":0,"max_hp_loss":0,"event_name":"World of Goop","floor":2,"gold_loss":0},{"damage_healed":0,"gold_gain":0,"player_choice":"Fought Mushrooms","damage_taken":0,"max_hp_gain":0,"max_hp_loss":0,"event_name":"Mushrooms","floor":13,"gold_loss":0},{"damage_healed":0,"gold_gain":0,"player_choice":"Donut","damage_taken":0,"max_hp_gain":5,"max_hp_loss":0,"event_name":"Big Fish","floor":14,"gold_loss":0},{"damage_healed":0,"gold_gain":0,"player_choice":"Read","damage_taken":0,"max_hp_gain":0,"max_hp_loss":0,"event_name":"The Library","floor":20,"gold_loss":0,"cards_obtained":["Potential"]},{"damage_healed":0,"gold_gain":0,"player_choice":"Ignored","damage_taken":0,"max_hp_gain":0,"max_hp_loss":0,"event_name":"Ghosts","floor":21,"gold_loss":0},{"cards_removed":["Hightail"],"damage_healed":0,"gold_gain":0,"player_choice":"Elegance","damage_taken":0,"max_hp_gain":0,"max_hp_loss":0,"event_name":"Back to Basics","floor":22,"gold_loss":0},{"cards_removed":["Shuttle"],"damage_healed":0,"gold_gain":0,"player_choice":"Gave Gold","damage_taken":0,"max_hp_gain":0,"max_hp_loss":0,"event_name":"Beggar","floor":31,"gold_loss":75},{"damage_healed":0,"gold_gain":0,"player_choice":"Ignored","damage_taken":0,"max_hp_gain":0,"max_hp_loss":0,"event_name":"OrinTheCat","floor":37,"gold_loss":0},{"damage_healed":0,"gold_gain":0,"player_choice":"Memory 1","damage_taken":0,"max_hp_gain":0,"max_hp_loss":0,"event_name":"SensoryStone","floor":45,"gold_loss":0},{"damage_healed":0,"gold_gain":0,"player_choice":"Ignored","damage_taken":0,"max_hp_gain":0,"max_hp_loss":0,"event_name":"Tomb of Lord Red Mask","floor":46,"gold_loss":0}],"is_beta":false,"boss_relics":[{"not_picked":["Replay:Wanted Poster","Coffee Dripper"],"picked":"Pandora\u0027s Box"},{"not_picked":["Replay:Bronze Core","Philosopher\u0027s Stone"],"picked":"Astrolabe"}],"items_purged_floors":[3,12,36,48],"is_endless":false,"potions_floor_spawned":[4,5,7,10,13,24,28,35,41,44,47],"ascension_level":0}}