{"host":"cxvb37eaaiijvrl4","time":1608358237,"event":{"mods":["BaseMod","Better Third Choice","Minty Spire (QoL Compilation)","MostiFishMod","Quick Restart","Rare Cards Sparkle","Shop Mod","Spicy Shops","StSLib","TestMod","Uncapped"],"gold_per_floor":[111,123,134,59,73,105,116,151,226,261,261,295,309,309,309,383,383,396,412,422,120,120,120,150,165,192,192,192,225,225,240,240,314,314,334,334,146,161,186,227,227,270,270,270,281,306,120,133,133,133,133,133,133,0,34,34],"floor_reached":57,"playtime":1837,"items_purged":["Strike_G","Strike_G","Strike_G","Survivor","Neutralize+1"],"score":3589,"play_id":"76fcfa6f-1c69-4ee5-b08e-73daeb221e42","local_time":"20201218221037","is_ascension_mode":true,"campfire_choices":[{"data":"Dagger Spray","floor":11.0,"key":"SMITH"},{"data":"Cloak And Dagger","floor":15.0,"key":"SMITH"},{"data":"Acrobatics","floor":23.0,"key":"SMITH"},{"data":"Dagger Spray","floor":28.0,"key":"SMITH"},{"data":"Accuracy","floor":30.0,"key":"SMITH"},{"floor":32.0,"key":"RECALL"},{"data":"Footwork","floor":41.0,"key":"SMITH"},{"data":"MostiFishMod:ShivMaster","floor":44.0,"key":"SMITH"},{"data":"Defend_G","floor":49.0,"key":"SMITH"},{"data":"Defend_G","floor":53.0,"key":"SMITH"}],"circlet_count":0,"master_deck":["AscendersBane","Defend_G+1","Defend_G+1","Defend_G+1","Defend_G+1","Dagger Spray+1","Cloak And Dagger+1","Acrobatics+1","Cloak And Dagger+1","Crippling Poison+1","Acrobatics+1","Venomology+1","Corpse Explosion+1","Concentrate+1","Dagger Spray+1","Accuracy+1","MostiFishMod:ShivMaster+1","Cloak And Dagger+1","Footwork+1","Catalyst+1","Backflip+1","Blade Dance+1","Backflip+1","Purity+1","Backflip+1"],"relics":["Ring of the Serpent","testmod-TestBox","DaveBox","FeatherPendant","testmod-Register","Question Card","Toxic Egg 2","CaptainsWheel","ImportantClient","MerchantsRug","Snake Skull","Centennial Puzzle","Eternal Feather","JellyFishMachine","Oddly Smooth Stone","Kunai","Technique","Strawberry"],"acts_visited":["Exordium","TheCity","TheBeyond","TheEnding"],"potions_floor_usage":[56,56,56],"damage_taken":[{"damage":0.0,"enemies":"Cultist","floor":1.0,"turns":3.0},{"damage":0.0,"enemies":"Small Slimes","floor":2.0,"turns":1.0},{"damage":0.0,"enemies":"Jaw Worm","floor":3.0,"turns":3.0},{"damage":0.0,"enemies":"Large Slime","floor":5.0,"turns":3.0},{"damage":0.0,"enemies":"Lagavulin","floor":6.0,"turns":5.0},{"damage":3.0,"enemies":"Looter","floor":7.0,"turns":2.0},{"damage":11.0,"enemies":"Gremlin Nob","floor":8.0,"turns":4.0},{"damage":0.0,"enemies":"Lagavulin","floor":10.0,"turns":3.0},{"damage":0.0,"enemies":"Gremlin Nob","floor":12.0,"turns":2.0},{"damage":0.0,"enemies":"Exordium Thugs","floor":13.0,"turns":3.0},{"damage":0.0,"enemies":"Slime Boss","floor":16.0,"turns":5.0},{"damage":0.0,"enemies":"Spheric Guardian","floor":18.0,"turns":2.0},{"damage":0.0,"enemies":"Shell Parasite","floor":19.0,"turns":1.0},{"damage":0.0,"enemies":"Chosen and Byrds","floor":20.0,"turns":4.0},{"damage":1.0,"enemies":"Slavers","floor":24.0,"turns":3.0},{"damage":0.0,"enemies":"Centurion and Healer","floor":25.0,"turns":2.0},{"damage":0.0,"enemies":"Gremlin Leader","floor":29.0,"turns":3.0},{"damage":0.0,"enemies":"Snake Plant","floor":31.0,"turns":1.0},{"damage":0.0,"enemies":"Automaton","floor":33.0,"turns":2.0},{"damage":0.0,"enemies":"3 Darklings","floor":35.0,"turns":2.0},{"damage":1.0,"enemies":"3 Shapes","floor":38.0,"turns":1.0},{"damage":0.0,"enemies":"Giant Head","floor":40.0,"turns":2.0},{"damage":0.0,"enemies":"Reptomancer","floor":42.0,"turns":2.0},{"damage":0.0,"enemies":"Writhing Mass","floor":45.0,"turns":2.0},{"damage":0.0,"enemies":"Transient","floor":46.0,"turns":4.0},{"damage":0.0,"enemies":"Jaw Worm Horde","floor":48.0,"turns":1.0},{"damage":12.0,"enemies":"Donu and Deca","floor":50.0,"turns":3.0},{"damage":0.0,"enemies":"Awakened One","floor":51.0,"turns":3.0},{"damage":0.0,"enemies":"Shield and Spear","floor":55.0,"turns":1.0},{"damage":32,"enemies":"The Heart","floor":56,"turns":5}],"seed_played":"5361553861128268760","potions_obtained":[{"floor":3.0,"key":"LiquidBronze"},{"floor":5.0,"key":"FearPotion"},{"floor":7.0,"key":"Poison Potion"},{"floor":12.0,"key":"BlessingOfTheForge"},{"floor":24.0,"key":"Poison Potion"},{"floor":25.0,"key":"EntropicBrew"},{"floor":38.0,"key":"LiquidMemories"},{"floor":40.0,"key":"Weak Potion"},{"floor":42.0,"key":"Fire Potion"}],"is_trial":false,"path_per_floor":["M","M","M","$","M","E","M","E","T","E","R","E","M","?","R","B",null,"M","M","M","$","?","R","E","M","T","?","R","E","R","M","R","B",null,"M","?","$","M","T","E","R","E","T","R","M","M","$","M","R","B","B",null,"R","$","E","B",null],"character_chosen":"THE_SILENT","items_purchased":["MerchantsRug","Footwork","Kunai","Backflip+1","Purity+1","Technique"],"campfire_rested":0,"item_purchase_floors":[21,37,47,47,47,54],"current_hp_per_floor":[59,59,59,59,59,59,56,45,45,45,45,45,45,45,45,45,61,61,61,61,61,61,61,60,60,60,60,60,60,66,66,66,66,66,66,66,66,65,65,65,66,66,66,66,66,66,66,66,66,54,59,64,66,66,73,41],"gold":34,"neow_bonus":"UPGRADE_CARD","is_daily":false,"chose_seed":false,"campfire_upgraded":9,"win_rate":0.0,"timestamp":1608358237,"path_taken":["M","?","M","$","M","E","M","E","T","E","R","E","M","?","R","BOSS","M","M","?","$","?","R","E","M","T","?","R","E","R","M","R","BOSS","M","?","$","M","?","E","R","E","T","R","M","M","$","M","R","BOSS","BOSS","R","$","E","BOSS"],"items_purchased_type":["Relic","Card","Relic","Card","Card","Relic"],"build_version":"2020-12-13","purchased_purges":5,"victory":true,"max_hp_per_floor":[66,66,66,66,66,66,66,66,66,66,66,66,66,66,66,66,66,66,66,66,66,66,66,66,66,66,66,66,66,66,66,66,66,66,66,66,66,66,66,66,66,66,66,66,66,66,66,66,66,66,66,66,66,66,73,73],"card_choices":[{"not_picked":["Slice","Crippling Poison"],"picked":"Dagger Spray","floor":1.0},{"not_picked":["Bouncing Flask","MostiFishMod:ThornCasing","Predator","MostiFishMod:PoisonShield"],"picked":"SKIP","floor":2.0},{"not_picked":["PiercingWail","Sucker Punch","Dash"],"picked":"Cloak And Dagger","floor":3.0},{"not_picked":["Deflect","Caltrops","Dagger Throw","Quick Slash"],"picked":"SKIP","floor":5.0},{"not_picked":["Setup","MostiFishMod:PoisonShield","Dash"],"picked":"Acrobatics","floor":6.0},{"not_picked":["Setup","MostiFishMod:SpreadingSpore","Outmaneuver","Dagger Throw"],"picked":"SKIP","floor":7.0},{"not_picked":["Slice","Backstab","MostiFishMod:ThornCasing"],"picked":"Cloak And Dagger+1","floor":8.0},{"not_picked":["Noxious Fumes","Dash","Dodge and Roll+1","Infinite Blades"],"picked":"SKIP","floor":10.0},{"not_picked":["Deadly Poison+1","Dagger Spray","Sucker Punch"],"picked":"Crippling Poison+1","floor":12.0},{"not_picked":["MostiFishMod:ThornCasing","All Out Attack","Grand Finale"],"picked":"Acrobatics+1","floor":13.0},{"not_picked":["Doppelganger+1","Wraith Form v2","MostiFishMod:Confrontation+1"],"picked":"Venomology+1","floor":16.0},{"not_picked":["Dodge and Roll+1","Prepared+1","Leg Sweep+1","Dagger Spray"],"picked":"SKIP","floor":18.0},{"not_picked":["Calculated Gamble+1","Infinite Blades","Dodge and Roll+1","Sucker Punch"],"picked":"SKIP","floor":19.0},{"not_picked":["MostiFishMod:PerfectParry+1","Masterful Stab","Dodge and Roll+1","Outmaneuver+1"],"picked":"SKIP","floor":20.0},{"not_picked":["Acrobatics+1","Slice","Cloak And Dagger+1"],"picked":"Corpse Explosion+1","floor":24.0},{"not_picked":["Leg Sweep+1","Sucker Punch","MostiFishMod:UniGreen+1","Backstab+1"],"picked":"SKIP","floor":25.0},{"not_picked":["Dagger Spray","Flechettes+1","Noxious Fumes"],"picked":"Accuracy","floor":29.0},{"not_picked":["Quick Slash","Dodge and Roll+1","Dagger Throw","Sucker Punch"],"picked":"SKIP","floor":31.0},{"not_picked":["MostiFishMod:VineMother","Venomology+1","Unload"],"picked":"MostiFishMod:ShivMaster","floor":33.0},{"not_picked":["Flying Knee","Well Laid Plans","Dagger Spray"],"picked":"Cloak And Dagger+1","floor":35.0},{"not_picked":["Terror+1","Cloak And Dagger+1","Acrobatics+1","Choke"],"picked":"SKIP","floor":38.0},{"not_picked":["Endless Agony","Calculated Gamble+1","Masterful Stab"],"picked":"Catalyst+1","floor":40.0},{"not_picked":["Cloak And Dagger+1","Deflect+1","Sucker Punch"],"picked":"Backflip+1","floor":42.0},{"not_picked":["Dodge and Roll+1","PiercingWail+1","Sucker Punch","Underhanded Strike"],"picked":"SKIP","floor":45.0},{"not_picked":["Well Laid Plans+1","Underhanded Strike+1","Deadly Poison+1"],"picked":"Blade Dance+1","floor":46.0},{"not_picked":["Poisoned Stab","Wraith Form v2","Underhanded Strike","Deadly Poison+1"],"picked":"SKIP","floor":48.0},{"not_picked":["Cloak And Dagger+1","Underhanded Strike","Acrobatics+1"],"picked":"Backflip+1","floor":55.0}],"player_experience":635259,"relics_obtained":[{"floor":1.0,"key":"Question Card"},{"floor":6.0,"key":"Meat on the Bone"},{"floor":8.0,"key":"Toxic Egg 2"},{"floor":10.0,"key":"CaptainsWheel"},{"floor":12.0,"key":"SynthV:C4"},{"floor":16.0,"key":"ImportantClient"},{"floor":24.0,"key":"Snake Skull"},{"floor":26.0,"key":"Centennial Puzzle"},{"floor":29.0,"key":"Eternal Feather"},{"floor":39.0,"key":"CeramicFish"},{"floor":40.0,"key":"Oddly Smooth Stone"},{"floor":42.0,"key":"StrikeDummy"},{"floor":43.0,"key":"testmod-BalancedPeriapt"},{"floor":55.0,"key":"Strawberry"}],"event_choices":[{"cards_removed":["Strike_G"],"damage_healed":0.0,"max_hp_gain":0.0,"max_hp_loss":0.0,"gold_gain":0.0,"event_name":"Wheel of Change","player_choice":"Card Removal","floor":14.0,"gold_loss":0.0,"damage_taken":0.0},{"damage_healed":0.0,"max_hp_gain":0.0,"max_hp_loss":0.0,"gold_gain":0.0,"event_name":"Cursed Tome","player_choice":"Ignored","floor":22.0,"gold_loss":0.0,"damage_taken":0.0},{"damage_healed":0.0,"max_hp_gain":0.0,"max_hp_loss":0.0,"gold_gain":0.0,"cards_transformed":["Strike_G","Defend_G"],"event_name":"Drug Dealer","player_choice":"Became Test Subject","floor":27.0,"gold_loss":0.0,"damage_taken":0.0,"cards_obtained":["Concentrate","Dagger Spray"]},{"damage_healed":0.0,"max_hp_gain":0.0,"max_hp_loss":0.0,"gold_gain":0.0,"event_name":"Tomb of Lord Red Mask","player_choice":"Ignored","floor":36.0,"gold_loss":0.0,"damage_taken":0.0}],"is_beta":false,"boss_relics":[{"not_picked":["OneHitWonderSystem","HereWithMe"],"picked":"Ring of the Serpent"},{"not_picked":["xbg","MetatronsCube"],"picked":"JellyFishMachine"}],"items_purged_floors":[4,21,21,37,47],"is_endless":false,"potions_floor_spawned":[3,5,7,12,16,24,25,38,40,42],"ascension_level":20}}