{"host":"o3b7ow6d1xe49css","time":1608358464,"event":{"mods":["2.2 Compatiblity","Act Like it!","Aspiration","BaseMod","Bestiary","Better Altar","Better Match","Better Note","Better Sensory Stone","Better Skull","Better Third Choice","Colored Powertips","Conspire","Elementarium","Energized Spire","Force Act Four","GifTheSpireLib","Halation","Hermit","Hubris","Infinite Spire","Lobotomy","Minty Spire (QoL Compilation)","Quick Restart","Replay The Spire","Spicy Shops","Spikes Relics","StSLib","Stuff the Spire","The Blue Laboratory","The Jungle","Wandering Minibosses","vexMod"],"gold_per_floor":[110,129,145,41,53,53,84,112,135,127,127,161,161,191,191,294,294,305,205,224,224,224,255,255,288,313,345,345,375,375,393,393,498,498,510,18,31,44,44,70,70,99,123,149,178,178,178,212,212,212,212,212,62,91,187],"floor_reached":56,"playtime":2569,"items_purged":["Pain","hubris:Gluttony","Strike_P","Injury","Blasphemy"],"score":2238,"play_id":"5d749a0b-7637-43db-900e-fffcda6fa745","local_time":"20201218211424","daily_mods":["Heirloom","Flight","Elite Swarm"],"is_ascension_mode":true,"campfire_choices":[{"data":"BattleHymn","floor":6,"key":"SMITH"},{"data":"Eruption","floor":11,"key":"SMITH"},{"floor":11,"key":"RECALL"},{"data":"Establishment","floor":15,"key":"SMITH"},{"data":"LessonLearned","floor":15,"key":"SMITH"},{"floor":24,"key":"REST"},{"floor":28,"key":"DIG"},{"floor":32,"key":"DIG"},{"floor":41,"key":"DIG"},{"floor":46,"key":"REST"},{"floor":47,"key":"REST"},{"floor":49,"key":"DIG"},{"floor":52,"key":"DIG"}],"circlet_count":0,"master_deck":["Strike_P+1","Strike_P+1","Strike_P+1","Defend_P+1","Defend_P","Defend_P","Defend_P+1","Eruption+1","Vigilance+1","BowlingBash","BattleHymn+1","Vengeance","LessonLearned+1","Establishment+1","Vault+1","FlyingSleeves+1","DeusExMachina+1","Wallop+1","Scrawl","WindmillStrike+1","infinitespire:Fortify"],"relics":["PureWater","Ring of Chaos","hubris:CuriousFeather","Quantum Egg","ReplayFunnel","Ancient Tea Set","MealTicket","ReplayTheSpireMod:CursedCoin","halation:PenCase","infinitespire:EmpoweringShard","Lantern","hubris:GrandSneckoEye","Regal Pillow","Dream Catcher","Shovel","Damaru","halation:PromiseList","Rawhide","Bag of Marbles","infinitespire:Joker Card","FossilizedHelix","Singing Bowl","energizedSpire:OgreHead","BargainBundle","SuspiciousGoo","WizardHat","Dead Branch","Turnip","vexMod:FocusSash","Omamori","halation:QuantumPhysicsTextbook","Replay:Bottled Snecko","StuffTheSpire:OldFever","aspiration:HummingbirdHeart","Blood Vial"],"acts_visited":["Exordium","TheCity","TheBeyond","TheEnding"],"potions_floor_usage":[7,7,12,25,31,55,55],"damage_taken":[{"damage":0,"enemies":"Cultist","floor":1,"turns":2},{"damage":7,"enemies":"Jaw Worm","floor":2,"turns":4},{"damage":4,"enemies":"2 Louse","floor":3,"turns":3},{"damage":11,"enemies":"2 Fungi Beasts","floor":5,"turns":3},{"damage":4,"enemies":"3 Sentries","floor":7,"turns":3},{"damage":6,"enemies":"Lagavulin","floor":8,"turns":4},{"damage":2,"enemies":"3 Sentries","floor":12,"turns":2},{"damage":10,"enemies":"Gremlin Nob","floor":14,"turns":3},{"damage":23,"enemies":"Fading Forest","floor":16,"turns":11},{"damage":0,"enemies":"Spheric Guardian","floor":18,"turns":2},{"damage":0,"enemies":"Chosen","floor":20,"turns":4},{"damage":19,"enemies":"Gremlin Leader","floor":23,"turns":4},{"damage":10,"enemies":"Slavers","floor":25,"turns":3},{"damage":0,"enemies":"Gremlin Leader","floor":27,"turns":5},{"damage":11,"enemies":"Nightmare","floor":29,"turns":8},{"damage":0,"enemies":"Centurion and Healer","floor":31,"turns":2},{"damage":0,"enemies":"Automaton","floor":33,"turns":4},{"damage":0,"enemies":"Orb Walker","floor":35,"turns":1},{"damage":0,"enemies":"3 Darklings","floor":37,"turns":3},{"damage":6,"enemies":"4 Shapes","floor":38,"turns":3},{"damage":0,"enemies":"Giant Head","floor":40,"turns":2},{"damage":0,"enemies":"Nemesis","floor":42,"turns":2},{"damage":0,"enemies":"Giant Head","floor":44,"turns":3},{"damage":72,"enemies":"Nightmare","floor":45,"turns":8},{"damage":0,"enemies":"Giant Head","floor":48,"turns":1},{"damage":0,"enemies":"conspire:OrnateMirror","floor":50,"turns":3},{"damage":0,"enemies":"Shield and Spear","floor":54,"turns":3},{"damage":19,"enemies":"The Heart","floor":55,"turns":5}],"seed_played":"-5543078942021081289","potions_obtained":[{"floor":1,"key":"EssenceOfSteel"},{"floor":2,"key":"blueLaboratory:SavagePotion"},{"floor":5,"key":"Fire Potion"},{"floor":23,"key":"Dexterity Potion"},{"floor":25,"key":"Elixir"},{"floor":29,"key":"Fruit Juice"},{"floor":31,"key":"LifebloodPotion"},{"floor":35,"key":"Reflective Coating"},{"floor":55,"key":"ColorlessPotion"}],"is_trial":true,"path_per_floor":["M","M","M","$","M","R","E","E","T","$","R","E","?","E","R","B",null,"M","$","M","?","?","E","R","E","T","E","R","NM","AVR","M","R","B",null,"M","$","M","M","?","E","R","E","T","E","NM","R","R","E","R","B",null,"R","$","E","B",null],"character_chosen":"WATCHER","items_purchased":["Quantum Egg","ReplayTheSpireMod:CursedCoin","halation:PenCase","BargainBundle","blueLaboratory:BottleOfRum","SuspiciousGoo","WizardHat"],"campfire_rested":3,"item_purchase_floors":[4,10,10,36,36,36,36],"current_hp_per_floor":[72,65,61,61,50,50,46,40,40,55,55,53,53,43,43,55,68,68,72,72,72,55,36,72,62,62,62,62,51,51,56,56,56,72,74,79,81,75,75,77,77,79,79,81,11,54,93,98,98,98,98,98,98,100,83],"gold":187,"neow_bonus":"","is_daily":false,"chose_seed":false,"campfire_upgraded":4,"win_rate":0.0,"timestamp":1608358464,"path_taken":["M","M","M","?","?","R","E","E","T","$","R","E","?","E","R","BOSS","M","$","M","?","?","E","R","E","T","E","R","NM","AVR","?","R","BOSS","M","$","M","M","?","E","R","E","T","E","NM","R","R","E","R","BOSS","R","$","E","BOSS"],"items_purchased_type":["Relic","Relic","Relic","Relic","Potion","Relic","Relic"],"build_version":"2020-12-13","purchased_purges":5,"victory":true,"max_hp_per_floor":[72,72,72,72,72,72,72,72,72,72,72,72,72,72,72,72,72,72,72,72,72,72,72,72,72,72,72,72,72,72,77,77,77,77,79,79,81,81,81,83,83,85,85,87,89,91,93,98,98,98,98,98,98,100,102],"card_choices":[{"not_picked":["Halt","EmptyFist"],"picked":"BowlingBash","floor":1},{"not_picked":["EmptyFist","Evaluate"],"picked":"BattleHymn","floor":2},{"not_picked":["WaveOfTheHand","ThirdEye","Pray"],"picked":"SKIP","floor":3},{"not_picked":["JustLucky","Prostrate"],"picked":"Vengeance","floor":5},{"not_picked":["Devotion","ConjureBlade","Omniscience"],"picked":"SKIP","floor":7},{"not_picked":["Wish","Ragnarok"],"picked":"LessonLearned","floor":8},{"not_picked":["LessonLearned","SpiritShield","ConjureBlade"],"picked":"SKIP","floor":12},{"not_picked":["Omniscience","Brilliance"],"picked":"Establishment","floor":14},{"not_picked":["Judgement","Scrawl"],"picked":"Vault","floor":16},{"not_picked":["PathToVictory","FlurryOfBlows","Adaptation+1"],"picked":"SKIP","floor":18},{"not_picked":["Evaluate","InnerPeace"],"picked":"FlyingSleeves+1","floor":20},{"not_picked":["DevaForm","Devotion","LessonLearned"],"picked":"SKIP","floor":23},{"not_picked":["DeusExMachina","LessonLearned"],"picked":"Blasphemy","floor":25},{"not_picked":["DevaForm","Blasphemy","DeusExMachina"],"picked":"SKIP","floor":27},{"not_picked":["SpiritShield","Establishment"],"picked":"DeusExMachina","floor":29},{"not_picked":["BowlingBash","FollowUp"],"picked":"Wallop+1","floor":31},{"not_picked":["DeusExMachina","Alpha"],"picked":"Scrawl","floor":33},{"not_picked":["BowlingBash+1","Evaluate","Consecrate+1"],"picked":"Singing Bowl","floor":35},{"not_picked":["Sanctity","Replay:ManipulateFuture","SignatureMove+1"],"picked":"Singing Bowl","floor":37},{"not_picked":["Replay:AtTheReady+1","BowlingBash"],"picked":"WindmillStrike+1","floor":38},{"not_picked":["Replay:LoomingThreat","Judgement","SpiritShield"],"picked":"Singing Bowl","floor":40},{"not_picked":["Replay:AllIn","Brilliance","Omniscience"],"picked":"Singing Bowl","floor":42},{"not_picked":["Alpha","Scrawl","Replay:AllIn"],"picked":"Singing Bowl","floor":44},{"not_picked":["infinitespire:DeathsTouch","hubris:Fate"],"picked":"infinitespire:Fortify","floor":45},{"not_picked":["Replay:AllIn","Establishment","Devotion"],"picked":"Singing Bowl","floor":45},{"not_picked":["FollowUp","FlurryOfBlows","Adaptation"],"picked":"Singing Bowl","floor":46},{"not_picked":["EmptyBody+1","Protect","WaveOfTheHand+1"],"picked":"Singing Bowl","floor":47},{"not_picked":["Omniscience","Wish","Alpha"],"picked":"Singing Bowl","floor":48},{"not_picked":["Replay:LoomingThreat","Judgement","DeusExMachina"],"picked":"Singing Bowl","floor":54},{"not_picked":["Omniscience","Vault","Devotion"],"picked":"Singing Bowl","floor":55}],"player_experience":1747469,"relics_obtained":[{"floor":7,"key":"ReplayFunnel"},{"floor":8,"key":"Ancient Tea Set"},{"floor":9,"key":"MealTicket"},{"floor":12,"key":"infinitespire:EmpoweringShard"},{"floor":14,"key":"Lantern"},{"floor":21,"key":"Regal Pillow"},{"floor":23,"key":"Shovel"},{"floor":25,"key":"Damaru"},{"floor":26,"key":"halation:PromiseList"},{"floor":27,"key":"Rawhide"},{"floor":28,"key":"Bag of Marbles"},{"floor":29,"key":"infinitespire:Joker Card"},{"floor":32,"key":"Singing Bowl"},{"floor":40,"key":"Dead Branch"},{"floor":41,"key":"Turnip"},{"floor":42,"key":"vexMod:FocusSash"},{"floor":44,"key":"Omamori"},{"floor":45,"key":"halation:QuantumPhysicsTextbook"},{"floor":48,"key":"Replay:Bottled Snecko"},{"floor":49,"key":"StuffTheSpire:OldFever"},{"floor":52,"key":"aspiration:HummingbirdHeart"},{"floor":54,"key":"Blood Vial"}],"event_choices":[{"damage_healed":0,"gold_gain":0,"player_choice":"Leave","damage_taken":0,"max_hp_gain":0,"max_hp_loss":0,"event_name":"conspire:Investor","floor":13,"gold_loss":0},{"damage_healed":0,"gold_gain":0,"player_choice":"Relic","damage_taken":0,"max_hp_gain":0,"max_hp_loss":0,"event_name":"Wheel of Change","floor":21,"gold_loss":0},{"damage_healed":0,"gold_gain":0,"player_choice":"RE ","damage_taken":19,"relics_obtained":["Dream Catcher"],"max_hp_gain":0,"max_hp_loss":0,"event_name":"betterSkull:BetterSkull","floor":22,"gold_loss":0,"cards_upgraded":[]}],"is_beta":false,"boss_relics":[{"not_picked":["halation:SmartPhone","energizedSpire:BlackCloud"],"picked":"hubris:GrandSneckoEye"},{"not_picked":["SlaversCollar","Pandora\u0027s Box"],"picked":"energizedSpire:OgreHead"}],"items_purged_floors":[10,19,30,36,53],"is_endless":true,"potions_floor_spawned":[1,2,5,23,25,29,31,33,35,40,48,54,55],"ascension_level":5}}