{"host":"9eiowk8mxro5m2sz","time":1608350757,"event":{"mods":["Act Like it!","Alarm Clock","BaseMod","CapriCore","Decade(王小明)","Friendly Minions","Gensokyo","Kiyohime（清姬）","LagranYue(拉格朗・月)","Luminous","Minty Spire (QoL Compilation)","Quick Restart","Reimu（博丽灵梦）","Relic Stats","Replay The Spire","StSLib","The Alterego","The Immortal","The Servant 0.9.4","WarShipGirlsR/战舰少女R mod","Yohane!","Youmu（魂魄妖梦）","Yuri Mod","Yuyuko","【东方二次创作】八云紫mod","【遗物卡牌】REMEMod"],"gold_per_floor":[112,112,112,112,6,43,59,59,107,107,120,120,144,139,139,244,244,164,164,89,89,89,204,130,130,130,130,154,154,182,208,208,328,328,348,377,417,417,417,475,504,504,504,551,591,591,591,617,617,641],"floor_reached":51,"playtime":2659,"items_purged":[],"score":897,"play_id":"9aabc404-e497-47a8-ae11-d8c0e6194446","local_time":"20201219120557","daily_mods":["Heirloom","Time Dilation","Flight"],"is_ascension_mode":false,"campfire_choices":[{"data":"KamiRite:ReiMu","floor":8,"key":"SMITH"},{"floor":12,"key":"REST"},{"floor":15,"key":"REST"},{"data":"FoulBorder2:ReiMu","floor":25,"key":"SMITH"},{"data":"CeremonyResonance:ReiMu","floor":27,"key":"SMITH"},{"data":"KyokaiOfKami:ReiMu","floor":29,"key":"SMITH"},{"data":"Free:ReiMu","floor":32,"key":"SMITH"},{"floor":42,"key":"REST"},{"data":"Gathering:ReiMu","floor":49,"key":"SMITH"}],"circlet_count":0,"master_deck":["Strike_Lin:ReiMu+1","Strike_Lin:ReiMu","Strike_Lin:ReiMu","Strike_Lin:ReiMu","Defend_Lin:ReiMu","Defend_Lin:ReiMu","Defend_Lin:ReiMu","Defend_Lin:ReiMu","NB:ReiMu+1","Stagnation:ReiMu","AirStrike:ReiMu","SafetyPray:ReiMu","SpreadBorder2:ReiMu","KamiRite:ReiMu+1","SubcavityInstant:ReiMu","Crusade:ReiMu+1","AlertArray:ReiMu","SpringWay:ReiMu","Conquer:ReiMu","Meditation:ReiMu","CeremonyResonance:ReiMu+1","SpreadBorder2:ReiMu","Amulet:ReiMu","Free:ReiMu+1","KyokaiOfKami:ReiMu+1","Gathering:ReiMu+1","UpKicking:ReiMu","FoulBorder2:ReiMu+1","CareerPray:ReiMu","DoubleButterfly:ReiMu+1","Free:ReiMu","FantasyMoon:ReiMu+1","PrepareRite:ReiMu","OrbThrow:ReiMu","The Way to Death"],"relics":["ShineYinYang:ReiMu","REME_ComplimentaryCards","StoneCalendar","Bloody Idol","YidongShenshe:ReiMu","Garlic","Mirror","Dream Catcher","Pet Ghost","Tiny Chest","MutagenicStrength","REME_ArchaeologicalTools","Incense Burner","Peace Pipe","Replay:Grab Bag","Busted Crown","LagranYue:ContractPerformanceRelic","Ring of Chaos","SacredBark","CrazyTorch:ReiMu","Replay:Accelerometer","Whetstone","Toxic Egg 2","Mango","LagranYue:ReturningEmperorRelic","LagranYue:GuideDeadRelic"],"acts_visited":["Exordium","TheCity","TheBeyond"],"potions_floor_usage":[44],"damage_taken":[{"damage":2,"enemies":"Small Slimes","floor":1,"turns":6},{"damage":8,"enemies":"Lagavulin","floor":6,"turns":7},{"damage":9,"enemies":"Replay:BlueRogue","floor":7,"turns":7},{"damage":21,"enemies":"3 Sentries","floor":11,"turns":7},{"damage":14,"enemies":"Gremlin Nob","floor":13,"turns":4},{"damage":0,"enemies":"2 Louse","floor":14,"turns":4},{"damage":8,"enemies":"Hexaghost","floor":16,"turns":9},{"damage":6,"enemies":"2 Thieves","floor":18,"turns":4},{"damage":0,"enemies":"Gremlin Leader","floor":23,"turns":6},{"damage":4,"enemies":"3 Byrds","floor":28,"turns":5},{"damage":10,"enemies":"Shelled Parasite and Fungi","floor":30,"turns":5},{"damage":4,"enemies":"Centurion and Healer","floor":31,"turns":5},{"damage":73,"enemies":"Automaton","floor":33,"turns":11},{"damage":2,"enemies":"Orb Walker","floor":35,"turns":3},{"damage":36,"enemies":"3 Darklings","floor":36,"turns":6},{"damage":19,"enemies":"Sphere and 2 Shapes","floor":37,"turns":7},{"damage":77,"enemies":"Giant Head","floor":40,"turns":10},{"damage":8,"enemies":"Jaw Worm Horde","floor":41,"turns":5},{"damage":44,"enemies":"Reptomancer","floor":44,"turns":6},{"damage":12,"enemies":"Writhing Mass","floor":45,"turns":7},{"damage":26,"enemies":"Sphere and 2 Shapes","floor":48,"turns":5},{"damage":27,"enemies":"Time Eater","floor":50,"turns":13}],"seed_played":"-284343078767221055","potions_obtained":[{"floor":6,"key":"Regen Potion"},{"floor":13,"key":"DuplicationPotion"},{"floor":23,"key":"PinkPotion:ReiMu"}],"is_trial":true,"path_per_floor":["M","?","?","?","$","E","E","R","T","?","E","R","E","M","R","B",null,"M","?","?","T","?","E","$","R","T","R","M","R","M","M","R","B",null,"M","M","M","T","?","E","M","R","T","E","M","T","?","M","R","B",null],"character_chosen":"REIMU","items_purchased":["PhosphorusFlame:ReiMu+1","SafetyPray:ReiMu","FoulBorder2:ReiMu"],"campfire_rested":3,"item_purchase_floors":[5,5,24],"current_hp_per_floor":[63,63,47,47,47,39,30,30,30,30,9,28,14,14,33,25,65,59,59,59,59,59,65,65,65,65,65,65,65,65,65,65,12,65,65,44,59,59,59,13,25,44,44,39,72,72,72,76,76,79],"gold":641,"neow_bonus":"","is_daily":false,"chose_seed":false,"campfire_upgraded":6,"win_rate":0.0,"timestamp":1608350757,"path_taken":["M","?","?","?","?","E","E","R","T","?","E","R","E","?","R","BOSS","M","?","?","?","?","E","$","R","T","R","?","R","M","M","R","BOSS","M","M","?","?","?","E","?","R","T","E","?","?","?","?","R","BOSS"],"items_purchased_type":["Card","Card","Card"],"build_version":"2020-12-13","purchased_purges":0,"victory":true,"max_hp_per_floor":[65,65,65,65,65,65,65,65,65,65,65,65,65,65,65,65,65,65,65,65,65,65,65,65,65,65,65,65,65,65,65,65,65,65,65,65,65,65,65,65,65,65,65,79,79,79,79,79,79,79],"relic_stats":{"Peace Pipe":0,"Dream Catcher":3,"Busted Crown":18,"counters":[22,140],"Bloody Idol":276,"StoneCalendar":[368],"Tiny Chest":3,"Whetstone":["Crusade:ReiMu","Strike_Lin:ReiMu"],"obtain_stats":[{"Replay:Accelerometer":39,"SacredBark":34,"StoneCalendar":0,"Mango":44,"Incense Burner":23,"Whetstone":40,"Pet Ghost":11,"LagranYue:ReturningEmperorRelic":46,"Dream Catcher":9,"Tiny Chest":13,"REME_ArchaeologicalTools":21,"Toxic Egg 2":43,"Golden Idol":3,"Replay:Grab Bag":34,"ShineYinYang:ReiMu":17,"Ring of Chaos":34,"LagranYue:GuideDeadRelic":47,"Peace Pipe":26,"LagranYue:ContractPerformanceRelic":34,"Busted Crown":34,"MutagenicStrength":19,"Bloody Idol":22,"CrazyTorch:ReiMu":38,"YidongShenshe:ReiMu":4,"Garlic":6,"FlyPower:ReiMu":0,"Mirror":7,"REME_ComplimentaryCards":0},{"Replay:Accelerometer":16,"SacredBark":13,"StoneCalendar":0,"Mango":19,"Incense Burner":9,"Whetstone":17,"Pet Ghost":4,"LagranYue:ReturningEmperorRelic":20,"Dream Catcher":3,"Tiny Chest":5,"REME_ArchaeologicalTools":8,"Toxic Egg 2":18,"Golden Idol":1,"Replay:Grab Bag":13,"ShineYinYang:ReiMu":7,"Ring of Chaos":13,"LagranYue:GuideDeadRelic":20,"Peace Pipe":9,"LagranYue:ContractPerformanceRelic":13,"Busted Crown":13,"MutagenicStrength":8,"Bloody Idol":8,"CrazyTorch:ReiMu":16,"YidongShenshe:ReiMu":1,"Garlic":2,"FlyPower:ReiMu":0,"Mirror":3,"REME_ComplimentaryCards":0},{"Replay:Accelerometer":94,"SacredBark":79,"StoneCalendar":0,"Mango":115,"Incense Burner":54,"Whetstone":104,"Pet Ghost":27,"LagranYue:ReturningEmperorRelic":122,"Dream Catcher":20,"Tiny Chest":31,"REME_ArchaeologicalTools":48,"Toxic Egg 2":109,"Golden Idol":6,"Replay:Grab Bag":79,"ShineYinYang:ReiMu":44,"Ring of Chaos":79,"LagranYue:GuideDeadRelic":122,"Peace Pipe":54,"LagranYue:ContractPerformanceRelic":79,"Busted Crown":79,"MutagenicStrength":48,"Bloody Idol":48,"CrazyTorch:ReiMu":94,"YidongShenshe:ReiMu":6,"Garlic":13,"FlyPower:ReiMu":0,"Mirror":20,"REME_ComplimentaryCards":0}]},"card_choices":[{"not_picked":["MikOfLucky:ReiMu","FantasyBorder:ReiMu"],"picked":"AirStrike:ReiMu","floor":1},{"not_picked":["Enchanting:ReiMu","WonderfulDomain:ReiMu"],"picked":"SpreadBorder2:ReiMu","floor":6},{"not_picked":["SubAcupoint:ReiMu","Conquer:ReiMu"],"picked":"KamiRite:ReiMu","floor":7},{"not_picked":["BlastKick2:ReiMu","RainPray2:ReiMu"],"picked":"Meditation:ReiMu","floor":11},{"not_picked":["WonderfulDomain:ReiMu","OrbThrow:ReiMu"],"picked":"CeremonyResonance:ReiMu","floor":12},{"not_picked":["WonderfulDomain:ReiMu","DoubleButterfly:ReiMu"],"picked":"SpreadBorder2:ReiMu","floor":13},{"not_picked":["AlertArray:ReiMu","SpringWay:ReiMu"],"picked":"Amulet:ReiMu","floor":14},{"not_picked":["AlertArray:ReiMu","UpKicking:ReiMu"],"picked":"Free:ReiMu","floor":15},{"not_picked":["KamiRite:ReiMu","Shading:ReiMu"],"picked":"KyokaiOfKami:ReiMu","floor":16},{"not_picked":["Amulet:ReiMu","Enchanting:ReiMu"],"picked":"Gathering:ReiMu","floor":18},{"not_picked":["SubcavityInstant:ReiMu+1","EmergencyTakeOff:ReiMu+1"],"picked":"UpKicking:ReiMu","floor":23},{"not_picked":["OrbThrow:ReiMu","SpringWay:ReiMu"],"picked":"CareerPray:ReiMu","floor":28},{"not_picked":["ForcedLanding:ReiMu","Conquer:ReiMu","SafetyPray:ReiMu"],"picked":"SKIP","floor":30},{"not_picked":["Amulet:ReiMu","Conquer:ReiMu"],"picked":"DoubleButterfly:ReiMu+1","floor":31},{"not_picked":["RunawayExorcism:ReiMu","OctopathSalyBorderN:ReiMu"],"picked":"Free:ReiMu","floor":33},{"not_picked":["WonderfulDomain:ReiMu"],"picked":"SKIP","floor":35},{"not_picked":[],"picked":"FantasyMoon:ReiMu+1","floor":36},{"not_picked":["EmergencyTakeOff:ReiMu+1"],"picked":"SKIP","floor":37},{"not_picked":[],"picked":"PrepareRite:ReiMu","floor":40},{"not_picked":["RainPray2:ReiMu+1"],"picked":"SKIP","floor":41},{"not_picked":["PrepareRite:ReiMu+1"],"picked":"SKIP","floor":44},{"not_picked":[],"picked":"OrbThrow:ReiMu","floor":45},{"not_picked":["ForcedLanding:ReiMu"],"picked":"SKIP","floor":48}],"player_experience":563775,"relics_obtained":[{"floor":6,"key":"Garlic"},{"floor":7,"key":"Mirror"},{"floor":9,"key":"Dream Catcher"},{"floor":11,"key":"Pet Ghost"},{"floor":13,"key":"Tiny Chest"},{"floor":21,"key":"REME_ArchaeologicalTools"},{"floor":23,"key":"Incense Burner"},{"floor":26,"key":"Peace Pipe"},{"floor":38,"key":"CrazyTorch:ReiMu"},{"floor":40,"key":"Whetstone"},{"floor":43,"key":"Toxic Egg 2"},{"floor":44,"key":"Mango"},{"floor":46,"key":"LagranYue:ReturningEmperorRelic"},{"floor":47,"key":"LagranYue:GuideDeadRelic"}],"event_choices":[{"damage_healed":0,"gold_gain":0,"player_choice":"Grow","damage_taken":0,"max_hp_gain":0,"max_hp_loss":0,"event_name":"Living Wall","floor":2,"gold_loss":0,"cards_upgraded":["NB:ReiMu"]},{"damage_healed":0,"gold_gain":0,"player_choice":"Take Damage","damage_taken":16,"relics_obtained":["Golden Idol"],"max_hp_gain":0,"max_hp_loss":0,"event_name":"Golden Idol","floor":3,"gold_loss":0},{"damage_healed":0,"gold_gain":0,"player_choice":"带走神社","damage_taken":0,"relics_obtained":["YidongShenshe:ReiMu"],"max_hp_gain":0,"max_hp_loss":0,"event_name":"yidonshenshe","floor":4,"gold_loss":0,"cards_obtained":["Poor:ReiMu"]},{"damage_healed":0,"gold_gain":0,"player_choice":"Inject Mutagens","damage_taken":0,"relics_obtained":["MutagenicStrength"],"max_hp_gain":0,"max_hp_loss":0,"event_name":"Drug Dealer","floor":19,"gold_loss":0},{"cards_removed":["Poor:ReiMu"],"damage_healed":0,"gold_gain":0,"player_choice":"Gave Gold","damage_taken":0,"max_hp_gain":0,"max_hp_loss":0,"event_name":"Beggar","floor":20,"gold_loss":75},{"damage_healed":0,"gold_gain":0,"player_choice":"Gave Idol","damage_taken":0,"relics_obtained":["Bloody Idol"],"max_hp_gain":0,"max_hp_loss":0,"event_name":"Forgotten Altar","floor":22,"relics_lost":["Golden Idol"],"gold_loss":0},{"cards_removed":["PhosphorusFlame:ReiMu"],"damage_healed":0,"gold_gain":0,"player_choice":"Gave Card","damage_taken":0,"relics_obtained":["Replay:Accelerometer"],"max_hp_gain":0,"max_hp_loss":0,"event_name":"WeMeetAgain","floor":39,"gold_loss":0},{"damage_healed":0,"gold_gain":0,"player_choice":"Relic","damage_taken":0,"max_hp_gain":0,"max_hp_loss":0,"event_name":"Wheel of Change","floor":47,"gold_loss":0}],"is_beta":false,"boss_relics":[{"not_picked":["REME_DuelDisc","Snecko Eye"],"picked":"ShineYinYang:ReiMu"},{"not_picked":["Philosopher\u0027s Stone","Tiny House"],"picked":"Replay:Grab Bag"},{"not_picked":["Sozu","Runic Dome"],"picked":"Busted Crown"},{"not_picked":["ChewingGum","SlaversCollar"],"picked":"LagranYue:ContractPerformanceRelic"},{"not_picked":["Calling Bell","Honey Jar"],"picked":"Ring of Chaos"},{"not_picked":["Runic Pyramid","Black Star"],"picked":"SacredBark"}],"items_purged_floors":[],"is_endless":false,"potions_floor_spawned":[6,13,23,30,36,41],"ascension_level":0}}