{"host":"vh33hu3wddwn6yt6","time":1608393170,"event":{"mods":["AchievementEnabler","Act Like it!","Aspiration","BaseMod","Better Altar","Better Match","Better Note","Better Sensory Stone","Better Skull","Better Third Choice","BetterRewards","Downfall","Hubris","Minty Spire (QoL Compilation)","Permanent Neow","Replay The Spire","Shade Mod","Shop Mod","Spicy Shops","StSLib","SuperFastMode","The Blackbeard","The Necromancer","The Poker Player","The Servant 0.9.4","TheBandit","UnlockEverythingMod","Wandering Minibosses"],"gold_per_floor":[99,127,52,64,64,95,95,95,106,131,149,162,180,180,199,199,199,199],"floor_reached":16,"playtime":555,"items_purged":[],"score":147,"play_id":"e47eac1b-e613-4b3c-b630-1c74c6982249","local_time":"20201219165250","is_ascension_mode":false,"campfire_choices":[{"floor":1,"key":"RECALL"},{"data":"wariomod:EndlessBlast","floor":3,"key":"SMITH"}],"circlet_count":0,"master_deck":["wariomod:Strike","wariomod:Strike","wariomod:Strike","wariomod:Strike","wariomod:Defend","wariomod:Defend","wariomod:Defend","wariomod:Defend","wariomod:Step","wariomod:Leap","wariomod:EndlessBlast+1","wariomod:GoAgain","wariomod:EndlessBlast","wariomod:VeryLongJump","Guardian:Aged"],"relics":["wariomod:TheHat","StoneCalendar","Shuriken","downfall:HeartBlessingRed","hubris:Towel","Anchor","Letter Opener","hubris:DisguiseKit"],"acts_visited":["Exordium"],"potions_floor_usage":[6,10,13],"damage_taken":[{"damage":27,"enemies":"3 Sentries","floor":2,"turns":7},{"damage":0,"enemies":"2 Louse","floor":4,"turns":1},{"damage":12,"enemies":"Gremlin Nob","floor":6,"turns":2},{"damage":1,"enemies":"Cultist","floor":9,"turns":3},{"damage":9,"enemies":"3 Sentries","floor":10,"turns":4},{"damage":0,"enemies":"Jaw Worm","floor":11,"turns":2},{"damage":0,"enemies":"2 Fungi Beasts","floor":12,"turns":2},{"damage":0,"enemies":"Exordium Wildlife","floor":13,"turns":2},{"damage":0,"enemies":"3 Louse","floor":15,"turns":2},{"damage":33,"enemies":"downfall:Watcher","floor":16,"turns":5}],"seed_played":"-5695758541434230822","potions_obtained":[{"floor":4,"key":"Death Potion"},{"floor":9,"key":"SkillPotion"},{"floor":11,"key":"SpeedPotion"},{"floor":12,"key":"LifebloodPotion"}],"is_trial":false,"path_per_floor":["R","E","R","M","?","E","T","?","M","E","M","M","M","?","M","B"],"character_chosen":"THE_BANDIT","items_purchased":[],"campfire_rested":0,"item_purchase_floors":[],"current_hp_per_floor":[80,53,53,53,53,41,41,41,40,31,31,31,31,31,31,0,0,0],"gold":199,"neow_bonus":"ONE_RARE_RELIC","is_daily":false,"chose_seed":false,"campfire_upgraded":1,"win_rate":0.0,"timestamp":1608393170,"path_taken":["R","E","R","M","?","E","T","?","M","E","?","M","M","?","M","BOSS"],"items_purchased_type":[],"build_version":"2020-12-13","purchased_purges":0,"victory":false,"max_hp_per_floor":[80,80,80,80,80,80,80,80,80,80,80,80,80,80,80,80,80,80],"card_choices":[{"not_picked":["wariomod:BigUpgrade","wariomod:DoubleDip"],"picked":"wariomod:EndlessBlast","floor":2},{"not_picked":["wariomod:Hopshield","wariomod:Leapslam","wariomod:DisarmingMoves"],"picked":"SKIP","floor":4},{"not_picked":["wariomod:ThatsNotAll","wariomod:Game"],"picked":"wariomod:GoAgain","floor":6},{"not_picked":["wariomod:Hopshield","wariomod:DoubleDash"],"picked":"wariomod:EndlessBlast","floor":9},{"not_picked":["wariomod:TrekTime","wariomod:ChargeForth","wariomod:Bombtime"],"picked":"SKIP","floor":10},{"not_picked":["wariomod:DisarmingMoves","wariomod:BlastDash","wariomod:EmptyMind"],"picked":"SKIP","floor":11},{"not_picked":["wariomod:SimpleShield","wariomod:HappyHit","wariomod:AwfulLook"],"picked":"SKIP","floor":12},{"not_picked":["wariomod:Bombshield","wariomod:Boomsmack"],"picked":"wariomod:VeryLongJump","floor":13},{"not_picked":["wariomod:Smackflip","wariomod:ImFeelingLucky","wariomod:Bombtime","Whirlwind_of_Bones"],"picked":"SKIP","floor":15}],"player_experience":539526,"relics_obtained":[{"floor":2,"key":"Shuriken"},{"floor":6,"key":"Anchor"},{"floor":10,"key":"Letter Opener"}],"event_choices":[{"cards_removed":["Regret"],"damage_healed":0,"gold_gain":0,"player_choice":"Card Removal","damage_taken":0,"max_hp_gain":0,"max_hp_loss":0,"event_name":"Wheel of Change","floor":8,"gold_loss":0}],"is_beta":false,"boss_relics":[],"items_purged_floors":[],"is_endless":false,"potions_floor_spawned":[4,9,11,12],"killed_by":"downfall:Watcher","ascension_level":0}}