{"host":"qwv9nni2x0umspiu","time":1608414295,"event":{"mods":["BaseMod","Downfall","Minty Spire (QoL Compilation)","Replay The Spire","StSLib","The Hierophant","Wandering Minibosses"],"gold_per_floor":[115,415,415,340,340,340,366,366,391,405,420,431,455,205,205,165,165],"floor_reached":16,"playtime":523,"items_purged":["hierophant:Defend_Hierophant","hierophant:Strike_Hierophant"],"score":266,"play_id":"9f04d1f5-b3b3-497e-9b85-c99b43909af4","local_time":"20201219134455","is_ascension_mode":true,"campfire_choices":[{"data":"hierophant:ChurchCoffers","floor":6,"key":"SMITH"},{"data":"hierophant:Punish","floor":8,"key":"SMITH"},{"floor":15,"key":"DIG"}],"circlet_count":0,"master_deck":["AscendersBane","hierophant:Strike_Hierophant","hierophant:Strike_Hierophant","hierophant:Strike_Hierophant","hierophant:Punish+1","hierophant:Defend_Hierophant","hierophant:Defend_Hierophant","hierophant:Defend_Hierophant","hierophant:ChurchCoffers+1","hierophant:Upheaval","hierophant:SealAway","hierophant:Shelter"],"relics":["hierophant:PropheticMaskRelic","NeowsBlessing","Old Coin","ReplayTheSpireMod:Ninjato","Bag of Preparation","Bronze Scales","Membership Card","TungstenRod"],"acts_visited":["Exordium"],"potions_floor_usage":[12,13,16],"damage_taken":[{"damage":0,"enemies":"Jaw Worm","floor":1,"turns":1},{"damage":0,"enemies":"Gremlin Nob","floor":7,"turns":1},{"damage":0,"enemies":"Cultist","floor":10,"turns":1},{"damage":0,"enemies":"2 Louse","floor":11,"turns":2},{"damage":14,"enemies":"Exordium Wildlife","floor":12,"turns":2},{"damage":20,"enemies":"3 Sentries","floor":13,"turns":4},{"damage":17,"enemies":"Fading Forest","floor":16,"turns":9}],"seed_played":"-6203802507915595973","potions_obtained":[{"floor":7,"key":"SkillPotion"},{"floor":12,"key":"Fire Potion"},{"floor":13,"key":"Adrenaline Potion"}],"is_trial":false,"path_per_floor":["M","?","?","$","?","R","E","R","T","M","M","M","E","$","R","B"],"character_chosen":"HIEROPHANT","items_purchased":["Membership Card","hierophant:Shelter"],"campfire_rested":0,"item_purchase_floors":[14,14],"current_hp_per_floor":[68,50,50,50,75,75,75,75,75,75,75,61,41,41,41,32,32],"gold":165,"neow_bonus":"THREE_ENEMY_KILL","is_daily":false,"chose_seed":false,"campfire_upgraded":2,"win_rate":0.0,"timestamp":1608414295,"path_taken":["M","?","?","$","?","R","E","R","T","?","M","M","E","$","R","BOSS"],"items_purchased_type":["Relic","Card"],"build_version":"2020-12-13","purchased_purges":2,"victory":false,"max_hp_per_floor":[75,75,75,75,75,75,75,75,75,75,75,75,75,75,75,75,75],"card_choices":[{"not_picked":["hierophant:FlamingChariot","hierophant:CoinFling","hierophant:Sermon"],"picked":"SKIP","floor":1},{"not_picked":["hierophant:SealAway","hierophant:Prophecy"],"picked":"hierophant:Upheaval","floor":7},{"not_picked":["hierophant:Doubloon","hierophant:AuricShield","hierophant:Doomsaying"],"picked":"SKIP","floor":10},{"not_picked":["hierophant:Prophecy","hierophant:Charity"],"picked":"hierophant:SealAway","floor":11},{"not_picked":["hierophant:OrnateBuckler","hierophant:Refuge","hierophant:Anathema"],"picked":"SKIP","floor":12},{"not_picked":["hierophant:SealAway","hierophant:Remorse","hierophant:Flagellation"],"picked":"SKIP","floor":13}],"player_experience":1277262,"relics_obtained":[{"floor":7,"key":"ReplayTheSpireMod:Ninjato"},{"floor":9,"key":"Bag of Preparation"},{"floor":13,"key":"Bronze Scales"},{"floor":15,"key":"TungstenRod"}],"event_choices":[{"damage_healed":0,"gold_gain":0,"player_choice":"Success","damage_taken":18,"relics_obtained":["Old Coin"],"max_hp_gain":0,"max_hp_loss":0,"event_name":"Scrap Ooze","floor":2,"gold_loss":0},{"damage_healed":25,"gold_gain":0,"player_choice":"Full Heal","damage_taken":0,"max_hp_gain":0,"max_hp_loss":0,"event_name":"Wheel of Change","floor":5,"gold_loss":0}],"is_beta":false,"boss_relics":[],"items_purged_floors":[4,14],"is_endless":false,"potions_floor_spawned":[7,12,13],"killed_by":"Fading Forest","ascension_level":20}}