{"host":"eq1m0q9u0q68wvol","time":1608394247,"event":{"mods":["Act Like it!","BaseMod","Colored Powertips","Gensokyo","Minty Spire (QoL Compilation)","StSLib","The Servant 0.9.4","Youmu（魂魄妖梦）"],"gold_per_floor":[109,109,109,109,109,139,158,158,158,169,169,194,194,119,119,217,217,230,57,42,42,60,60,60,60,60],"floor_reached":25,"playtime":1406,"items_purged":[],"score":228,"play_id":"b55fdd12-ee80-45e4-b68a-50d401697469","local_time":"20201220001047","is_ascension_mode":true,"campfire_choices":[{"data":"DevaForm","floor":8,"key":"SMITH"},{"floor":11,"key":"REST"},{"data":"SandsOfTime","floor":13,"key":"SMITH"},{"data":"Wireheading","floor":15,"key":"SMITH"},{"floor":23,"key":"REST"}],"circlet_count":0,"master_deck":["Strike_P","Strike_P","Defend_P","Defend_P","Defend_P","Defend_P","Eruption+1","Vigilance","DevaForm+1","InnerPeace+1","SandsOfTime+1","Wireheading+1","Alpha+1","Panache","Perseverance+1","Swivel+1","Conclude"],"relics":["PureWater","Smiling Mask","Thread and Needle","White Beast Statue","Toxic Egg 2","Strawberry","Black Star","Nilry\u0027s Codex"],"acts_visited":["Exordium","TheCity"],"potions_floor_usage":[12,16,16,16,22,22,22],"damage_taken":[{"damage":0.0,"enemies":"Jaw Worm","floor":1.0,"turns":1.0},{"damage":23.0,"enemies":"Gremlin Nob","floor":6.0,"turns":3.0},{"damage":5,"enemies":"Small Slimes","floor":7,"turns":7},{"damage":0,"enemies":"2 Louse","floor":10,"turns":2},{"damage":20,"enemies":"Lagavulin","floor":12,"turns":6},{"damage":2,"enemies":"Hexaghost","floor":16,"turns":10},{"damage":45,"enemies":"3 Byrds","floor":18,"turns":4},{"damage":27,"enemies":"2 Thieves","floor":20,"turns":4},{"damage":1,"enemies":"Snecko","floor":22,"turns":5},{"damage":17,"enemies":"Book of Stabbing","floor":25,"turns":3}],"seed_played":"-2063860129625653358","potions_obtained":[{"floor":6,"key":"EssenceOfSteel"},{"floor":7,"key":"GamblersBrew"},{"floor":10,"key":"EssenceOfSteel"},{"floor":12,"key":"Swift Potion"},{"floor":16,"key":"Weak Potion"},{"floor":18,"key":"AttackPotion"},{"floor":20,"key":"SteroidPotion"},{"floor":22,"key":"Ancient Potion"}],"is_trial":false,"path_per_floor":["M","?","?","?","?","E","M","R","T","M","R","E","R","$","R","B",null,"M","$","M","?","M","R","?","E"],"character_chosen":"WATCHER","items_purchased":["Wireheading","Panache"],"campfire_rested":2,"item_purchase_floors":[14,19],"current_hp_per_floor":[72,60,60,60,53,30,25,25,25,25,46,33,33,33,33,31,79,34,34,7,7,6,29,13,0,0],"gold":60,"neow_bonus":"UPGRADE_CARD","is_daily":false,"chose_seed":false,"campfire_upgraded":3,"win_rate":0.0,"timestamp":1608394247,"path_taken":["M","?","?","?","?","E","M","R","T","M","R","E","R","?","R","BOSS","M","$","M","?","M","R","?","E"],"items_purchased_type":["Card","Card"],"build_version":"2020-12-13","purchased_purges":0,"victory":false,"max_hp_per_floor":[72,72,72,72,72,72,72,72,72,72,72,79,79,79,79,79,79,79,79,79,79,79,79,79,79,79],"card_choices":[{"not_picked":["Evaluate","ClearTheMind","Prostrate"],"picked":"SKIP","floor":1.0},{"not_picked":["Adaptation","ThirdEye"],"picked":"DevaForm","floor":6},{"not_picked":["Consecrate","Tantrum","Swivel"],"picked":"SKIP","floor":7},{"not_picked":["Consecrate","Tantrum","Swivel"],"picked":"SKIP","floor":7},{"not_picked":["Consecrate","Tantrum"],"picked":"InnerPeace+1","floor":10},{"not_picked":["Evaluate+1","Protect+1"],"picked":"SandsOfTime","floor":12},{"not_picked":["Ragnarok","Vault+1"],"picked":"Alpha+1","floor":16},{"not_picked":["PathToVictory+1","FlyingSleeves","Fasting2"],"picked":"SKIP","floor":18},{"not_picked":["ClearTheMind+1","CrushJoints+1"],"picked":"Perseverance+1","floor":20},{"not_picked":["Halt+1","Wallop+1","FlyingSleeves+1"],"picked":"SKIP","floor":22}],"player_experience":306696,"relics_obtained":[{"floor":6,"key":"White Beast Statue"},{"floor":9,"key":"Toxic Egg 2"},{"floor":12,"key":"Strawberry"},{"floor":24,"key":"Nilry\u0027s Codex"}],"event_choices":[{"damage_healed":0.0,"max_hp_gain":0.0,"max_hp_loss":0.0,"gold_gain":0.0,"event_name":"Scrap Ooze","player_choice":"Success","floor":2.0,"gold_loss":0.0,"damage_taken":12.0,"relics_obtained":["Smiling Mask"]},{"damage_healed":0.0,"max_hp_gain":0.0,"max_hp_loss":0.0,"gold_gain":0.0,"event_name":"Big Fish","player_choice":"Box","floor":3.0,"gold_loss":0.0,"damage_taken":0.0,"relics_obtained":["Thread and Needle"],"cards_obtained":["Regret"]},{"damage_healed":0.0,"max_hp_gain":0.0,"max_hp_loss":0.0,"gold_gain":0.0,"event_name":"Liars Game","player_choice":"Ignored","floor":4.0,"gold_loss":0.0,"damage_taken":0.0},{"cards_removed":["Regret"],"damage_healed":0.0,"max_hp_gain":0.0,"max_hp_loss":0.0,"gold_gain":0.0,"event_name":"Golden Wing","player_choice":"Card Removal","floor":5.0,"gold_loss":0.0,"damage_taken":7.0},{"damage_healed":0,"gold_gain":0,"cards_transformed":["Strike_P","Strike_P"],"player_choice":"Became Test Subject","damage_taken":0,"max_hp_gain":0,"max_hp_loss":0,"event_name":"Drug Dealer","floor":21,"gold_loss":0,"cards_obtained":["Swivel","Conclude"]},{"damage_healed":0,"gold_gain":0,"player_choice":"Obtained Book","damage_taken":16,"max_hp_gain":0,"max_hp_loss":0,"event_name":"Cursed Tome","floor":24,"gold_loss":0}],"is_beta":false,"boss_relics":[{"not_picked":["Busted Crown","Snecko Eye"],"picked":"Black Star"}],"items_purged_floors":[],"is_endless":false,"potions_floor_spawned":[6,7,10,12,16,18,20,22],"killed_by":"Book of Stabbing","ascension_level":2}}