{"host":"utqe55yv0jihe4d6","time":1608391574,"event":{"mods":["2.2 Compatiblity","AchievementEnabler","BaseMod","Block Reminder","Colored Map","Colored Powertips","Minty Spire (QoL Compilation)","Quick Restart","Rare Cards Sparkle","Relic Stats","SuperFastMode"],"gold_per_floor":[113,113,113,132,152,152,192,192,192,192,210,10,41,65,65,176,176,191,210,233,180,5,5,5,5],"floor_reached":24,"playtime":721,"items_purged":["Strike_G","Strike_G"],"score":412,"play_id":"041dc284-e117-42ff-8945-c200600dd7b5","local_time":"20201219102614","is_ascension_mode":true,"campfire_choices":[{"data":"Skewer","floor":6,"key":"SMITH"},{"floor":8,"key":"REST"},{"data":"Neutralize","floor":10,"key":"SMITH"},{"floor":15,"key":"REST"},{"floor":23,"key":"REST"}],"circlet_count":0,"master_deck":["AscendersBane","Strike_G","Strike_G","Strike_G","Defend_G","Defend_G","Defend_G","Defend_G","Defend_G","Survivor","Neutralize+1","Dagger Spray","Skewer+1","PiercingWail","Predator","Envenom","Leg Sweep","Enlightenment"],"relics":["Ring of the Snake","Thread and Needle","Golden Idol","Singing Bowl","Regal Pillow","Pen Nib","Membership Card","Darkstone Periapt","Snecko Eye","Meat on the Bone"],"acts_visited":["Exordium","TheCity"],"potions_floor_usage":[7,16,24],"damage_taken":[{"damage":0,"enemies":"Small Slimes","floor":1,"turns":6},{"damage":3,"enemies":"Jaw Worm","floor":4,"turns":5},{"damage":0,"enemies":"Cultist","floor":5,"turns":4},{"damage":25,"enemies":"Lagavulin","floor":7,"turns":4},{"damage":1,"enemies":"Red Slaver","floor":11,"turns":4},{"damage":19,"enemies":"Gremlin Nob","floor":13,"turns":4},{"damage":0,"enemies":"Exordium Thugs","floor":14,"turns":5},{"damage":54,"enemies":"Slime Boss","floor":16,"turns":13},{"damage":18,"enemies":"2 Thieves","floor":18,"turns":4},{"damage":11,"enemies":"Shell Parasite","floor":19,"turns":3},{"damage":6,"enemies":"Chosen and Byrds","floor":20,"turns":4},{"damage":54,"enemies":"Book of Stabbing","floor":24,"turns":7}],"seed_played":"6506203080029522579","potions_obtained":[{"floor":5,"key":"FearPotion"},{"floor":14,"key":"ColorlessPotion"},{"floor":18,"key":"PowerPotion"}],"is_trial":false,"path_per_floor":["M","?","?","M","M","R","E","R","T","R","M","$","E","M","R","B",null,"M","M","M","?","$","R","E"],"character_chosen":"THE_SILENT","items_purchased":["Membership Card","Leg Sweep","Poison Potion","Enlightenment"],"campfire_rested":3,"item_purchase_floors":[12,22,22,22],"current_hp_per_floor":[59,54,36,33,35,35,10,41,41,41,40,40,23,25,58,4,46,30,21,17,17,17,51,0,0],"gold":5,"neow_bonus":"ONE_RARE_RELIC","is_daily":false,"chose_seed":false,"campfire_upgraded":2,"win_rate":0.0,"timestamp":1608391574,"path_taken":["M","?","?","M","M","R","E","R","T","R","M","$","E","M","R","BOSS","M","M","M","?","?","R","E"],"items_purchased_type":["Relic","Card","Potion","Card"],"build_version":"2020-12-13","purchased_purges":2,"victory":false,"max_hp_per_floor":[60,54,54,54,56,56,56,56,56,56,56,56,58,60,60,60,60,62,64,66,66,66,66,66,66],"relic_stats":{"Darkstone Periapt":0,"Regal Pillow":45,"Singing Bowl":12,"counters":[12,63],"Golden Idol":61,"Snecko Eye":[27,31,39,26],"Pen Nib":[6],"obtain_stats":[{"Darkstone Periapt":13,"Regal Pillow":7,"Singing Bowl":3,"Golden Idol":2,"Snecko Eye":17,"Thread and Needle":0,"Pen Nib":9,"Membership Card":12,"Ring of the Snake":0,"Meat on the Bone":21},{"Darkstone Periapt":6,"Regal Pillow":4,"Singing Bowl":1,"Golden Idol":1,"Snecko Eye":8,"Thread and Needle":0,"Pen Nib":4,"Membership Card":5,"Ring of the Snake":0,"Meat on the Bone":11},{"Darkstone Periapt":27,"Regal Pillow":19,"Singing Bowl":6,"Golden Idol":6,"Snecko Eye":45,"Thread and Needle":0,"Pen Nib":19,"Membership Card":23,"Ring of the Snake":0,"Meat on the Bone":56}],"Ring of the Snake":[24],"Meat on the Bone":0},"card_choices":[{"not_picked":["Footwork","All Out Attack"],"picked":"Dagger Spray","floor":1},{"not_picked":["Deflect","Flechettes"],"picked":"Skewer","floor":4},{"not_picked":["Underhanded Strike","Escape Plan","Acrobatics"],"picked":"Singing Bowl","floor":5},{"not_picked":["Slice","Bane"],"picked":"PiercingWail","floor":7},{"not_picked":["Footwork","Deadly Poison"],"picked":"Predator","floor":11},{"not_picked":["Riddle With Holes","Underhanded Strike","Concentrate"],"picked":"Singing Bowl","floor":13},{"not_picked":["Deflect","Dodge and Roll","Reflex"],"picked":"Singing Bowl","floor":14},{"not_picked":["Unload","Malaise"],"picked":"Envenom","floor":16},{"not_picked":["Concentrate","All Out Attack+1","Outmaneuver"],"picked":"Singing Bowl","floor":18},{"not_picked":["Deadly Poison","Flying Knee","Dagger Spray"],"picked":"Singing Bowl","floor":19},{"not_picked":["Deadly Poison","Skewer","Quick Slash"],"picked":"Singing Bowl","floor":20}],"player_experience":2800417,"relics_obtained":[{"floor":7,"key":"Regal Pillow"},{"floor":9,"key":"Pen Nib"},{"floor":13,"key":"Darkstone Periapt"}],"event_choices":[{"damage_healed":0,"gold_gain":0,"player_choice":"Lose Max HP","damage_taken":0,"relics_obtained":["Golden Idol"],"max_hp_gain":0,"max_hp_loss":6,"event_name":"Golden Idol","floor":2,"gold_loss":0},{"damage_healed":0,"gold_gain":0,"player_choice":"Success","damage_taken":18,"relics_obtained":["Singing Bowl"],"max_hp_gain":0,"max_hp_loss":0,"event_name":"Scrap Ooze","floor":3,"gold_loss":0},{"damage_healed":0,"gold_gain":0,"player_choice":"Paid Gold","damage_taken":0,"relics_obtained":["Meat on the Bone"],"max_hp_gain":0,"max_hp_loss":0,"event_name":"WeMeetAgain","floor":21,"gold_loss":53}],"is_beta":false,"boss_relics":[{"not_picked":["HoveringKite","Astrolabe"],"picked":"Snecko Eye"}],"items_purged_floors":[12,22],"is_endless":false,"potions_floor_spawned":[5,14,18],"killed_by":"Book of Stabbing","ascension_level":20}}