{"host":"aioitfzuz1h9wkvz","time":1608346234,"event":{"mods":["AchievementEnabler","BaseMod","Colored Map","Minty Spire (QoL Compilation)","Quick Restart","Relic Stats","StSLib"],"gold_per_floor":[218,218,67,32,32,32,61,76,76,76,93,93,110,130,130,228,228,242,258,258,43,60,60,91,91,118,118,118,128,140,158,158,158,158],"floor_reached":33,"playtime":1488,"items_purged":[],"score":267,"play_id":"82c6854a-22c0-4d6c-bc37-5e1f3d63e6a3","local_time":"20201219125034","is_ascension_mode":false,"campfire_choices":[{"data":"Shockwave","floor":6.0,"key":"SMITH"},{"data":"Cleave","floor":12.0,"key":"SMITH"},{"data":"Twin Strike","floor":15.0,"key":"SMITH"},{"floor":23,"key":"REST"},{"floor":25,"key":"RECALL"},{"floor":28,"key":"REST"},{"floor":32,"key":"REST"}],"circlet_count":0,"master_deck":["Strike_R","Strike_R","Strike_R","Strike_R","Defend_R","Defend_R+1","Defend_R","Defend_R+1","Bash","Shockwave+1","Cleave+1","Twin Strike+1","Rampage","Reaper","Inflame","Twin Strike+1","Flame Barrier","Perfected Strike"],"relics":["Burning Blood","Regal Pillow","War Paint","Eternal Feather","Fusion Hammer","Sling","HornCleat","Bronze Scales"],"acts_visited":["TheCity"],"potions_floor_usage":[33],"damage_taken":[{"damage":9.0,"enemies":"2 Louse","floor":1.0,"turns":4.0},{"damage":29.0,"enemies":"Gremlin Nob","floor":7.0,"turns":5.0},{"damage":1.0,"enemies":"Cultist","floor":8.0,"turns":4.0},{"damage":3.0,"enemies":"Jaw Worm","floor":11.0,"turns":5.0},{"damage":7.0,"enemies":"Looter","floor":13.0,"turns":3.0},{"damage":2.0,"enemies":"Exordium Thugs","floor":14.0,"turns":5.0},{"damage":24.0,"enemies":"Slime Boss","floor":16.0,"turns":9.0},{"damage":37,"enemies":"Shell Parasite","floor":18,"turns":6},{"damage":1,"enemies":"Chosen","floor":19,"turns":3},{"damage":12,"enemies":"Snake Plant","floor":22,"turns":3},{"damage":29,"enemies":"Book of Stabbing","floor":24,"turns":5},{"damage":0,"enemies":"Snecko","floor":29,"turns":4},{"damage":18,"enemies":"3 Cultists","floor":30,"turns":4},{"damage":3,"enemies":"Shelled Parasite and Fungi","floor":31,"turns":4},{"damage":120,"enemies":"Champ","floor":33,"turns":10}],"seed_played":"2110493426171184529","potions_obtained":[{"floor":7.0,"key":"Dexterity Potion"},{"floor":13.0,"key":"SkillPotion"},{"floor":16.0,"key":"Weak Potion"},{"floor":18,"key":"Swift Potion"}],"is_trial":false,"path_per_floor":["M","?","$","$","?","R","E","M","T","$","M","R","M","M","R","B",null,"M","M","?","$","M","R","E","R","T","?","R","M","M","M","R","B"],"character_chosen":"IRONCLAD","items_purchased":["Regal Pillow","Shockwave","Sling","Flame Barrier"],"campfire_rested":3,"item_purchase_floors":[3,4,21,21],"current_hp_per_floor":[77,77,77,77,77,77,54,59,59,59,62,68,67,71,77,59,80,49,63,48,48,42,85,62,71,71,71,85,85,73,76,85,0,0],"gold":158,"neow_bonus":"HUNDRED_GOLD","is_daily":false,"chose_seed":false,"campfire_upgraded":3,"win_rate":0.0,"timestamp":1608346234,"path_taken":["M","?","?","$","?","R","E","?","T","?","M","R","M","M","R","BOSS","M","M","?","$","M","R","E","R","T","?","R","?","M","M","R","BOSS"],"items_purchased_type":["Relic","Card","Relic","Card"],"build_version":"2020-12-13","purchased_purges":0,"victory":false,"max_hp_per_floor":[80,80,80,80,80,80,80,80,80,80,80,80,80,80,80,80,80,80,80,85,85,85,85,85,85,85,85,85,85,85,85,85,85,85],"relic_stats":{"Regal Pillow":9,"counters":[15,74],"Bronze Scales":[68],"Eternal Feather":48,"War Paint":["Defend_R","Defend_R"],"obtain_stats":[{"Regal Pillow":3,"HornCleat":24,"Bronze Scales":26,"Eternal Feather":9,"Fusion Hammer":17,"War Paint":7,"Sling":21,"Burning Blood":0},{"Regal Pillow":1,"HornCleat":11,"Bronze Scales":11,"Eternal Feather":3,"Fusion Hammer":7,"War Paint":2,"Sling":9,"Burning Blood":0},{"Regal Pillow":4,"HornCleat":52,"Bronze Scales":52,"Eternal Feather":13,"Fusion Hammer":35,"War Paint":9,"Sling":44,"Burning Blood":0}],"Burning Blood":78},"card_choices":[{"not_picked":["Sword Boomerang","Disarm","Armaments"],"picked":"SKIP","floor":1.0},{"not_picked":["Carnage","Reaper","Offering"],"picked":"SKIP","floor":7.0},{"not_picked":["Clothesline","Wild Strike"],"picked":"Cleave","floor":8.0},{"not_picked":["Sentinel","Metallicize","Havoc"],"picked":"SKIP","floor":11.0},{"not_picked":["Havoc","Heavy Blade"],"picked":"Twin Strike","floor":13.0},{"not_picked":["Heavy Blade","Clothesline"],"picked":"Rampage","floor":14.0},{"not_picked":["Brutality","Corruption"],"picked":"Reaper","floor":16.0},{"not_picked":["Infernal Blade","Carnage"],"picked":"Inflame","floor":18},{"not_picked":["Infernal Blade","Anger"],"picked":"Twin Strike+1","floor":19},{"not_picked":["Clash+1","Exhume"],"picked":"Perfected Strike","floor":22},{"not_picked":["Entrench+1","Impervious","Shockwave"],"picked":"SKIP","floor":24},{"not_picked":["Cleave+1","Flex+1","Clothesline"],"picked":"SKIP","floor":29},{"not_picked":["Disarm","True Grit","Cleave"],"picked":"SKIP","floor":30},{"not_picked":["Cleave","Clash+1","Anger"],"picked":"SKIP","floor":31}],"player_experience":673430,"relics_obtained":[{"floor":7.0,"key":"War Paint"},{"floor":9.0,"key":"Eternal Feather"},{"floor":24,"key":"HornCleat"},{"floor":26,"key":"Bronze Scales"}],"event_choices":[{"cards_removed":["Strike_R"],"damage_healed":0.0,"max_hp_gain":0.0,"max_hp_loss":0.0,"gold_gain":0.0,"event_name":"Purifier","player_choice":"Purged","floor":2.0,"gold_loss":0.0,"damage_taken":0.0},{"damage_healed":0.0,"max_hp_gain":0.0,"max_hp_loss":0.0,"gold_gain":0.0,"event_name":"NoteForYourself","player_choice":"Ignored","floor":5.0,"gold_loss":0.0,"damage_taken":0.0},{"damage_healed":0,"gold_gain":0,"player_choice":"Shed Blood","damage_taken":20,"max_hp_gain":5,"max_hp_loss":0,"event_name":"Forgotten Altar","floor":20,"gold_loss":0},{"damage_healed":0,"gold_gain":0,"player_choice":"Bought 0 Potions","damage_taken":0,"max_hp_gain":0,"max_hp_loss":0,"event_name":"The Woman in Blue","floor":27,"gold_loss":0}],"is_beta":false,"boss_relics":[{"not_picked":["Empty Cage","Runic Cube"],"picked":"Fusion Hammer"}],"items_purged_floors":[],"is_endless":false,"potions_floor_spawned":[7,13,16,18,19,31],"killed_by":"Champ","ascension_level":0}}