{"host":"jx3f6ezc0g3s9edc","time":1608411616,"event":{"mods":["AchievementEnabler","BaseMod","Bestiary","Colored Map","Highlight Path","Minty Spire (QoL Compilation)","StSLib"],"gold_per_floor":[114,114,47,62,77,77,77,77,77,92,122,85,115,130,130,230,230,245,108,123,138,153,153,183,282,282,312,327,327,357,372,372,472,472,487,502,502,502,517,517,547,562,562,592,619,31,61,76,76,76],"floor_reached":51,"playtime":3732,"items_purged":[],"score":857,"play_id":"4b890bd7-6e64-4181-a1bc-f8b7e5f9a904","local_time":"20201219160016","daily_mods":["Draft","Uncertain Future","Elite Swarm"],"is_ascension_mode":false,"campfire_choices":[{"data":"Body Slam","floor":6.0,"key":"SMITH"},{"data":"Whirlwind","floor":8.0,"key":"SMITH"},{"data":"Inflame","floor":15.0,"key":"SMITH"},{"data":"Demon Form","floor":23.0,"key":"SMITH"},{"data":"Limit Break","floor":29.0,"key":"SMITH"},{"data":"Shockwave","floor":32.0,"key":"SMITH"},{"data":"Seeing Red","floor":40.0,"key":"SMITH"},{"data":"Body Slam","floor":49.0,"key":"SMITH"}],"circlet_count":0,"master_deck":["Body Slam+1","Shrug It Off","Rampage","Cleave","Thunderclap","Iron Wave","Clothesline","Evolve","Headbutt","Pommel Strike","Shockwave+1","Whirlwind+1","Power Through","Ghostly Armor+1","Inflame+1","Shrug It Off","Impervious","Seeing Red+1","Reaper","Demon Form+1","Feed","Hemokinesis","Seeing Red+1","Shrug It Off+1","Reaper","Limit Break+1","Offering","Battle Trance+1","Barricade+1","Body Slam+1","Battle Trance","Heavy Blade+1"],"relics":["Burning Blood","Calipers","Incense Burner","Vajra","Velvet Choker","Shuriken","Potion Belt","War Paint","Black Star","Oddly Smooth Stone","White Beast Statue","InkBottle","Frozen Egg 2","Turnip","Bird Faced Urn","Blood Vial","Lizard Tail","StoneCalendar","The Courier"],"acts_visited":["Exordium","TheCity","TheBeyond"],"potions_floor_usage":[50,50],"damage_taken":[{"damage":0.0,"enemies":"Small Slimes","floor":1.0,"turns":3.0},{"damage":0.0,"enemies":"2 Louse","floor":4.0,"turns":3.0},{"damage":8.0,"enemies":"Jaw Worm","floor":5.0,"turns":3.0},{"damage":0.0,"enemies":"Gremlin Gang","floor":10.0,"turns":3.0},{"damage":20.0,"enemies":"Gremlin Nob","floor":11.0,"turns":4.0},{"damage":7.0,"enemies":"3 Sentries","floor":13.0,"turns":5.0},{"damage":5.0,"enemies":"Blue Slaver","floor":14.0,"turns":4.0},{"damage":8.0,"enemies":"Slime Boss","floor":16.0,"turns":5.0},{"damage":22.0,"enemies":"Spheric Guardian","floor":18.0,"turns":4.0},{"damage":8.0,"enemies":"2 Thieves","floor":20.0,"turns":4.0},{"damage":23.0,"enemies":"Snake Plant","floor":21.0,"turns":4.0},{"damage":7.0,"enemies":"Centurion and Healer","floor":22.0,"turns":3.0},{"damage":15.0,"enemies":"Slavers","floor":24.0,"turns":5.0},{"damage":2.0,"enemies":"Gremlin Leader","floor":27.0,"turns":6.0},{"damage":0.0,"enemies":"3 Cultists","floor":28.0,"turns":3.0},{"damage":33.0,"enemies":"Slavers","floor":30.0,"turns":4.0},{"damage":0.0,"enemies":"Sentry and Sphere","floor":31.0,"turns":4.0},{"damage":11.0,"enemies":"Champ","floor":33.0,"turns":7.0},{"damage":8.0,"enemies":"3 Shapes","floor":35.0,"turns":5.0},{"damage":2.0,"enemies":"Orb Walker","floor":36.0,"turns":3.0},{"damage":16.0,"enemies":"4 Shapes","floor":39.0,"turns":5.0},{"damage":3.0,"enemies":"Giant Head","floor":41.0,"turns":6.0},{"damage":19.0,"enemies":"Maw","floor":42.0,"turns":5.0},{"damage":27.0,"enemies":"Reptomancer","floor":44.0,"turns":6.0},{"damage":20.0,"enemies":"2 Orb Walkers","floor":45.0,"turns":5.0},{"damage":0.0,"enemies":"Giant Head","floor":47.0,"turns":6.0},{"damage":30.0,"enemies":"Spire Growth","floor":48.0,"turns":5.0},{"damage":49,"enemies":"Awakened One","floor":50,"turns":7}],"seed_played":"-2908382401684788831","potions_obtained":[{"floor":4.0,"key":"Explosive Potion"},{"floor":11.0,"key":"SmokeBomb"},{"floor":13.0,"key":"ElixirPotion"},{"floor":14.0,"key":"EntropicBrew"},{"floor":21.0,"key":"FairyPotion"},{"floor":30.0,"key":"BloodPotion"},{"floor":33.0,"key":"EssenceOfSteel"},{"floor":42.0,"key":"Weak Potion"},{"floor":45.0,"key":"ColorlessPotion"},{"floor":48.0,"key":"BloodPotion"}],"is_trial":false,"path_per_floor":["M","?","$","M","M","R","?","R","T","M","E","$","E","M","R","B",null,"M","$","M","M","M","R","E","?","T","E","M","R","E","M","R","B",null,"M","M","?","?","M","R","E","M","T","E","?","$","E","M","R","B",null],"character_chosen":"IRONCLAD","items_purchased":["Inflame","Seeing Red","Feed","Body Slam","Blood Vial","Strength Potion","Battle Trance","Lizard Tail"],"campfire_rested":0,"item_purchase_floors":[3,12,19,46,46,46,46,46],"current_hp_per_floor":[80,80,80,80,78,78,78,78,78,80,66,66,65,76,76,74,80,64,64,62,45,64,64,55,55,55,80,83,83,83,86,86,81,86,87,89,89,89,82,82,92,92,92,71,75,75,89,86,86,90],"gold":76,"neow_bonus":"","is_daily":true,"chose_seed":false,"campfire_upgraded":8,"win_rate":0.0,"timestamp":1608411616,"path_taken":["M","?","$","M","M","R","?","R","T","M","E","?","E","M","R","BOSS","M","$","?","?","M","R","E","?","T","E","M","R","E","M","R","BOSS","M","M","?","?","M","R","E","M","T","E","?","$","E","M","R","BOSS"],"items_purchased_type":["Card","Card","Card","Card","Relic","Potion","Card","Relic"],"build_version":"2020-12-13","purchased_purges":0,"victory":true,"max_hp_per_floor":[80,80,80,80,80,80,80,80,80,80,80,80,80,80,80,80,80,80,80,80,80,80,80,80,80,80,80,83,83,83,86,86,86,86,89,89,89,89,92,92,92,92,92,92,92,92,92,92,92,92],"card_choices":[{"not_picked":["Havoc","Sword Boomerang"],"picked":"Body Slam","floor":0.0},{"not_picked":["Sword Boomerang","Havoc"],"picked":"Shrug It Off","floor":0.0},{"not_picked":["Flex","Combust"],"picked":"Rampage","floor":0.0},{"not_picked":["Power Through","Sword Boomerang"],"picked":"Cleave","floor":0.0},{"not_picked":["Flex","Wild Strike"],"picked":"Thunderclap","floor":0.0},{"not_picked":["Clash","Cleave"],"picked":"Iron Wave","floor":0.0},{"not_picked":["Power Through","Thunderclap"],"picked":"Clothesline","floor":0.0},{"not_picked":["Cleave","Pommel Strike"],"picked":"Evolve","floor":0.0},{"not_picked":["Clash","Twin Strike"],"picked":"Headbutt","floor":0.0},{"not_picked":["Headbutt","Pummel"],"picked":"Pommel Strike","floor":0.0},{"not_picked":["Sword Boomerang","Warcry"],"picked":"Shockwave","floor":0.0},{"not_picked":["Blood for Blood","Clash"],"picked":"Whirlwind","floor":0.0},{"not_picked":["Clothesline","Battle Trance"],"picked":"Power Through","floor":0.0},{"not_picked":["Shrug It Off","Armaments"],"picked":"Ghostly Armor","floor":0.0},{"not_picked":["Warcry","Pommel Strike"],"picked":"Armaments","floor":0.0},{"not_picked":["Iron Wave","Blood for Blood","Anger"],"picked":"SKIP","floor":1.0},{"not_picked":["Blood for Blood","Sword Boomerang","Cleave"],"picked":"SKIP","floor":4.0},{"not_picked":["Sentinel","Clothesline"],"picked":"Shrug It Off","floor":5.0},{"not_picked":["Power Through","Pommel Strike","Anger"],"picked":"SKIP","floor":10.0},{"not_picked":["Immolate","Bludgeon"],"picked":"Impervious","floor":11.0},{"not_picked":["Bludgeon","Immolate"],"picked":"Reaper","floor":13.0},{"not_picked":["Twin Strike","Combust","Perfected Strike"],"picked":"SKIP","floor":14.0},{"not_picked":["Feed","Double Tap"],"picked":"Demon Form","floor":16.0},{"not_picked":["Iron Wave+1","Perfected Strike+1","Sever Soul+1"],"picked":"SKIP","floor":18.0},{"not_picked":["Clothesline","Rupture"],"picked":"Hemokinesis","floor":20.0},{"not_picked":["Wild Strike","Pommel Strike"],"picked":"Seeing Red","floor":21.0},{"not_picked":["Flex","Evolve"],"picked":"Shrug It Off+1","floor":22.0},{"not_picked":["Demon Form","Double Tap"],"picked":"Reaper","floor":24.0},{"not_picked":["Impervious","Berserk"],"picked":"Limit Break","floor":27.0},{"not_picked":["Headbutt+1","Rupture","Wild Strike"],"picked":"SKIP","floor":28.0},{"not_picked":["Double Tap","Berserk","Corruption"],"picked":"SKIP","floor":30.0},{"not_picked":["Iron Wave","Metallicize","Pommel Strike"],"picked":"SKIP","floor":31.0},{"not_picked":["Demon Form","Corruption"],"picked":"Offering","floor":33.0},{"not_picked":["Disarm+1","Cleave+1","Armaments+1"],"picked":"SKIP","floor":35.0},{"not_picked":["Clothesline+1","Evolve+1","Sever Soul+1"],"picked":"SKIP","floor":36.0},{"not_picked":["Rupture","Clothesline","Blood for Blood"],"picked":"SKIP","floor":39.0},{"not_picked":["Brutality","Fiend Fire","Bludgeon"],"picked":"SKIP","floor":41.0},{"not_picked":["Perfected Strike","Cleave"],"picked":"Battle Trance+1","floor":42.0},{"not_picked":["Brutality+1","Limit Break"],"picked":"Barricade+1","floor":44.0},{"not_picked":["Juggernaut+1","Fiend Fire","Barricade+1"],"picked":"SKIP","floor":47.0},{"not_picked":["Perfected Strike+1","Headbutt"],"picked":"Heavy Blade+1","floor":48.0}],"player_experience":692800,"relics_obtained":[{"floor":9.0,"key":"Calipers"},{"floor":11.0,"key":"Incense Burner"},{"floor":13.0,"key":"Vajra"},{"floor":26.0,"key":"Shuriken"},{"floor":27.0,"key":"Potion Belt"},{"floor":30.0,"key":"War Paint"},{"floor":41.0,"key":"Oddly Smooth Stone"},{"floor":41.0,"key":"White Beast Statue"},{"floor":43.0,"key":"InkBottle"},{"floor":44.0,"key":"Frozen Egg 2"},{"floor":44.0,"key":"Turnip"},{"floor":45.0,"key":"Bird Faced Urn"},{"floor":47.0,"key":"StoneCalendar"},{"floor":47.0,"key":"The Courier"}],"event_choices":[{"damage_healed":0.0,"max_hp_gain":0.0,"max_hp_loss":0.0,"gold_gain":0.0,"event_name":"Liars Game","player_choice":"Ignored","floor":2.0,"gold_loss":0.0,"damage_taken":0.0},{"damage_healed":0.0,"max_hp_gain":0.0,"max_hp_loss":0.0,"gold_gain":0.0,"event_name":"Dead Adventurer","player_choice":"Searched \u00271\u0027 times","floor":7.0,"gold_loss":0.0,"damage_taken":0.0},{"damage_healed":0.0,"max_hp_gain":0.0,"max_hp_loss":0.0,"gold_gain":99.0,"event_name":"Nest","player_choice":"Stole From Cult","floor":25.0,"gold_loss":0.0,"damage_taken":0.0},{"cards_removed":["Armaments"],"damage_healed":0.0,"max_hp_gain":0.0,"max_hp_loss":0.0,"gold_gain":0.0,"event_name":"Falling","player_choice":"Removed Skill","floor":37.0,"gold_loss":0.0,"damage_taken":0.0},{"damage_healed":0.0,"max_hp_gain":0.0,"max_hp_loss":0.0,"gold_gain":0.0,"event_name":"Tomb of Lord Red Mask","player_choice":"Ignored","floor":38.0,"gold_loss":0.0,"damage_taken":0.0},{"damage_healed":0.0,"max_hp_gain":0.0,"max_hp_loss":0.0,"gold_gain":0.0,"event_name":"Mysterious Sphere","player_choice":"Fight","floor":45.0,"gold_loss":0.0,"damage_taken":0.0}],"is_beta":false,"boss_relics":[{"not_picked":["Snecko Eye","SlaversCollar"],"picked":"Velvet Choker"},{"not_picked":["Black Blood","Calling Bell"],"picked":"Black Star"}],"items_purged_floors":[],"is_endless":false,"potions_floor_spawned":[4,11,13,14,20,21,30,33,41,42,44,45,47,48],"ascension_level":0}}