{"host":"21h5e52imz35vo8g","time":1608393645,"event":{"mods":["AchievementEnabler","BaseMod","Colored Map","Colored Powertips","Googly Eyes","Minty Spire (QoL Compilation)","Quick Restart","Rare Cards Sparkle","Replay The Spire","StSLib"],"gold_per_floor":[113,113,113,123,2,2,36,48,85,116,128,140,168,215,227,239,239],"floor_reached":16,"playtime":385,"items_purged":["Regret"],"score":173,"play_id":"e397b45b-8a07-42ec-ac73-329838f79d19","local_time":"20201220000045","is_ascension_mode":true,"campfire_choices":[{"data":"Armaments","floor":6,"key":"SMITH"},{"data":"Bash","floor":8,"key":"SMITH"},{"data":"Shrug It Off","floor":11,"key":"SMITH"},{"floor":15,"key":"REST"}],"circlet_count":0,"master_deck":["Strike_R","Strike_R","Strike_R","Strike_R","Strike_R","Defend_R+1","Defend_R","Defend_R+1","Defend_R","Bash+1","Shrug It Off+1","Armaments+1","Headbutt+1"],"relics":["Burning Blood","NeowsBlessing","Vajra","War Paint","MawBank","Pen Nib","Another Sword"],"acts_visited":["Exordium"],"potions_floor_usage":[14,14],"damage_taken":[{"damage":0,"enemies":"Small Slimes","floor":1,"turns":1},{"damage":0,"enemies":"2 Louse","floor":4,"turns":1},{"damage":0,"enemies":"3 Sentries","floor":7,"turns":2},{"damage":1,"enemies":"Cultist","floor":10,"turns":3},{"damage":0,"enemies":"2 Fungi Beasts","floor":13,"turns":2},{"damage":42,"enemies":"Gremlin Nob","floor":14,"turns":5},{"damage":16,"enemies":"Hexaghost","floor":16,"turns":4}],"seed_played":"-6544867195247178757","potions_obtained":[{"floor":4,"key":"ColorlessPotion"},{"floor":13,"key":"Energy Potion"},{"floor":14,"key":"Strength Potion"}],"is_trial":false,"path_per_floor":["M","?","?","M","$","R","E","R","T","M","R","?","M","E","R","B"],"character_chosen":"IRONCLAD","items_purchased":["Armaments"],"campfire_rested":1,"item_purchase_floors":[5],"current_hp_per_floor":[78,75,75,80,80,80,80,80,80,80,80,80,80,44,68,52,52],"gold":239,"neow_bonus":"THREE_ENEMY_KILL","is_daily":false,"chose_seed":false,"campfire_upgraded":3,"win_rate":0.0,"timestamp":1608393645,"path_taken":["M","?","?","M","$","R","E","R","T","M","R","?","?","E","R","BOSS"],"items_purchased_type":["Card"],"build_version":"2020-12-13","purchased_purges":1,"victory":false,"max_hp_per_floor":[80,80,80,80,80,80,80,80,80,80,80,80,80,80,80,80,80],"card_choices":[{"not_picked":["Warcry","Abandon","Body Slam"],"picked":"SKIP","floor":1},{"not_picked":["Thunderclap","Clothesline"],"picked":"Shrug It Off","floor":4},{"not_picked":["Anger","ReplayTheSpireMod:Corrosion Curse"],"picked":"Headbutt","floor":7},{"not_picked":["Wild Strike","Clash","Run Through"],"picked":"SKIP","floor":10},{"not_picked":["Pommel Strike","ReplayTheSpireMod:Limb From Limb","Burning Pact"],"picked":"SKIP","floor":13},{"not_picked":["Headbutt","Evolve","ReplayTheSpireMod:Strike From Hell"],"picked":"SKIP","floor":14}],"player_experience":287961,"relics_obtained":[{"floor":7,"key":"MawBank"},{"floor":9,"key":"Pen Nib"},{"floor":14,"key":"Another Sword"}],"event_choices":[{"damage_healed":0,"gold_gain":0,"player_choice":"Success","damage_taken":3,"relics_obtained":["Vajra"],"max_hp_gain":0,"max_hp_loss":0,"event_name":"Scrap Ooze","floor":2,"gold_loss":0},{"damage_healed":0,"gold_gain":0,"player_choice":"Box","damage_taken":0,"relics_obtained":["War Paint"],"max_hp_gain":0,"max_hp_loss":0,"event_name":"Big Fish","floor":3,"gold_loss":0,"cards_obtained":["Regret"]},{"damage_healed":0,"gold_gain":0,"player_choice":"Upgraded","damage_taken":0,"max_hp_gain":0,"max_hp_loss":0,"event_name":"Upgrade Shrine","floor":12,"gold_loss":0,"cards_upgraded":["Headbutt"]}],"is_beta":false,"boss_relics":[],"items_purged_floors":[5],"is_endless":false,"potions_floor_spawned":[4,13,14],"killed_by":"Hexaghost","ascension_level":6}}