{"host":"90zmhqhem9nbzoc6","time":1608369199,"event":{"mods":["AchievementEnabler","Aspiration","BaseMod","Better Note","Better Third Choice","BetterRewards","Colored Map","Colored Powertips","Conspire","Downfall","Energized Spire","Friendly Minions","GifTheSpireLib","Hermit","Hubris","Infinite Spire","Minty Spire (QoL Compilation)","Quick Restart","Replay The Spire","Spikes Relics","StSLib","Stuff the Spire","The Blue Laboratory","The Construct","The Jungle"],"gold_per_floor":[112,287,287,307,307,307,327,327,327,354,354,354,364,378,378,378,378],"floor_reached":16,"playtime":368,"items_purged":[],"score":100,"play_id":"3ae802c3-efa1-47c6-84cc-5c4fe665ecc0","local_time":"20201219011319","is_ascension_mode":false,"campfire_choices":[{"floor":6.0,"key":"RECALL"},{"data":"hermit:CursedWeapon","floor":8.0,"key":"SMITH"},{"floor":11.0,"key":"REST"},{"floor":15.0,"key":"REST"}],"circlet_count":0,"master_deck":["hermit:Strike_Hermit","hermit:Strike_Hermit","hermit:Strike_Hermit","hermit:Strike_Hermit","hermit:Defend_Hermit","hermit:Defend_Hermit","hermit:Defend_Hermit","hermit:Defend_Hermit","hermit:Snapshot","hermit:Covet","hermit:GoldenBullet","Doubt","hermit:CursedWeapon+1","hermit:FromBeyond","hermit:Manifest"],"relics":["hermit:Momento","hubris:64BitClover","Tiny Chest","Mirror","Anchor"],"acts_visited":["Exordium"],"potions_floor_usage":[16,16],"damage_taken":[{"damage":0.0,"enemies":"2 Louse","floor":1.0,"turns":2.0},{"damage":2.0,"enemies":"Small Slimes","floor":4.0,"turns":5.0},{"damage":2.0,"enemies":"conspire:RoseBush","floor":7.0,"turns":3.0},{"damage":65.0,"enemies":"Gremlin Nob","floor":10.0,"turns":6.0},{"damage":2.0,"enemies":"Blue Slaver","floor":13.0,"turns":2.0},{"damage":2.0,"enemies":"3 Louse","floor":14.0,"turns":3.0},{"damage":46,"enemies":"Slime Boss","floor":16,"turns":7}],"seed_played":"-1388446441015165962","potions_obtained":[{"floor":4.0,"key":"sneckomod:MuddlingPotion"},{"floor":7.0,"key":"Energy Potion"},{"floor":10.0,"key":"blueLaboratory:BottleOfVodka"},{"floor":13.0,"key":"Fire Potion"}],"is_trial":false,"path_per_floor":["M","?","?","M","?","R","M","R","T","E","R","T","M","M","R","B"],"character_chosen":"HERMIT","items_purchased":["hubris:64BitClover","Tiny Chest"],"campfire_rested":2,"item_purchase_floors":[0,0],"current_hp_per_floor":[75,75,75,73,73,73,71,71,71,6,28,28,26,24,46,0,0],"gold":378,"neow_bonus":"","is_daily":false,"chose_seed":false,"campfire_upgraded":1,"win_rate":0.0,"timestamp":1608369199,"path_taken":["M","?","?","M","?","R","M","R","T","E","R","?","?","M","R","BOSS"],"items_purchased_type":["Relic","Relic"],"build_version":"2020-12-13","purchased_purges":0,"victory":false,"max_hp_per_floor":[75,75,75,75,75,75,75,75,75,75,75,75,75,75,75,75,75],"card_choices":[{"not_picked":["hermit:NoHoldsBarred","hermit:Vantage"],"picked":"hermit:GoldenBullet","floor":1.0},{"not_picked":["hermit:Brawl","hermit:Showdown"],"picked":"hermit:CursedWeapon","floor":4.0},{"not_picked":["hermit:Headshot","hermit:LowProfile","hermit:HighCaliber"],"picked":"SKIP","floor":7.0},{"not_picked":["hermit:TakeCover","hermit:Ricochet"],"picked":"hermit:FromBeyond","floor":10.0},{"not_picked":["hermit:Deadeye","hermit:Dive"],"picked":"hermit:Manifest","floor":13.0},{"not_picked":["hermit:ItchyTrigger","hermit:TrackingShot","hermit:Ricochet"],"picked":"SKIP","floor":14.0}],"player_experience":219193,"relics_obtained":[{"floor":10.0,"key":"Mirror"},{"floor":12.0,"key":"Anchor"}],"event_choices":[{"damage_healed":0.0,"max_hp_gain":0.0,"max_hp_loss":0.0,"gold_gain":175.0,"event_name":"betterThird:BetterSerpent","player_choice":"AGREE","floor":2.0,"gold_loss":0.0,"damage_taken":112.0},{"damage_healed":0.0,"max_hp_gain":0.0,"max_hp_loss":0.0,"gold_gain":0.0,"event_name":"conspire:Investor","player_choice":"Leave","floor":3.0,"gold_loss":0.0,"damage_taken":0.0},{"damage_healed":0.0,"max_hp_gain":0.0,"max_hp_loss":0.0,"gold_gain":0.0,"event_name":"betterThird:BetterScrap","player_choice":"LEAVE","floor":5.0,"gold_loss":0.0,"damage_taken":0.0,"cards_obtained":["StuffTheSpire:Incursion"]}],"is_beta":false,"boss_relics":[],"items_purged_floors":[],"is_endless":false,"potions_floor_spawned":[4,7,10,13],"killed_by":"Slime Boss","ascension_level":0}}