{"host":"baymyijz6sxaqj5s","time":1608390921,"event":{"mods":["AchievementEnabler","BaseMod","KOR Keyword Fix","Keyboard Shortcuts","Minty Spire (QoL Compilation)","StSLib"],"gold_per_floor":[117,136,136,147,157,157,189,189,213,213,232,232,232,242,242,344,394,380,380,399,419,433,445,415,434,506,518,543,543,543,543],"floor_reached":30,"playtime":1184,"items_purged":[],"score":236,"play_id":"eb59be2f-49b0-4ebe-9422-a0196f955054","local_time":"20201220001521","is_ascension_mode":false,"campfire_choices":[{"data":"Shrug It Off","floor":6,"key":"SMITH"},{"data":"Entrench","floor":8,"key":"SMITH"},{"data":"Spot Weakness","floor":10,"key":"SMITH"},{"floor":12,"key":"REST"},{"data":"Thunderclap","floor":15,"key":"SMITH"},{"floor":29,"key":"REST"}],"circlet_count":0,"master_deck":["Strike_R+1","Strike_R","Strike_R","Strike_R+1","Strike_R","Defend_R","Defend_R","Defend_R","Defend_R","Bash","Shrug It Off+1","Heavy Blade+1","Spot Weakness+1","Twin Strike+1","Entrench+1","Pommel Strike","Thunderclap+1","Offering","Flame Barrier","Inflame","Ghostly Armor","Ghostly Armor","Body Slam","Infernal Blade"],"relics":["Burning Blood","Whetstone","Strawberry","Tiny House","Bottled Lightning","Red Mask"],"acts_visited":["Exordium","TheCity"],"potions_floor_usage":[7,7,18,21,22,23,25,25,28],"damage_taken":[{"damage":0,"enemies":"2 Louse","floor":1,"turns":3},{"damage":6,"enemies":"Jaw Worm","floor":2,"turns":4},{"damage":2,"enemies":"Small Slimes","floor":4,"turns":4},{"damage":5,"enemies":"3 Louse","floor":5,"turns":5},{"damage":16,"enemies":"Lagavulin","floor":7,"turns":4},{"damage":16,"enemies":"Exordium Thugs","floor":11,"turns":3},{"damage":3,"enemies":"2 Fungi Beasts","floor":14,"turns":3},{"damage":11,"enemies":"Slime Boss","floor":16,"turns":7},{"damage":26,"enemies":"2 Thieves","floor":18,"turns":4},{"damage":15,"enemies":"Shell Parasite","floor":20,"turns":5},{"damage":18,"enemies":"3 Cultists","floor":21,"turns":4},{"damage":17,"enemies":"Shelled Parasite and Fungi","floor":22,"turns":4},{"damage":38,"enemies":"Chosen and Byrds","floor":23,"turns":8},{"damage":14,"enemies":"Centurion and Healer","floor":25,"turns":7},{"damage":12,"enemies":"Snecko","floor":27,"turns":5},{"damage":32,"enemies":"Masked Bandits","floor":28,"turns":5},{"damage":41,"enemies":"Cultist and Chosen","floor":30,"turns":4}],"seed_played":"-4905370729141801244","potions_obtained":[{"floor":4,"key":"Weak Potion"},{"floor":5,"key":"ColorlessPotion"},{"floor":16,"key":"FearPotion"},{"floor":17,"key":"GamblersBrew"},{"floor":20,"key":"LiquidMemories"},{"floor":21,"key":"Dexterity Potion"},{"floor":23,"key":"FairyPotion"},{"floor":24,"key":"Regen Potion"},{"floor":24,"key":"HeartOfIron"},{"floor":27,"key":"Strength Potion"}],"is_trial":false,"path_per_floor":["M","M","?","M","M","R","E","R","T","R","M","R","?","M","R","B",null,"M","?","M","M","M","M","?","M","T","M","?","R","M"],"character_chosen":"IRONCLAD","items_purchased":[],"campfire_rested":2,"item_purchase_floors":[],"current_hp_per_floor":[80,80,80,80,80,80,70,70,77,77,67,87,87,87,87,82,92,72,72,63,51,40,8,8,43,43,37,11,38,0,0],"gold":543,"neow_bonus":"THREE_CARDS","is_daily":false,"chose_seed":false,"campfire_upgraded":4,"win_rate":0.0,"timestamp":1608390921,"path_taken":["M","M","?","M","M","R","E","R","T","R","M","R","?","M","R","BOSS","M","?","M","M","M","M","?","?","T","M","?","R","M"],"items_purchased_type":[],"build_version":"2020-12-13","purchased_purges":0,"victory":false,"max_hp_per_floor":[80,80,80,80,80,80,80,80,87,87,87,87,87,87,87,87,92,92,92,92,92,92,92,92,92,92,92,92,92,92,92],"card_choices":[{"not_picked":["Twin Strike","Pummel"],"picked":"Shrug It Off","floor":0},{"not_picked":["True Grit","Flex","Rage"],"picked":"SKIP","floor":1},{"not_picked":["Dropkick","Armaments"],"picked":"Heavy Blade","floor":2},{"not_picked":["Sever Soul","Wild Strike"],"picked":"Spot Weakness","floor":4},{"not_picked":["Juggernaut","Dropkick"],"picked":"Twin Strike","floor":5},{"not_picked":["Twin Strike","Sword Boomerang"],"picked":"Entrench","floor":7},{"not_picked":["Warcry","Iron Wave"],"picked":"Pommel Strike","floor":11},{"not_picked":["Juggernaut","Anger"],"picked":"Thunderclap","floor":14},{"not_picked":["Limit Break","Demon Form"],"picked":"Offering","floor":16},{"not_picked":["Rampage","Twin Strike"],"picked":"Flame Barrier","floor":17},{"not_picked":["Havoc","Wild Strike"],"picked":"Inflame","floor":18},{"not_picked":["Twin Strike","Thunderclap"],"picked":"Ghostly Armor","floor":20},{"not_picked":["Heavy Blade","Flex+1","Havoc"],"picked":"SKIP","floor":21},{"not_picked":["Intimidate","Sword Boomerang"],"picked":"Ghostly Armor","floor":22},{"not_picked":["Perfected Strike","Anger"],"picked":"Body Slam","floor":23},{"not_picked":["Inflame+1","True Grit","Twin Strike"],"picked":"SKIP","floor":25},{"not_picked":["Pummel","Thunderclap","Corruption"],"picked":"SKIP","floor":27},{"not_picked":["Flex","Clash"],"picked":"Infernal Blade","floor":28}],"player_experience":139573,"relics_obtained":[{"floor":7,"key":"Whetstone"},{"floor":9,"key":"Strawberry"},{"floor":26,"key":"Bottled Lightning"},{"floor":28,"key":"Red Mask"}],"event_choices":[{"damage_healed":0,"gold_gain":0,"player_choice":"Grow","damage_taken":0,"max_hp_gain":0,"max_hp_loss":0,"event_name":"Living Wall","floor":3,"gold_loss":0,"cards_upgraded":["Heavy Blade"]},{"damage_healed":0,"gold_gain":0,"player_choice":"Ignored","damage_taken":0,"max_hp_gain":0,"max_hp_loss":0,"event_name":"Golden Idol","floor":13,"gold_loss":0},{"damage_healed":0,"gold_gain":0,"player_choice":"Ignored","damage_taken":0,"max_hp_gain":0,"max_hp_loss":0,"event_name":"Vampires","floor":19,"gold_loss":0},{"damage_healed":0,"gold_gain":0,"player_choice":"Bought 2 Potions","damage_taken":0,"max_hp_gain":0,"max_hp_loss":0,"event_name":"The Woman in Blue","floor":24,"gold_loss":0},{"damage_healed":0,"gold_gain":0,"player_choice":"Fought Bandits","damage_taken":0,"max_hp_gain":0,"max_hp_loss":0,"event_name":"Masked Bandits","floor":28,"gold_loss":0}],"is_beta":false,"boss_relics":[{"not_picked":["Snecko Eye","Mark of Pain"],"picked":"Tiny House"}],"items_purged_floors":[],"is_endless":false,"potions_floor_spawned":[4,5,16,20,21,23,27],"killed_by":"Cultist and Chosen","ascension_level":0}}