{"host":"msfr2axb1w9025n0","time":1608392353,"event":{"mods":["BaseMod","Colored Map","DeckTracker","Minty Spire (QoL Compilation)"],"gold_per_floor":[117,117,128,146,156,184,184,245,268,268,69,102,118,148,148,148,148],"floor_reached":16,"playtime":626,"items_purged":[],"score":198,"play_id":"6fb1a0e2-029b-4e3a-8b35-64402225eac4","local_time":"20201219223913","is_ascension_mode":true,"campfire_choices":[{"data":"Blade Dance","floor":7.0,"key":"SMITH"},{"floor":10.0,"key":"REST"},{"floor":15,"key":"REST"}],"circlet_count":0,"master_deck":["AscendersBane","Strike_G","Strike_G","Strike_G","Strike_G","Strike_G","Defend_G","Defend_G","Defend_G","Defend_G","Defend_G+1","Survivor","Neutralize","Dagger Throw","Predator","Blade Dance+1","Escape Plan+1","Poisoned Stab","Footwork","Blade Dance","Leg Sweep","Caltrops"],"relics":["Ring of the Snake","Bird Faced Urn","Pen Nib","Lantern","War Paint","Thread and Needle","FossilizedHelix"],"acts_visited":["Exordium"],"potions_floor_usage":[14,16],"damage_taken":[{"damage":6.0,"enemies":"Jaw Worm","floor":1.0,"turns":8.0},{"damage":3.0,"enemies":"2 Louse","floor":3.0,"turns":3.0},{"damage":0.0,"enemies":"Cultist","floor":4.0,"turns":3.0},{"damage":1.0,"enemies":"2 Fungi Beasts","floor":5.0,"turns":4.0},{"damage":14.0,"enemies":"Gremlin Nob","floor":6.0,"turns":4.0},{"damage":19.0,"enemies":"Lagavulin Event","floor":8.0,"turns":4.0},{"damage":28.0,"enemies":"Lagavulin","floor":12.0,"turns":5.0},{"damage":0,"enemies":"Red Slaver","floor":13,"turns":3},{"damage":4,"enemies":"Gremlin Nob","floor":14,"turns":5},{"damage":38,"enemies":"Hexaghost","floor":16,"turns":11}],"seed_played":"-3907875857759863734","potions_obtained":[{"floor":1.0,"key":"DistilledChaos"},{"floor":4.0,"key":"CultistPotion"}],"is_trial":false,"path_per_floor":["M","?","M","M","M","E","R","?","T","R","$","E","M","E","R","B"],"character_chosen":"THE_SILENT","items_purchased":["Footwork","GhostInAJar","Blade Dance"],"campfire_rested":2,"item_purchase_floors":[11,11,11],"current_hp_per_floor":[57,57,54,54,53,39,39,20,20,38,38,12,12,12,30,0,0],"gold":148,"neow_bonus":"ONE_RARE_RELIC","is_daily":false,"chose_seed":false,"campfire_upgraded":1,"win_rate":0.0,"timestamp":1608392353,"path_taken":["M","?","M","M","M","E","R","?","T","R","$","E","M","E","R","BOSS"],"items_purchased_type":["Card","Potion","Card"],"build_version":"2020-12-13","purchased_purges":0,"victory":false,"max_hp_per_floor":[63,63,63,63,63,63,63,63,63,63,63,63,63,63,63,63,63],"card_choices":[{"not_picked":["Slice","Backflip"],"picked":"Dagger Throw","floor":1.0},{"not_picked":["Masterful Stab","Expertise"],"picked":"Predator","floor":3.0},{"not_picked":["Blade Dance","Choke","Masterful Stab"],"picked":"SKIP","floor":4.0},{"not_picked":["Choke","Masterful Stab"],"picked":"Blade Dance","floor":4.0},{"not_picked":["Backflip","Quick Slash","Bane"],"picked":"SKIP","floor":5.0},{"not_picked":["Bouncing Flask","Blur"],"picked":"Escape Plan","floor":6.0},{"not_picked":["Bouncing Flask","Unload"],"picked":"Poisoned Stab","floor":8.0},{"not_picked":["Deadly Poison","Dodge and Roll"],"picked":"Leg Sweep","floor":12.0},{"not_picked":["Terror","Bane"],"picked":"Caltrops","floor":13},{"not_picked":["Backflip","Prepared","Riddle With Holes"],"picked":"SKIP","floor":14}],"player_experience":251765,"relics_obtained":[{"floor":6.0,"key":"Pen Nib"},{"floor":8.0,"key":"Lantern"},{"floor":9.0,"key":"War Paint"},{"floor":12.0,"key":"Thread and Needle"},{"floor":14,"key":"FossilizedHelix"}],"event_choices":[{"damage_healed":0.0,"max_hp_gain":0.0,"max_hp_loss":0.0,"gold_gain":0.0,"event_name":"Liars Game","player_choice":"Ignored","floor":2.0,"gold_loss":0.0,"damage_taken":0.0},{"damage_healed":0.0,"max_hp_gain":0.0,"max_hp_loss":0.0,"gold_gain":0.0,"event_name":"Dead Adventurer","player_choice":"Searched \u00271\u0027 times","floor":8.0,"gold_loss":0.0,"damage_taken":0.0}],"is_beta":false,"boss_relics":[],"items_purged_floors":[],"is_endless":false,"potions_floor_spawned":[1,4,5,13],"killed_by":"Hexaghost","ascension_level":13}}