{"host":"yfjjw6nzi6ujtde1","time":1608392659,"event":{"mods":["2.2 Compatiblity","Act Like it!","BaseMod","Better Match","Colored Powertips","Downfall","Friendly Minions","Gensokyo","HololiveMod","Koishi","Marisa£®ÏF”Í°°ƒß¿Ì…≥£©","Minty Spire (QoL Compilation)","Quick Restart","Rare Cards Sparkle","Replay The Spire","StSLib","Td1madao Mod","The Runesmith","The Senshi","The Servant 0.9.4"],"gold_per_floor":[0,11,11,25,125,125,171,171,198,198,228,153,173,252,276,288,288],"floor_reached":16,"playtime":1459,"items_purged":[],"score":92,"play_id":"a0880abb-770b-4b8a-b6e9-310b55afc3f1","local_time":"20201219234419","is_ascension_mode":false,"campfire_choices":[{"floor":1.0,"key":"DIG"},{"data":"Gensokyo:CrescentMoonSlash","floor":8.0,"key":"SMITH"},{"data":"expansioncontent:QuickStudy","floor":10.0,"key":"SMITH"}],"circlet_count":0,"master_deck":["Strike_P","Strike_P","Strike_P","Strike_P","Defend_P","Defend_P","Defend_P","Defend_P","Eruption","Vigilance","expansioncontent:QuickStudy+1","ForeignInfluence","Injury","EmptyBody","Gensokyo:CrescentMoonSlash+1","Replay:Anticipation","FlurryOfBlows","Devotion+1","Brilliance+1","Vault+1","Brilliance"],"relics":["PureWater","Iron Hammer","MealTicket","Replay:Bandana","ReplayFunnel"],"acts_visited":["Gensokyo:Gensokyo"],"potions_floor_usage":[],"damage_taken":[{"damage":0.0,"enemies":"Gensokyo:Gryphon","floor":2.0,"turns":3.0},{"damage":0.0,"enemies":"Gensokyo:3_Fairies","floor":4.0,"turns":4.0},{"damage":0.0,"enemies":"Gensokyo:2_Kodama","floor":9.0,"turns":3.0},{"damage":1.0,"enemies":"Gensokyo:Gryphon_and_Rabbit","floor":11.0,"turns":3.0},{"damage":0,"enemies":"Gensokyo:2_Rabbits","floor":13,"turns":4},{"damage":0,"enemies":"Gensokyo:3_Kodama","floor":15,"turns":2},{"damage":65,"enemies":"downfall:Defect","floor":16,"turns":5}],"seed_played":"6671925771694118174","potions_obtained":[{"floor":2.0,"key":"Flashbang"},{"floor":4.0,"key":"Dexterity Potion"}],"is_trial":false,"path_per_floor":["R","M","?","M","?","?","T","R","M","R","M","?","M","?","M","B"],"character_chosen":"WATCHER","items_purchased":[],"campfire_rested":0,"item_purchase_floors":[],"current_hp_per_floor":[72,72,72,72,72,65,65,65,65,65,64,64,64,64,64,0,0],"gold":288,"neow_bonus":"RANDOM_COLORLESS_2","is_daily":false,"chose_seed":false,"campfire_upgraded":2,"win_rate":0.0,"timestamp":1608392659,"path_taken":["R","M","?","M","?","?","T","R","M","R","M","?","?","?","M","BOSS"],"items_purchased_type":[],"build_version":"2020-12-13","purchased_purges":0,"victory":false,"max_hp_per_floor":[72,72,72,72,72,72,72,72,72,72,72,72,72,72,72,72,72],"card_choices":[{"not_picked":["expansioncontent:DashGenerateEvil","Mayhem"],"picked":"expansioncontent:QuickStudy","floor":0.0},{"not_picked":["InnerPeace","FollowUp"],"picked":"ForeignInfluence","floor":2.0},{"not_picked":["CutThroughFate","EmptyFist"],"picked":"EmptyBody","floor":4.0},{"not_picked":["Replay:ManipulateFuture","Fasting2"],"picked":"Replay:Anticipation","floor":9.0},{"not_picked":["Perseverance","FlyingSleeves"],"picked":"FlurryOfBlows","floor":11.0},{"not_picked":["Blasphemy+1","MasterReality+1"],"picked":"Devotion+1","floor":12.0},{"not_picked":["LessonLearned+1","SpiritShield+1"],"picked":"Brilliance+1","floor":12.0},{"not_picked":["LessonLearned+1","DevaForm+1"],"picked":"Vault+1","floor":12.0},{"not_picked":["CutThroughFate","Crescendo","BowlingBash"],"picked":"SKIP","floor":13},{"not_picked":["WindmillStrike","CutThroughFate"],"picked":"Brilliance","floor":15}],"player_experience":175332,"relics_obtained":[{"floor":1.0,"key":"Iron Hammer"},{"floor":7.0,"key":"Replay:Bandana"},{"floor":14,"key":"ReplayFunnel"}],"event_choices":[{"damage_healed":0.0,"max_hp_gain":0.0,"max_hp_loss":0.0,"gold_gain":0.0,"event_name":"betterMatch:BetterMatch","player_choice":"3","floor":12.0,"gold_loss":0.0,"damage_taken":0.0,"cards_obtained":["betterMatch:RareCard"]}],"is_beta":false,"boss_relics":[],"items_purged_floors":[],"is_endless":false,"potions_floor_spawned":[2,4],"killed_by":"downfall:Defect","ascension_level":0}}