{"host":"o3dfslv1skaqjf2o","time":1608381422,"event":{"mods":["BaseMod","Downfall","Minty Spire (QoL Compilation)","StSLib","The Bug Knight"],"gold_per_floor":[110,24,40,40,60,88,263,263,263,295,312,332,332,359,359,454,454,469,394,407,422,382,382,397,415,415,415,415],"floor_reached":27,"playtime":2421,"items_purged":[],"score":285,"play_id":"2e0ade92-b99e-40db-8379-bed048a2a65c","local_time":"20201219203702","is_ascension_mode":false,"campfire_choices":[{"floor":8,"key":"RECALL"},{"floor":13,"key":"REST"},{"data":"HollowMod:CycloneSlash","floor":15,"key":"SMITH"},{"data":"HollowMod:MonarchWings","floor":23,"key":"SMITH"}],"circlet_count":0,"master_deck":["HollowMod:NailStrikeStart","HollowMod:NailStrikeStart","HollowMod:NailStrikeStart","HollowMod:NailStrikeStart","HollowMod:QuickDashStart+1","HollowMod:QuickDashStart","HollowMod:QuickDashStart","HollowMod:QuickDashStart","HollowMod:FocusHealStart","HollowMod:PogoStrike","HollowMod:MonarchWings+1","HollowMod:SharpenedShadows","HollowMod:SoulSplash+1","HollowMod:PureNailStrike","HollowMod:CycloneSlash+1","HollowMod:FastStrike","HollowMod:DoubleDash","HollowMod:FallenFury","HollowMod:CornifersMapStart","HollowMod:GrimmsGift","HollowMod:VoidDash","HollowMod:SoulVessel+1","HollowMod:DescendingDark","HollowMod:GreatSlash","HollowMod:HeavyBlow+1","HollowMod:GoodIntentions"],"relics":["HollowMod:VesselMask","Peace Pipe","Mercury Hourglass","Matryoshka","Potion Belt","Velvet Choker","Regal Pillow"],"acts_visited":["Exordium","TheCity"],"potions_floor_usage":[6,10,10,11,14,21,24,27,27],"damage_taken":[{"damage":2,"enemies":"Jaw Worm","floor":1,"turns":4},{"damage":2,"enemies":"Small Slimes","floor":3,"turns":4},{"damage":0,"enemies":"2 Louse","floor":5,"turns":2},{"damage":23,"enemies":"Gremlin Nob","floor":6,"turns":4},{"damage":13,"enemies":"HollowMod:MossKnight","floor":10,"turns":6},{"damage":15,"enemies":"Exordium Thugs","floor":11,"turns":5},{"damage":0,"enemies":"Large Slime","floor":12,"turns":5},{"damage":10,"enemies":"3 Sentries","floor":14,"turns":5},{"damage":0,"enemies":"Slime Boss","floor":16,"turns":9},{"damage":0,"enemies":"3 Byrds","floor":18,"turns":5},{"damage":17,"enemies":"Spheric Guardian","floor":20,"turns":5},{"damage":1,"enemies":"Snake Plant","floor":21,"turns":4},{"damage":27,"enemies":"Shelled Parasite and Fungi","floor":24,"turns":7},{"damage":28,"enemies":"Centurion and Healer","floor":25,"turns":6},{"damage":9,"enemies":"Cultist and Chosen","floor":27,"turns":3}],"seed_played":"-1200888432576088109","potions_obtained":[{"floor":3,"key":"EntropicBrew"},{"floor":5,"key":"SpeedPotion"},{"floor":10,"key":"ColorlessPotion"},{"floor":12,"key":"Weak Potion"},{"floor":20,"key":"Strength Potion"},{"floor":21,"key":"FearPotion"},{"floor":24,"key":"Strength Potion"}],"is_trial":false,"path_per_floor":["M","$","M","?","M","E","?","R","T","E","M","M","R","E","R","B",null,"M","?","M","M","?","R","M","M","T","M"],"character_chosen":"THE_BUGKNIGHT","items_purchased":["HollowMod:SharpenedShadows","HollowMod:SoulSplash"],"campfire_rested":1,"item_purchase_floors":[2,2],"current_hp_per_floor":[80,80,78,78,78,55,55,55,55,48,39,39,63,53,53,59,82,82,82,65,64,64,64,37,9,9,0,0],"gold":415,"neow_bonus":"TEN_PERCENT_HP_BONUS","is_daily":false,"chose_seed":false,"campfire_upgraded":2,"win_rate":0.0,"timestamp":1608381422,"path_taken":["M","$","M","?","M","E","?","R","T","E","M","M","R","E","R","BOSS","M","?","M","M","?","R","M","?","T","M"],"items_purchased_type":["Card","Card"],"build_version":"2020-12-13","purchased_purges":0,"victory":false,"max_hp_per_floor":[82,82,82,82,82,82,82,82,82,82,82,82,82,82,82,82,82,82,82,82,82,82,82,82,82,82,82,82],"card_choices":[{"not_picked":["HollowMod:ChannelNail","HollowMod:GoodIntentions"],"picked":"HollowMod:MonarchWings","floor":1},{"not_picked":["HollowMod:MonarchWings","HollowMod:SharpenedShadows"],"picked":"HollowMod:PureNailStrike","floor":3},{"not_picked":["HollowMod:LifebloodCocoon","HollowMod:SoulSplash"],"picked":"HollowMod:CycloneSlash","floor":5},{"not_picked":["HollowMod:NewGlowingWomb","HollowMod:SoulEater"],"picked":"HollowMod:FastStrike","floor":6},{"not_picked":["HollowMod:SoulVessel","HollowMod:TaintedHusks"],"picked":"HollowMod:DoubleDash","floor":10},{"not_picked":["HollowMod:DoubleDash","HollowMod:MonarchWings"],"picked":"HollowMod:FallenFury","floor":11},{"not_picked":["HollowMod:NewLittleFool","HollowMod:CloakDash"],"picked":"HollowMod:CornifersMapStart","floor":12},{"not_picked":["HollowMod:NewJinnsSoul","HollowMod:InfectedAttack"],"picked":"HollowMod:GrimmsGift","floor":14},{"not_picked":["HollowMod:MidwifesHunger","HollowMod:SlysStrikes"],"picked":"HollowMod:VoidDash","floor":16},{"not_picked":["HollowMod:InfectionAssault+1","HollowMod:CloakDash"],"picked":"HollowMod:SoulVessel+1","floor":18},{"not_picked":["HollowMod:SharpenedNail+1","HollowMod:VengefulVoid"],"picked":"HollowMod:DescendingDark","floor":20},{"not_picked":["HollowMod:InfectionAssault+1","HollowMod:InfectedCysts"],"picked":"HollowMod:GreatSlash","floor":21},{"not_picked":["HollowMod:theNailsmith","HollowMod:InfectedAttack"],"picked":"HollowMod:HeavyBlow+1","floor":24},{"not_picked":["HollowMod:NewJinnsSoul","HollowMod:NewLittleFool"],"picked":"HollowMod:GoodIntentions","floor":25}],"player_experience":73988,"relics_obtained":[{"floor":6,"key":"Peace Pipe"},{"floor":9,"key":"Mercury Hourglass"},{"floor":10,"key":"Matryoshka"},{"floor":14,"key":"Potion Belt"},{"floor":26,"key":"Regal Pillow"}],"event_choices":[{"damage_healed":0,"gold_gain":175,"player_choice":"AGREE","damage_taken":0,"max_hp_gain":0,"max_hp_loss":0,"event_name":"Liars Game","floor":7,"gold_loss":0,"cards_obtained":["Doubt"]},{"cards_removed":["Doubt"],"damage_healed":0,"gold_gain":0,"player_choice":"Gave Gold","damage_taken":0,"max_hp_gain":0,"max_hp_loss":0,"event_name":"Beggar","floor":19,"gold_loss":75},{"damage_healed":0,"gold_gain":0,"player_choice":"Upgraded Two","damage_taken":0,"max_hp_gain":0,"max_hp_loss":0,"event_name":"Designer","floor":22,"gold_loss":40,"cards_upgraded":["HollowMod:SoulSplash","HollowMod:QuickDashStart"]}],"is_beta":false,"boss_relics":[{"not_picked":["SlaversCollar","Cursed Key"],"picked":"Velvet Choker"}],"items_purged_floors":[],"is_endless":false,"potions_floor_spawned":[3,5,10,12,20,21,24],"killed_by":"Cultist and Chosen","ascension_level":0}}