{"host":"wuk1ltmmka824l9y","time":1608373698,"event":{"mods":["AchievementEnabler","BaseMod","Custom Start","DeckTracker","Minty Spire (QoL Compilation)","Quick Restart","StSLib","SuperFastMode"],"gold_per_floor":[118,129,141,159,173,173,192,42,124,154,171,121,148,166,166,264,264,279,289,58,58,70,70,70,96,96,96,109,34,59,59,59],"floor_reached":31,"playtime":2183,"items_purged":["Strike_G"],"score":335,"play_id":"d4e42a2b-d9eb-430f-ba45-445037a2bfbc","local_time":"20201219192818","is_ascension_mode":true,"campfire_choices":[{"data":"Catalyst","floor":6.0,"key":"SMITH"},{"data":"Poisoned Stab","floor":15,"key":"SMITH"},{"data":"Tactician","floor":23,"key":"SMITH"},{"floor":27,"key":"REST"}],"circlet_count":0,"master_deck":["Strike_G","Strike_G","Defend_G","Defend_G","Defend_G","Defend_G","Defend_G","Survivor","Neutralize","Catalyst+1","Poisoned Stab+1","PiercingWail","Footwork","Tactician","Dagger Throw","After Image","Blur","Burst","Die Die Die","Tactician+1","Acrobatics+1","Deadly Poison","Backflip+1","Footwork+1","Deadly Poison"],"relics":["Ring of the Snake","Blue Candle","Smiling Mask","Sozu","Membership Card","TungstenRod","Juzu Bracelet","Centennial Puzzle"],"acts_visited":["Exordium","TheCity"],"potions_floor_usage":[13,13,16,16,30],"damage_taken":[{"damage":0.0,"enemies":"2 Louse","floor":1.0,"turns":4.0},{"damage":3.0,"enemies":"Small Slimes","floor":2.0,"turns":4.0},{"damage":4.0,"enemies":"Jaw Worm","floor":3.0,"turns":5.0},{"damage":3.0,"enemies":"Large Slime","floor":4.0,"turns":7.0},{"damage":6.0,"enemies":"Exordium Wildlife","floor":5.0,"turns":8.0},{"damage":7.0,"enemies":"Blue Slaver","floor":7.0,"turns":5.0},{"damage":2,"enemies":"Large Slime","floor":11,"turns":7},{"damage":11,"enemies":"Lagavulin","floor":13,"turns":10},{"damage":1,"enemies":"2 Fungi Beasts","floor":14,"turns":5},{"damage":22,"enemies":"The Guardian","floor":16,"turns":7},{"damage":0,"enemies":"Shell Parasite","floor":18,"turns":4},{"damage":9,"enemies":"3 Byrds","floor":19,"turns":9},{"damage":13,"enemies":"Snake Plant","floor":22,"turns":5},{"damage":22,"enemies":"Slavers","floor":25,"turns":13},{"damage":10,"enemies":"Centurion and Healer","floor":28,"turns":11},{"damage":19,"enemies":"Book of Stabbing","floor":30,"turns":5},{"damage":6,"enemies":"Sentry and Sphere","floor":31,"turns":3}],"seed_played":"-4791082881911326389","potions_obtained":[{"floor":1.0,"key":"Dexterity Potion"},{"floor":4.0,"key":"CunningPotion"},{"floor":5.0,"key":"DistilledChaos"},{"floor":13,"key":"Block Potion"},{"floor":14,"key":"PowerPotion"}],"is_trial":false,"path_per_floor":["M","M","M","M","M","R","M","$","T","?","M","?","E","M","R","B",null,"M","M","$","?","M","R","?","E","T","R","M","?","E","M"],"character_chosen":"THE_SILENT","items_purchased":["After Image","Blur","Membership Card","Deadly Poison"],"campfire_rested":1,"item_purchase_floors":[8,8,20,20],"current_hp_per_floor":[70,67,63,60,54,54,47,47,47,47,45,45,34,33,33,11,70,70,61,61,48,35,35,35,13,13,35,25,25,6,0,0],"gold":59,"neow_bonus":"THREE_CARDS","is_daily":false,"chose_seed":false,"campfire_upgraded":3,"win_rate":0.0,"timestamp":1608373698,"path_taken":["M","M","M","M","M","R","M","$","T","?","M","?","E","M","R","BOSS","M","M","$","?","M","R","?","E","T","R","M","?","E","M"],"items_purchased_type":["Card","Card","Relic","Card"],"build_version":"2020-12-13","purchased_purges":1,"victory":false,"max_hp_per_floor":[70,70,70,70,70,70,70,70,70,70,70,70,70,70,70,70,70,70,70,70,75,75,75,75,75,75,75,75,75,75,75,75],"card_choices":[{"not_picked":["Cloak And Dagger","Distraction"],"picked":"Catalyst","floor":0.0},{"not_picked":["Leg Sweep","Dagger Spray"],"picked":"Poisoned Stab","floor":1.0},{"not_picked":["Flying Knee","Dagger Throw"],"picked":"PiercingWail","floor":2.0},{"not_picked":["Dagger Throw","Expertise"],"picked":"Footwork","floor":3.0},{"not_picked":["Poisoned Stab","Setup"],"picked":"Tactician","floor":4.0},{"not_picked":["Dash","All Out Attack"],"picked":"Dagger Throw","floor":5.0},{"not_picked":["Blade Dance","Accuracy","Bane"],"picked":"SKIP","floor":7.0},{"not_picked":["Accuracy","Cloak And Dagger","Blade Dance"],"picked":"SKIP","floor":11},{"not_picked":["Acrobatics","Poisoned Stab"],"picked":"Burst","floor":13},{"not_picked":["Sucker Punch","Outmaneuver","Terror"],"picked":"SKIP","floor":14},{"not_picked":["Doppelganger","Tools of the Trade"],"picked":"Die Die Die","floor":16},{"not_picked":["Heel Hook","PiercingWail+1"],"picked":"Tactician","floor":18},{"not_picked":["Deflect","Catalyst"],"picked":"Acrobatics+1","floor":19},{"not_picked":["Underhanded Strike","Blur"],"picked":"Backflip+1","floor":22},{"not_picked":["Slice","Accuracy+1"],"picked":"Footwork+1","floor":25},{"not_picked":["Bane","Poisoned Stab"],"picked":"Deadly Poison","floor":28},{"not_picked":["Deadly Poison+1","Dagger Spray","Doppelganger"],"picked":"SKIP","floor":30}],"player_experience":323557,"relics_obtained":[{"floor":9.0,"key":"Blue Candle"},{"floor":13,"key":"Smiling Mask"},{"floor":25,"key":"TungstenRod"},{"floor":26,"key":"Juzu Bracelet"},{"floor":30,"key":"Centennial Puzzle"}],"event_choices":[{"damage_healed":0,"gold_gain":30,"player_choice":"Searched \u00271\u0027 times","damage_taken":0,"max_hp_gain":0,"max_hp_loss":0,"event_name":"Dead Adventurer","floor":10,"gold_loss":0},{"cards_removed":["Strike_G"],"damage_healed":0,"gold_gain":0,"player_choice":"Card Removal","damage_taken":0,"max_hp_gain":0,"max_hp_loss":0,"event_name":"The Cleric","floor":12,"gold_loss":50},{"damage_healed":0,"gold_gain":0,"player_choice":"Shed Blood","damage_taken":18,"max_hp_gain":5,"max_hp_loss":0,"event_name":"Forgotten Altar","floor":21,"gold_loss":0},{"damage_healed":0,"gold_gain":0,"player_choice":"Ignored","damage_taken":0,"max_hp_gain":0,"max_hp_loss":0,"event_name":"Cursed Tome","floor":24,"gold_loss":0},{"cards_removed":["Strike_G"],"damage_healed":0,"gold_gain":0,"player_choice":"Gave Gold","damage_taken":0,"max_hp_gain":0,"max_hp_loss":0,"event_name":"Beggar","floor":29,"gold_loss":75}],"is_beta":false,"boss_relics":[{"not_picked":["SacredBark","Snecko Eye"],"picked":"Sozu"}],"items_purged_floors":[20],"is_endless":false,"potions_floor_spawned":[1,4,5,13,14,18,22],"killed_by":"Sentry and Sphere","ascension_level":4}}