{"host":"qwv9nni2x0umspiu","time":1608398265,"event":{"mods":["BaseMod","Downfall","Minty Spire (QoL Compilation)","Replay The Spire","StSLib","The Hierophant","Wandering Minibosses"],"gold_per_floor":[114,132,147,146,59,59,59],"floor_reached":6,"playtime":160,"items_purged":[],"score":76,"play_id":"5d0c55ea-685a-42e6-b823-5782a698c370","local_time":"20201219091745","is_ascension_mode":true,"campfire_choices":[],"circlet_count":0,"master_deck":["AscendersBane","hierophant:Strike_Hierophant","hierophant:Strike_Hierophant","hierophant:Strike_Hierophant","hierophant:Strike_Hierophant","hierophant:Punish","hierophant:Defend_Hierophant","hierophant:Defend_Hierophant","hierophant:Defend_Hierophant","hierophant:Defend_Hierophant","hierophant:ChurchCoffers","hierophant:HammerAndAnvil","hierophant:Community"],"relics":["hierophant:PropheticMaskRelic","NeowsBlessing"],"acts_visited":["Exordium"],"potions_floor_usage":[6,6],"damage_taken":[{"damage":0,"enemies":"Jaw Worm","floor":1,"turns":1},{"damage":0,"enemies":"Cultist","floor":2,"turns":1},{"damage":0,"enemies":"Small Slimes","floor":3,"turns":1},{"damage":7,"enemies":"2 Fungi Beasts","floor":4,"turns":4},{"damage":0,"enemies":"Lagavulin","floor":6,"turns":1}],"seed_played":"4985212296622780034","potions_obtained":[{"floor":1,"key":"Elixir"},{"floor":3,"key":"PowerPotion"},{"floor":4,"key":"AttackPotion"}],"is_trial":false,"path_per_floor":["M","M","M","M","$","E"],"character_chosen":"HIEROPHANT","items_purchased":["hierophant:Community"],"campfire_rested":0,"item_purchase_floors":[5],"current_hp_per_floor":[68,68,68,61,61,61,61],"gold":59,"neow_bonus":"THREE_ENEMY_KILL","is_daily":false,"chose_seed":false,"campfire_upgraded":0,"win_rate":0.0,"timestamp":1608398265,"path_taken":["M","M","M","M","$","E"],"items_purchased_type":["Card"],"build_version":"2020-12-13","purchased_purges":0,"victory":false,"max_hp_per_floor":[75,75,75,75,75,75,75],"card_choices":[{"not_picked":["hierophant:Refuge","hierophant:SecretStash","hierophant:OrnateJavelin"],"picked":"SKIP","floor":1},{"not_picked":["hierophant:PristineSoul","hierophant:FlamingChariot","hierophant:MorningPrayer"],"picked":"SKIP","floor":2},{"not_picked":["hierophant:MorningPrayer","hierophant:Mercenaries"],"picked":"hierophant:HammerAndAnvil","floor":3},{"not_picked":["hierophant:Doubloon","hierophant:RepressedViolence","hierophant:FaithHealing"],"picked":"SKIP","floor":4}],"player_experience":1274787,"relics_obtained":[],"event_choices":[],"is_beta":false,"boss_relics":[],"items_purged_floors":[],"is_endless":false,"potions_floor_spawned":[1,3,4],"killed_by":"Lagavulin","ascension_level":20}}