{"host":"3yrzmr9r4no4x4bi","time":1608358958,"event":{"mods":["2.2 Compatiblity","BaseMod","Hubris","Infinite Spire","Jorbs\u0027s Wanderer Trilogy","Minty Spire (QoL Compilation)","Spicy Shops","StSLib","The Animator","The Blue Laboratory","Waifu the Spire","WarShipGirlsR/????R mod"],"gold_per_floor":[109,109,28,28,40,73,73,108,108,39,73,73,73,89,89,191,250,260,269,281,90,90,90,99,125,125,154,167,167,204,215,215,322,322,334,334,345,47,106,106,131,131,131,131,174,174,210,229,229,229],"floor_reached":51,"playtime":2414,"items_purged":["hubris:DoWhile+1"],"score":1263,"play_id":"2a157369-a904-4da5-ac7b-3682ddce3f03","local_time":"20201219012238","daily_mods":["Shiny","Vintage","DeadlyEvents","Elite Swarm"],"is_ascension_mode":true,"campfire_choices":[{"data":"Buffer","floor":7,"key":"SMITH"},{"data":"Defragment","floor":13,"key":"SMITH"},{"floor":15,"key":"REST"},{"floor":23,"key":"REST"},{"data":"Electrodynamics","floor":29,"key":"SMITH"},{"data":"Fission","floor":32,"key":"SMITH"},{"data":"Buffer","floor":40,"key":"SMITH"},{"data":"Chill","floor":42,"key":"SMITH"},{"data":"Thunder Strike","floor":49,"key":"SMITH"}],"circlet_count":0,"master_deck":["Hyperbeam","Machine Learning","Buffer+1","All For One+1","Core Surge","Multi-Cast","Thunder Strike+1","Electrodynamics+1","Rainbow","hubris:Prefetch","hubris:SpecializedCircuitry","Seek","Echo Form","Reboot","Fission+1","Biased Cognition","Meteor Strike","Amplify","Creative AI+1","Defragment+1","Buffer+1","Biased Cognition","Chill+1","Electrodynamics","Go for the Eyes+1","RitualDagger","Coolheaded","Amplify","Seek","Beam Cell+1","Electrodynamics","Echo Form"],"relics":["Cracked Core","hubris:TinFlute","hubris:Towel","Torii","infinitespire:Golems Mask","Gambling Chip","CeramicFish","Gremlin Horn","Orichalcum","Tiny House","Lantern","Tiny Chest","Runic Capacitor","Bird Faced Urn","Akabeko","Bottled Tornado","Lizard Tail","Du-Vu Doll","Ice Cream","Bronze Scales","hubris:RunicObelisk","hubris:FunFungus","Whetstone","Happy Flower","infinitespire:Freezer","Incense Burner","hubris:BundleOfHerbs","hubris:TenFootPole","hubris:CrystalStatue","Meat on the Bone","Anchor","hubris:CuriousFeather","infinitespire:PuzzleCube"],"acts_visited":["Exordium","TheCity","TheBeyond"],"potions_floor_usage":[6,27,28,30,33,50],"damage_taken":[{"damage":0,"enemies":"Small Slimes","floor":1,"turns":2},{"damage":8,"enemies":"2 Louse","floor":5,"turns":2},{"damage":8,"enemies":"Gremlin Nob","floor":6,"turns":4},{"damage":0,"enemies":"3 Sentries","floor":8,"turns":4},{"damage":0,"enemies":"Lagavulin","floor":11,"turns":4},{"damage":12,"enemies":"Jaw Worm","floor":14,"turns":2},{"damage":20,"enemies":"Hexaghost","floor":16,"turns":7},{"damage":0,"enemies":"3 Byrds","floor":18,"turns":1},{"damage":23,"enemies":"2 Thieves","floor":20,"turns":3},{"damage":0,"enemies":"Book of Stabbing","floor":25,"turns":1},{"damage":21,"enemies":"Slavers","floor":27,"turns":5},{"damage":17,"enemies":"Snake Plant","floor":28,"turns":4},{"damage":13,"enemies":"Book of Stabbing","floor":30,"turns":3},{"damage":23,"enemies":"Shelled Parasite and Fungi","floor":31,"turns":4},{"damage":19,"enemies":"hubris:MusketHawk","floor":33,"turns":6},{"damage":1,"enemies":"Orb Walker","floor":35,"turns":2},{"damage":5,"enemies":"3 Shapes","floor":37,"turns":2},{"damage":0,"enemies":"Mind Bloom Boss Battle","floor":39,"turns":2},{"damage":1,"enemies":"Giant Head","floor":41,"turns":4},{"damage":0,"enemies":"Reptomancer","floor":45,"turns":3},{"damage":0,"enemies":"Giant Head","floor":47,"turns":5},{"damage":2,"enemies":"Spire Growth","floor":48,"turns":3},{"damage":42,"enemies":"infinitespire:MassOfShapes","floor":50,"turns":3}],"seed_played":"685959547820444935","potions_obtained":[{"floor":5,"key":"blueLaboratory:BottleOfVodka"},{"floor":11,"key":"blueLaboratory:PhilterOfMotion"},{"floor":16,"key":"blueLaboratory:EnragingPotion"},{"floor":17,"key":"blueLaboratory:NullPotion"},{"floor":20,"key":"FairyPotion"},{"floor":27,"key":"blueLaboratory:LouseDecoction"},{"floor":28,"key":"blueLaboratory:TeslaPotion"},{"floor":35,"key":"blueLaboratory:CorrosionFlask"},{"floor":47,"key":"blueLaboratory:StoneskinPotion"},{"floor":48,"key":"blueLaboratory:TeslaPotion"}],"is_trial":true,"path_per_floor":["M","?","$","?","M","E","R","E","T","$","E","$","R","M","R","B",null,"M","?","M","$","?","R","AVR","E","T","E","M","R","E","M","R","B",null,"M","?","M","$","?","R","E","R","T","T","E","AVR","E","M","R","B",null],"character_chosen":"DEFECT","items_purchased":["Defragment","Chill","Runic Capacitor","Coolheaded","Happy Flower","infinitespire:Freezer"],"campfire_rested":2,"item_purchase_floors":[3,10,21,21,38,38],"current_hp_per_floor":[75,75,75,75,67,59,59,59,59,59,59,59,59,47,69,49,74,74,68,45,45,45,69,69,69,69,68,71,71,66,61,61,56,74,80,80,80,80,80,80,80,80,80,80,80,80,80,80,80,48],"gold":229,"neow_bonus":"","is_daily":false,"chose_seed":false,"campfire_upgraded":7,"win_rate":0.0,"timestamp":1608358958,"path_taken":["M","?","$","?","M","E","R","E","T","?","E","$","R","?","R","BOSS","M","?","M","$","?","R","AVR","E","T","E","M","R","E","M","R","BOSS","M","?","M","$","?","R","E","R","T","?","E","AVR","E","M","R","BOSS"],"items_purchased_type":["Card","Card","Relic","Card","Relic","Relic"],"build_version":"2020-12-13","purchased_purges":1,"victory":true,"max_hp_per_floor":[75,75,75,75,75,75,75,75,75,75,75,75,75,75,75,75,80,80,80,80,80,80,80,80,80,80,80,80,80,80,80,80,80,80,80,80,80,80,80,80,80,80,80,80,80,80,80,80,80,80],"card_choices":[{"not_picked":["Rainbow","Thunder Strike"],"picked":"Buffer","floor":6},{"not_picked":["Meteor Strike","Thunder Strike"],"picked":"Biased Cognition","floor":8},{"not_picked":["Seek","Buffer"],"picked":"Electrodynamics","floor":11},{"not_picked":["Tempest","Lockon"],"picked":"Go for the Eyes","floor":17},{"not_picked":["hubris:Prefetch","All For One","Fission"],"picked":"SKIP","floor":25},{"not_picked":["Fission","Rainbow","Multi-Cast"],"picked":"SKIP","floor":27},{"not_picked":["Machine Learning","Biased Cognition"],"picked":"Amplify","floor":30},{"not_picked":["Core Surge","Echo Form"],"picked":"Seek","floor":33},{"not_picked":["Blizzard+1","Rip and Tear"],"picked":"Beam Cell+1","floor":39},{"not_picked":["Creative AI","Biased Cognition","Buffer"],"picked":"SKIP","floor":41},{"not_picked":["All For One","hubris:DoWhile"],"picked":"Electrodynamics","floor":45},{"not_picked":["Electrodynamics","Meteor Strike"],"picked":"Echo Form","floor":47}],"player_experience":212097,"relics_obtained":[{"floor":1,"key":"hubris:TinFlute"},{"floor":5,"key":"Torii"},{"floor":6,"key":"infinitespire:Golems Mask"},{"floor":8,"key":"Gambling Chip"},{"floor":9,"key":"CeramicFish"},{"floor":11,"key":"Gremlin Horn"},{"floor":14,"key":"Orichalcum"},{"floor":18,"key":"Lantern"},{"floor":20,"key":"Tiny Chest"},{"floor":25,"key":"Akabeko"},{"floor":26,"key":"Bottled Tornado"},{"floor":27,"key":"Lizard Tail"},{"floor":28,"key":"Du-Vu Doll"},{"floor":30,"key":"Ice Cream"},{"floor":31,"key":"Bronze Scales"},{"floor":35,"key":"hubris:FunFungus"},{"floor":37,"key":"Whetstone"},{"floor":39,"key":"Incense Burner"},{"floor":41,"key":"hubris:BundleOfHerbs"},{"floor":43,"key":"hubris:TenFootPole"},{"floor":44,"key":"hubris:CrystalStatue"},{"floor":45,"key":"Meat on the Bone"},{"floor":47,"key":"hubris:CuriousFeather"},{"floor":48,"key":"infinitespire:PuzzleCube"}],"event_choices":[{"damage_healed":0,"gold_gain":0,"player_choice":"Grow","damage_taken":0,"max_hp_gain":0,"max_hp_loss":0,"event_name":"Living Wall","floor":2,"gold_loss":0,"cards_upgraded":["Creative AI"]},{"damage_healed":0,"gold_gain":0,"player_choice":"Joined the Cult","damage_taken":6,"max_hp_gain":0,"max_hp_loss":0,"event_name":"Nest","floor":19,"gold_loss":0,"cards_obtained":["RitualDagger"]},{"damage_healed":0,"gold_gain":0,"player_choice":"Ignored","damage_taken":0,"max_hp_gain":0,"max_hp_loss":0,"event_name":"Ghosts","floor":22,"gold_loss":0},{"damage_healed":0,"gold_gain":0,"player_choice":"Ignored","damage_taken":0,"max_hp_gain":0,"max_hp_loss":0,"event_name":"Tomb of Lord Red Mask","floor":36,"gold_loss":0},{"damage_healed":0,"gold_gain":0,"player_choice":"Fight","damage_taken":0,"max_hp_gain":0,"max_hp_loss":0,"event_name":"MindBloom","floor":39,"gold_loss":0}],"is_beta":false,"boss_relics":[{"not_picked":["hubris:GrandSneckoEye","Snecko Eye"],"picked":"Tiny House"},{"not_picked":["Fusion Hammer","Busted Crown"],"picked":"hubris:RunicObelisk"}],"items_purged_floors":[24],"is_endless":false,"potions_floor_spawned":[5,11,16,20,27,28,35,47,48],"ascension_level":5}}