{"host":"cr9rpoy6dx9riis3","time":1608386471,"event":{"mods":["AchievementEnabler","BaseMod","Better Altar","Better Note","Better Sensory Stone","Better Skull","Better Third Choice","Better-Laid Plans","BetterRewards","Block Reminder","Curses Come First","Displayed Cursed Tome","Emptier Cage","Marked Mod","Minty Spire (QoL Compilation)","Permanent Neow","Relic Sorter","StSLib","The Blue Laboratory","Transform Curses"],"gold_per_floor":[114,92,3,18,33,33,33,33,33,52,90,15,53,72,72,197,197,216,79,68,87,106,106,144,144,144,182,201,201,239,258,258,383,383,402,421,421,754,769,769,799,799,799],"floor_reached":42,"playtime":2123,"items_purged":["Sword Boomerang"],"score":598,"play_id":"5fa20628-9f93-4cda-b004-ff23f697b547","local_time":"20201219150111","daily_mods":["Draft","Uncertain Future","Elite Swarm"],"is_ascension_mode":false,"campfire_choices":[{"data":"Ghostly Armor","floor":6,"key":"SMITH"},{"data":"Bandage Up","floor":8,"key":"SMITH"},{"data":"Rampage","floor":15,"key":"SMITH"},{"data":"Feed","floor":23,"key":"SMITH"},{"data":"Immolate","floor":29,"key":"SMITH"},{"data":"Double Tap","floor":32,"key":"SMITH"},{"data":"Metallicize","floor":40,"key":"SMITH"}],"circlet_count":0,"master_deck":["Shrug It Off","Rampage+1","Power Through","Iron Wave","Power Through","Evolve","Pummel","Shockwave","Blood for Blood","Power Through+1","Ghostly Armor+1","Pommel Strike","Blood for Blood","Bandage Up+1","Blood for Blood","Sentinel","Immolate","Immolate+1","Feed","Feed+1","Hemokinesis","Seeing Red","Reaper","Metallicize","Impervious+1","Double Tap+1","Metallicize+1","Offering","Blood for Blood","Bludgeon"],"relics":["Black Blood","Bottled Flame","SlaversCollar","Oddly Smooth Stone","Calipers","Incense Burner","betterThird:SlimedRelic"],"acts_visited":["Exordium","TheCity","TheBeyond"],"potions_floor_usage":[16,21,30,33,33,41,41],"damage_taken":[{"damage":5,"enemies":"Small Slimes","floor":1,"turns":3},{"damage":0,"enemies":"2 Louse","floor":4,"turns":2},{"damage":0,"enemies":"Jaw Worm","floor":5,"turns":3},{"damage":19,"enemies":"Gremlin Gang","floor":10,"turns":9},{"damage":13,"enemies":"Gremlin Nob","floor":11,"turns":6},{"damage":12,"enemies":"3 Sentries","floor":13,"turns":5},{"damage":7,"enemies":"Blue Slaver","floor":14,"turns":3},{"damage":1,"enemies":"Slime Boss","floor":16,"turns":7},{"damage":9,"enemies":"Spheric Guardian","floor":18,"turns":6},{"damage":14,"enemies":"2 Thieves","floor":20,"turns":4},{"damage":11,"enemies":"Snake Plant","floor":21,"turns":5},{"damage":28,"enemies":"Centurion and Healer","floor":22,"turns":9},{"damage":13,"enemies":"Slavers","floor":24,"turns":5},{"damage":14,"enemies":"Gremlin Leader","floor":27,"turns":12},{"damage":5,"enemies":"3 Cultists","floor":28,"turns":5},{"damage":0,"enemies":"Slavers","floor":30,"turns":4},{"damage":22,"enemies":"Sentry and Sphere","floor":31,"turns":6},{"damage":46,"enemies":"Champ","floor":33,"turns":11},{"damage":12,"enemies":"3 Shapes","floor":35,"turns":1},{"damage":19,"enemies":"Orb Walker","floor":36,"turns":5},{"damage":20,"enemies":"4 Shapes","floor":39,"turns":4},{"damage":88,"enemies":"Giant Head","floor":41,"turns":13},{"damage":44,"enemies":"Maw","floor":42,"turns":8}],"seed_played":"-2908382401684788831","potions_obtained":[{"floor":4,"key":"blueLaboratory:EnragingPotion"},{"floor":10,"key":"SteroidPotion"},{"floor":14,"key":"blueLaboratory:BottledHope"},{"floor":18,"key":"SpeedPotion"},{"floor":27,"key":"DistilledChaos"},{"floor":30,"key":"SteroidPotion"},{"floor":31,"key":"Fruit Juice"},{"floor":33,"key":"DuplicationPotion"},{"floor":39,"key":"blueLaboratory:LimitlessPotion"}],"is_trial":false,"path_per_floor":["M","?","$","M","M","R","?","R","T","M","E","$","E","M","R","B",null,"M","$","M","M","M","R","E","?","T","E","M","R","E","M","R","B",null,"M","M","?","?","M","R","E","M"],"character_chosen":"IRONCLAD","items_purchased":["Bandage Up","Feed"],"campfire_rested":0,"item_purchase_floors":[3,19],"current_hp_per_floor":[80,69,69,75,80,80,60,60,60,53,52,52,52,57,57,68,80,77,77,78,81,64,64,67,67,67,77,87,87,93,87,87,68,98,98,97,93,93,95,95,29,0,0],"gold":799,"neow_bonus":"","is_daily":true,"chose_seed":false,"campfire_upgraded":7,"win_rate":0.0,"timestamp":1608386471,"path_taken":["M","?","$","M","M","R","?","R","T","M","E","?","E","M","R","BOSS","M","$","?","?","M","R","E","?","T","E","M","R","E","M","R","BOSS","M","M","?","?","M","R","E","M"],"items_purchased_type":["Card","Card"],"build_version":"2020-12-13","purchased_purges":1,"victory":false,"max_hp_per_floor":[80,80,80,80,80,80,80,80,80,80,80,80,80,80,80,80,80,80,80,83,86,86,86,90,90,90,90,93,93,93,93,93,98,98,98,98,93,93,97,97,97,97,97],"card_choices":[{"not_picked":["Havoc","Body Slam"],"picked":"Sword Boomerang","floor":0},{"not_picked":["Sword Boomerang","Havoc"],"picked":"Shrug It Off","floor":0},{"not_picked":["Flex","Combust"],"picked":"Rampage","floor":0},{"not_picked":["Cleave","Sword Boomerang"],"picked":"Power Through","floor":0},{"not_picked":["Flex","Thunderclap"],"picked":"Wild Strike","floor":0},{"not_picked":["Clash","Cleave"],"picked":"Iron Wave","floor":0},{"not_picked":["Clothesline","Thunderclap"],"picked":"Power Through","floor":0},{"not_picked":["Cleave","Pommel Strike"],"picked":"Evolve","floor":0},{"not_picked":["Clash","Twin Strike"],"picked":"Headbutt","floor":0},{"not_picked":["Headbutt","Pommel Strike"],"picked":"Pummel","floor":0},{"not_picked":["Sword Boomerang","Warcry"],"picked":"Shockwave","floor":0},{"not_picked":["Whirlwind","Clash"],"picked":"Blood for Blood","floor":0},{"not_picked":["Clothesline","Battle Trance"],"picked":"Power Through","floor":0},{"not_picked":["Shrug It Off","Armaments"],"picked":"Ghostly Armor","floor":0},{"not_picked":["Warcry","Armaments"],"picked":"Pommel Strike","floor":0},{"not_picked":["Iron Wave","Anger"],"picked":"Blood for Blood","floor":1},{"not_picked":["Sword Boomerang","Cleave"],"picked":"Blood for Blood","floor":4},{"not_picked":["Shrug It Off","Clothesline"],"picked":"Sentinel","floor":5},{"not_picked":["Power Through","Pommel Strike","Anger"],"picked":"SKIP","floor":10},{"not_picked":["Impervious","Bludgeon"],"picked":"Immolate","floor":11},{"not_picked":["Bludgeon","Reaper"],"picked":"Immolate","floor":13},{"not_picked":["Twin Strike","Combust","Perfected Strike"],"picked":"SKIP","floor":14},{"not_picked":["Demon Form","Double Tap"],"picked":"Feed","floor":16},{"not_picked":["Iron Wave+1","Perfected Strike+1","Sever Soul+1"],"picked":"SKIP","floor":18},{"not_picked":["Clothesline","Rupture"],"picked":"Hemokinesis","floor":20},{"not_picked":["Wild Strike","Pommel Strike"],"picked":"Seeing Red","floor":21},{"not_picked":["Flex","Shrug It Off+1","Evolve"],"picked":"SKIP","floor":22},{"not_picked":["Demon Form","Double Tap"],"picked":"Reaper","floor":24},{"not_picked":["Limit Break","Berserk"],"picked":"Impervious","floor":27},{"not_picked":["Headbutt+1","Rupture","Wild Strike"],"picked":"SKIP","floor":28},{"not_picked":["Berserk","Corruption"],"picked":"Double Tap","floor":30},{"not_picked":["Iron Wave","Pommel Strike"],"picked":"Metallicize","floor":31},{"not_picked":["Demon Form","Corruption"],"picked":"Offering","floor":33},{"not_picked":["Disarm+1","Cleave+1","Armaments+1"],"picked":"SKIP","floor":35},{"not_picked":["Clothesline+1","Evolve+1","Sever Soul+1"],"picked":"SKIP","floor":36},{"not_picked":["Rupture","Clothesline"],"picked":"Blood for Blood","floor":39},{"not_picked":["Brutality","Fiend Fire"],"picked":"Bludgeon","floor":41}],"player_experience":735545,"relics_obtained":[{"floor":9,"key":"Calipers"},{"floor":11,"key":"Incense Burner"},{"floor":24,"key":"Bottled Flame"},{"floor":26,"key":"Shuriken"},{"floor":30,"key":"War Paint"},{"floor":41,"key":"Oddly Smooth Stone"}],"event_choices":[{"damage_healed":0,"gold_gain":0,"player_choice":"Slimed","damage_taken":11,"max_hp_gain":0,"max_hp_loss":0,"event_name":"betterThird:BetterGoop","floor":2,"gold_loss":22},{"damage_healed":0,"gold_gain":0,"player_choice":"Take Damage","damage_taken":20,"relics_obtained":["Golden Idol"],"max_hp_gain":0,"max_hp_loss":0,"event_name":"Golden Idol","floor":7,"gold_loss":0},{"damage_healed":0,"gold_gain":0,"cards_transformed":["Wild Strike","Headbutt"],"player_choice":"Became Test Subject","damage_taken":0,"max_hp_gain":0,"max_hp_loss":0,"event_name":"Drug Dealer","floor":25,"gold_loss":0,"cards_obtained":["Metallicize","Feel No Pain"]},{"damage_healed":0,"gold_gain":0,"player_choice":"Max HP","damage_taken":0,"max_hp_gain":0,"max_hp_loss":5,"event_name":"Winding Halls","floor":37,"gold_loss":0},{"damage_healed":0,"gold_gain":333,"player_choice":"Gave Idol","damage_taken":0,"max_hp_gain":0,"max_hp_loss":0,"event_name":"The Moai Head","floor":38,"relics_lost":["Golden Idol"],"gold_loss":0}],"is_beta":false,"boss_relics":[{"not_picked":["Snecko Eye","Velvet Choker"],"picked":"SlaversCollar"},{"not_picked":["Calling Bell","Black Star"],"picked":"Black Blood"}],"items_purged_floors":[12],"is_endless":false,"potions_floor_spawned":[4,10,14,18,27,30,31,33,39],"killed_by":"Maw","ascension_level":0}}