{"host":"ow9msrs9p2ctkx99","time":1608403914,"event":{"mods":["AchievementEnabler","BaseMod","Colored Map","Colored Powertips","Minty Spire (QoL Compilation)","Permanent Neow","Quick Restart","SuperFastMode"],"gold_per_floor":[116,126,126,137,155,180,197,40,67,67,146,146,146,161,161,258,258,270,270,270,107,107,107,118,118,118,146,146,146],"floor_reached":28,"playtime":651,"items_purged":["Strike_G"],"score":248,"play_id":"1cf21bb5-dc0e-4317-b1b7-554889f335de","local_time":"20201219195154","is_ascension_mode":true,"campfire_choices":[{"data":"Noxious Fumes","floor":12,"key":"SMITH"},{"data":"Bouncing Flask","floor":15,"key":"SMITH"},{"data":"Burst","floor":23,"key":"SMITH"}],"circlet_count":0,"master_deck":["Strike_G","Strike_G","Strike_G","Defend_G","Defend_G","Defend_G","Defend_G","Defend_G","Survivor","Neutralize","Riddle With Holes","Bouncing Flask+1","Dagger Spray","Deadly Poison","Deadly Poison","Crippling Poison","Noxious Fumes+1","Escape Plan","Tools of the Trade","Prepared+1","Burst+1","Dagger Throw"],"relics":["Velvet Choker","Enchiridion"],"acts_visited":["Exordium","TheCity"],"potions_floor_usage":[27],"damage_taken":[{"damage":0,"enemies":"2 Louse","floor":1,"turns":3},{"damage":0,"enemies":"Cultist","floor":2,"turns":4},{"damage":0,"enemies":"Small Slimes","floor":4,"turns":2},{"damage":6,"enemies":"Blue Slaver","floor":5,"turns":4},{"damage":16,"enemies":"Gremlin Nob","floor":6,"turns":4},{"damage":4,"enemies":"2 Fungi Beasts","floor":7,"turns":3},{"damage":11,"enemies":"Large Slime","floor":14,"turns":3},{"damage":24,"enemies":"Hexaghost","floor":16,"turns":8},{"damage":5,"enemies":"Chosen","floor":18,"turns":4},{"damage":0,"enemies":"Shell Parasite","floor":24,"turns":3},{"damage":51,"enemies":"Book of Stabbing","floor":27,"turns":4},{"damage":12,"enemies":"Cultist and Chosen","floor":28,"turns":4}],"seed_played":"-2236019344597659824","potions_obtained":[{"floor":4,"key":"DuplicationPotion"},{"floor":6,"key":"LiquidMemories"},{"floor":16,"key":"BlessingOfTheForge"},{"floor":24,"key":"FairyPotion"}],"is_trial":false,"path_per_floor":["M","M","?","M","M","E","M","$","T","?","T","R","?","M","R","B",null,"M","?","?","$","?","R","M","?","T","E","M"],"character_chosen":"THE_SILENT","items_purchased":["Noxious Fumes","Burst"],"campfire_rested":0,"item_purchase_floors":[8,21],"current_hp_per_floor":[70,70,70,70,64,48,44,44,44,67,67,67,67,56,56,32,70,65,52,52,52,36,36,36,36,36,10,0,0],"gold":146,"neow_bonus":"BOSS_RELIC","is_daily":false,"chose_seed":false,"campfire_upgraded":3,"win_rate":0.0,"timestamp":1608403914,"path_taken":["M","M","?","M","?","E","M","$","T","?","?","R","?","M","R","BOSS","M","?","?","$","?","R","M","?","T","E","?"],"items_purchased_type":["Card","Card"],"build_version":"2020-12-13","purchased_purges":1,"victory":false,"max_hp_per_floor":[70,70,70,70,70,70,70,70,70,70,70,70,70,70,70,70,70,70,75,75,75,75,75,75,75,75,75,75,75],"card_choices":[{"not_picked":["Bane","Backflip"],"picked":"Riddle With Holes","floor":1},{"not_picked":["Blur","Slice"],"picked":"Bouncing Flask","floor":2},{"not_picked":["Flechettes","Finisher"],"picked":"Dagger Spray","floor":4},{"not_picked":["Die Die Die","Eviscerate"],"picked":"Deadly Poison","floor":5},{"not_picked":["Blade Dance","Reflex"],"picked":"Deadly Poison","floor":6},{"not_picked":["Blade Dance","Tactician"],"picked":"Crippling Poison","floor":7},{"not_picked":["Setup","Outmaneuver"],"picked":"Escape Plan","floor":14},{"not_picked":["Grand Finale","Storm of Steel"],"picked":"Tools of the Trade","floor":16},{"not_picked":["Deadly Poison+1","Acrobatics"],"picked":"Prepared+1","floor":18},{"not_picked":["Skewer+1","Concentrate","Cloak And Dagger"],"picked":"SKIP","floor":24},{"not_picked":["Deflect","Heel Hook"],"picked":"Dagger Throw","floor":27}],"player_experience":1087033,"relics_obtained":[{"floor":22,"key":"Enchiridion"}],"event_choices":[{"cards_removed":["Strike_G"],"damage_healed":0,"gold_gain":0,"player_choice":"Purged","damage_taken":0,"max_hp_gain":0,"max_hp_loss":0,"event_name":"Purifier","floor":3,"gold_loss":0},{"damage_healed":23,"gold_gain":0,"player_choice":"Banana","damage_taken":0,"max_hp_gain":0,"max_hp_loss":0,"event_name":"Big Fish","floor":10,"gold_loss":0},{"damage_healed":0,"gold_gain":0,"player_choice":"Searched \u00270\u0027 times","damage_taken":0,"max_hp_gain":0,"max_hp_loss":0,"event_name":"Dead Adventurer","floor":13,"gold_loss":0},{"damage_healed":0,"gold_gain":0,"player_choice":"Shed Blood","damage_taken":18,"max_hp_gain":5,"max_hp_loss":0,"event_name":"Forgotten Altar","floor":19,"gold_loss":0},{"damage_healed":0,"gold_gain":0,"player_choice":"Ignored","damage_taken":0,"max_hp_gain":0,"max_hp_loss":0,"event_name":"Vampires","floor":20,"gold_loss":0},{"damage_healed":0,"gold_gain":0,"player_choice":"Obtained Book","damage_taken":16,"max_hp_gain":0,"max_hp_loss":0,"event_name":"Cursed Tome","floor":22,"gold_loss":0},{"damage_healed":0,"gold_gain":0,"player_choice":"Got Potions","damage_taken":0,"max_hp_gain":0,"max_hp_loss":0,"event_name":"Lab","floor":25,"gold_loss":0}],"is_beta":false,"boss_relics":[{"not_picked":["Busted Crown","SacredBark","Astrolabe"]}],"items_purged_floors":[8],"is_endless":false,"potions_floor_spawned":[4,6,16,24,27],"killed_by":"Cultist and Chosen","ascension_level":1}}