{"host":"gbop6m4qugddaz18","time":1608415034,"event":{"mods":["2.2 Compatiblity","BaseMod","Better Third Choice","Block Reminder","Downfall","GifTheSpireLib","Highlight Path","Minty Spire (QoL Compilation)","Replay The Spire","StSLib"],"gold_per_floor":[99,99,99,132,132,157,182,222,222,261,284,134,160,191,218,331,331,331],"floor_reached":17,"playtime":1322,"items_purged":[],"score":268,"play_id":"d32a393b-44ef-4bd6-96bb-4e0ec7da46e1","local_time":"20201219165714","is_ascension_mode":true,"campfire_choices":[{"data":"Bash","floor":1,"key":"SMITH"},{"data":"Strike_R","floor":3,"key":"SMITH"}],"circlet_count":0,"master_deck":["Strike_R","Strike_R","Strike_R","Strike_R+1","Strike_R+1","Defend_R","Defend_R+1","Defend_R","Defend_R","Bash+1","Armaments","ReplayTheSpireMod:Strike From Hell","Thunderclap","Headbutt","Sword Boomerang","Juggernaut","Perfected Strike","Headbutt","Barricade"],"relics":["Burning Blood","downfall:HeartsMalice","Mercury Hourglass","Self Forming Clay","Replay:Bandana","Potion Belt","Centennial Puzzle","Runic Cube"],"acts_visited":["Exordium","TheCity"],"potions_floor_usage":[],"damage_taken":[{"damage":0,"enemies":"Gremlin Nob","floor":4,"turns":1},{"damage":0,"enemies":"Jaw Worm","floor":5,"turns":1},{"damage":0,"enemies":"Lagavulin","floor":6,"turns":1},{"damage":22,"enemies":"Gremlin Nob","floor":8,"turns":4},{"damage":41,"enemies":"Lagavulin","floor":10,"turns":6},{"damage":0,"enemies":"2 Louse","floor":11,"turns":2},{"damage":0,"enemies":"Cultist","floor":13,"turns":3},{"damage":11,"enemies":"Looter","floor":14,"turns":3},{"damage":15,"enemies":"2 Fungi Beasts","floor":15,"turns":3},{"damage":62,"enemies":"The Guardian","floor":16,"turns":11}],"seed_played":"-252538554953646902","potions_obtained":[{"floor":6,"key":"Strength Potion"},{"floor":10,"key":"BloodPotion"},{"floor":11,"key":"SpeedPotion"},{"floor":14,"key":"hexamod:EctoCoolerPotion"}],"is_trial":false,"path_per_floor":["R","?","R","E","M","E","T","E","?","E","M","?","M","M","M","B",null],"character_chosen":"IRONCLAD","items_purchased":[],"campfire_rested":0,"item_purchase_floors":[],"current_hp_per_floor":[80,80,80,80,80,80,80,64,64,29,35,90,90,85,76,20,90,90],"gold":331,"neow_bonus":"THREE_ENEMY_KILL","is_daily":false,"chose_seed":false,"campfire_upgraded":2,"win_rate":0.0,"timestamp":1608415034,"path_taken":["R","?","R","E","M","E","T","E","?","E","M","?","M","?","M","BOSS"],"items_purchased_type":[],"build_version":"2020-12-13","purchased_purges":0,"victory":false,"max_hp_per_floor":[80,80,80,80,80,80,80,80,80,80,80,90,90,90,90,90,90,90],"card_choices":[{"not_picked":["Fiend Fire","Fire Breathing"],"picked":"Armaments","floor":4},{"not_picked":["Shockwave","Havoc"],"picked":"ReplayTheSpireMod:Strike From Hell","floor":5},{"not_picked":["Run Through","Defy Death"],"picked":"Thunderclap","floor":6},{"not_picked":["Dark Embrace","Seeing Red"],"picked":"Headbutt","floor":8},{"not_picked":["Massacre","Power Through"],"picked":"Sword Boomerang","floor":10},{"not_picked":["Cleave","Havoc"],"picked":"Juggernaut","floor":11},{"not_picked":["Thunderclap","Shrug It Off"],"picked":"Perfected Strike","floor":13},{"not_picked":["Wild Strike","Burning Pact","Warcry"],"picked":"SKIP","floor":14},{"not_picked":["Second Wind","Bloodletting"],"picked":"Headbutt","floor":15},{"not_picked":["Reaper","Fiend Fire"],"picked":"Barricade","floor":16}],"player_experience":477505,"relics_obtained":[{"floor":4,"key":"Mercury Hourglass"},{"floor":6,"key":"Self Forming Clay"},{"floor":7,"key":"Replay:Bandana"},{"floor":8,"key":"Potion Belt"},{"floor":10,"key":"Centennial Puzzle"}],"event_choices":[{"damage_healed":0,"gold_gain":0,"player_choice":"Grow","damage_taken":0,"max_hp_gain":0,"max_hp_loss":0,"event_name":"Living Wall","floor":2,"gold_loss":0,"cards_upgraded":["Strike_R"]}],"is_beta":false,"boss_relics":[{"not_picked":["Cursed Key","Mark of Pain"],"picked":"Runic Cube"}],"items_purged_floors":[],"is_endless":false,"potions_floor_spawned":[6,10,11,14],"ascension_level":3}}