{"host":"cf32014d19ld5mat","time":1608398772,"event":{"mods":["AchievementEnabler","BaseMod","Block Reminder","Minty Spire (QoL Compilation)","Random Character Button","Relic Stats","StSLib"],"gold_per_floor":[119,139,139,155,166,166,91,91,167,180,194,214,214,225,225,321,321,331,345,345,357,372,115,147,161,181,181,200,200,200,200,216,216,322,349,377,390,265,276,126,144,163,213,213,213],"floor_reached":44,"playtime":3481,"items_purged":["Strike_R","Strike_R","Twin Strike","Defend_R"],"score":507,"play_id":"385af193-e0d0-44c0-89ef-28e8b8d0e00c","local_time":"20201219172612","is_ascension_mode":false,"campfire_choices":[{"data":"Searing Blow","floor":6.0,"key":"SMITH"},{"data":"Searing Blow+2","floor":13.0,"key":"SMITH"},{"data":"Armaments","floor":15.0,"key":"SMITH"},{"floor":33.0,"key":"REST"}],"circlet_count":0,"master_deck":["Defend_R","Bash","Searing Blow+3","Flame Barrier","Burning Pact","Armaments+1","Battle Trance","Armaments","Feed+1","Bludgeon+1","Juggernaut+1","Infernal Blade+1","Disarm"],"relics":["Burning Blood","PreservedInsect","Molten Egg 2","Velvet Choker","Bag of Preparation","TungstenRod","InkBottle","Enchiridion","CeramicFish","Astrolabe","Mango"],"acts_visited":["Exordium","TheCity","TheBeyond"],"potions_floor_usage":[],"damage_taken":[{"damage":0.0,"enemies":"2 Louse","floor":1.0,"turns":3.0},{"damage":6.0,"enemies":"Cultist","floor":2.0,"turns":3.0},{"damage":11.0,"enemies":"Jaw Worm","floor":4.0,"turns":4.0},{"damage":9.0,"enemies":"Blue Slaver","floor":5.0,"turns":4.0},{"damage":2.0,"enemies":"3 Louse","floor":10.0,"turns":3.0},{"damage":5.0,"enemies":"Looter","floor":11.0,"turns":3.0},{"damage":29.0,"enemies":"Exordium Thugs","floor":12.0,"turns":6.0},{"damage":4.0,"enemies":"Blue Slaver","floor":14.0,"turns":4.0},{"damage":16.0,"enemies":"The Guardian","floor":16.0,"turns":9.0},{"damage":19.0,"enemies":"Shell Parasite","floor":18.0,"turns":5.0},{"damage":5.0,"enemies":"Chosen","floor":19.0,"turns":4.0},{"damage":40.0,"enemies":"Sentry and Sphere","floor":21.0,"turns":10.0},{"damage":25.0,"enemies":"Shelled Parasite and Fungi","floor":22.0,"turns":6.0},{"damage":5.0,"enemies":"Book of Stabbing","floor":24.0,"turns":5.0},{"damage":12.0,"enemies":"Chosen and Byrds","floor":25.0,"turns":4.0},{"damage":0.0,"enemies":"Centurion and Healer","floor":26.0,"turns":5.0},{"damage":9.0,"enemies":"Snake Plant","floor":28.0,"turns":3.0},{"damage":3.0,"enemies":"Sentry and Sphere","floor":32.0,"turns":6.0},{"damage":35.0,"enemies":"Collector","floor":34.0,"turns":10.0},{"damage":26.0,"enemies":"3 Darklings","floor":36.0,"turns":7.0},{"damage":4.0,"enemies":"Orb Walker","floor":37.0,"turns":3.0},{"damage":20.0,"enemies":"Jaw Worm Horde","floor":39.0,"turns":5.0},{"damage":3,"enemies":"Writhing Mass","floor":41,"turns":8},{"damage":46,"enemies":"3 Darklings","floor":42,"turns":6},{"damage":7,"enemies":"Mind Bloom Boss Battle","floor":43,"turns":7},{"damage":0,"enemies":"Jaw Worm Horde","floor":44,"turns":1}],"seed_played":"2111427965249187526","potions_obtained":[{"floor":2.0,"key":"Fire Potion"},{"floor":4.0,"key":"LiquidMemories"},{"floor":5.0,"key":"GamblersBrew"},{"floor":14.0,"key":"PowerPotion"},{"floor":19.0,"key":"LiquidMemories"},{"floor":34.0,"key":"Fire Potion"},{"floor":41,"key":"GamblersBrew"}],"is_trial":false,"path_per_floor":["M","M","?","M","M","R","$","?","T","M","M","M","R","M","R","B",null,"M","M","?","M","M","$","E","M","M","T","M","?","?","T","M","R","B",null,"M","M","$","M","$","M","M","?","M"],"character_chosen":"IRONCLAD","items_purchased":["Bag of Preparation"],"campfire_rested":1,"item_purchase_floors":[23],"current_hp_per_floor":[88,88,88,83,80,80,80,80,80,84,85,62,62,64,64,54,88,75,76,76,42,23,23,24,18,24,24,21,21,9,9,12,38,9,88,72,78,78,68,68,75,35,52,52,52],"gold":213,"neow_bonus":"TEN_PERCENT_HP_BONUS","is_daily":false,"chose_seed":false,"campfire_upgraded":3,"win_rate":0.0,"timestamp":1608398772,"path_taken":["M","M","?","M","M","R","?","?","T","M","M","M","R","M","R","BOSS","M","M","?","M","M","$","E","M","M","T","M","?","?","?","M","R","BOSS","M","M","$","M","$","M","M","?","M"],"items_purchased_type":["Relic"],"build_version":"2020-12-13","purchased_purges":4,"victory":false,"max_hp_per_floor":[88,88,88,88,88,88,88,88,88,88,88,88,88,88,88,88,88,88,88,88,88,88,88,88,88,88,88,88,88,88,88,88,88,88,88,92,96,96,100,100,104,104,122,122,122],"relic_stats":{"counters":[26,134],"CeramicFish":45,"Astrolabe":["Bludgeon","Juggernaut","Infernal Blade"],"PreservedInsect":41,"Bag of Preparation":[26],"obtain_stats":[{"CeramicFish":31,"Astrolabe":35,"Velvet Choker":17,"Enchiridion":30,"Molten Egg 2":9,"Mango":43,"PreservedInsect":3,"Bag of Preparation":23,"Burning Blood":0,"TungstenRod":24,"InkBottle":27},{"CeramicFish":17,"Astrolabe":19,"Velvet Choker":9,"Enchiridion":17,"Molten Egg 2":4,"Mango":25,"PreservedInsect":2,"Bag of Preparation":13,"Burning Blood":0,"TungstenRod":14,"InkBottle":16},{"CeramicFish":81,"Astrolabe":97,"Velvet Choker":39,"Enchiridion":81,"Molten Egg 2":14,"Mango":133,"PreservedInsect":6,"Bag of Preparation":64,"Burning Blood":0,"TungstenRod":69,"InkBottle":78}],"Burning Blood":144,"TungstenRod":40,"InkBottle":[9]},"card_choices":[{"not_picked":["Headbutt","Thunderclap"],"picked":"Twin Strike","floor":1.0},{"not_picked":["Anger","Seeing Red"],"picked":"Searing Blow","floor":2.0},{"not_picked":["Clothesline","Shrug It Off"],"picked":"Flame Barrier","floor":4.0},{"not_picked":["Warcry","Pommel Strike","Reckless Charge"],"picked":"SKIP","floor":5.0},{"not_picked":["Clothesline+1","Sword Boomerang+1","Heavy Blade+1"],"picked":"SKIP","floor":10.0},{"not_picked":["Thunderclap+1","Havoc"],"picked":"Burning Pact","floor":11.0},{"not_picked":["Armaments","Headbutt+1","Flex"],"picked":"SKIP","floor":12.0},{"not_picked":["Dark Embrace","Inflame"],"picked":"Armaments","floor":14.0},{"not_picked":["Pommel Strike+1","Heavy Blade+1","Twin Strike+1"],"picked":"SKIP","floor":18.0},{"not_picked":["Anger+1","Perfected Strike+1"],"picked":"Battle Trance","floor":19.0},{"not_picked":["Wild Strike+1","Clash+1","Twin Strike+1"],"picked":"SKIP","floor":21.0},{"not_picked":["Spot Weakness+1","Thunderclap+1","Pummel+1"],"picked":"SKIP","floor":24.0},{"not_picked":["Exhume","Clash+1","Second Wind"],"picked":"SKIP","floor":25.0},{"not_picked":["Havoc","Shrug It Off","Body Slam+1"],"picked":"SKIP","floor":26.0},{"not_picked":["Pommel Strike+1","Dropkick+1","Shrug It Off"],"picked":"SKIP","floor":28.0},{"not_picked":["Clash+1","Pommel Strike+1","Warcry"],"picked":"SKIP","floor":32.0},{"not_picked":["Exhume","Offering"],"picked":"Feed+1","floor":34.0},{"not_picked":["Sword Boomerang+1","Clothesline+1"],"picked":"Disarm","floor":36.0},{"not_picked":["Sword Boomerang+1","Searing Blow+1","Shrug It Off+1"],"picked":"SKIP","floor":39.0},{"not_picked":["Hemokinesis+1","Armaments","Ghostly Armor+1"],"picked":"SKIP","floor":41},{"not_picked":["Bludgeon+1","Dropkick+1","Inflame"],"picked":"SKIP","floor":42}],"player_experience":957834,"relics_obtained":[{"floor":9.0,"key":"Molten Egg 2"},{"floor":24.0,"key":"TungstenRod"},{"floor":27.0,"key":"InkBottle"},{"floor":30.0,"key":"Enchiridion"},{"floor":31.0,"key":"CeramicFish"},{"floor":43,"key":"Mango"}],"event_choices":[{"damage_healed":0.0,"max_hp_gain":0.0,"max_hp_loss":0.0,"gold_gain":0.0,"event_name":"WeMeetAgain","player_choice":"Gave Potion","floor":3.0,"gold_loss":0.0,"damage_taken":0.0,"relics_obtained":["PreservedInsect"]},{"damage_healed":0.0,"max_hp_gain":0.0,"max_hp_loss":0.0,"gold_gain":0.0,"event_name":"Living Wall","player_choice":"Grow","floor":8.0,"gold_loss":0.0,"damage_taken":0.0,"cards_upgraded":["Searing Blow"]},{"cards_removed":["Strike_R"],"damage_healed":0.0,"max_hp_gain":0.0,"max_hp_loss":0.0,"gold_gain":0.0,"event_name":"Back to Basics","player_choice":"Elegance","floor":20.0,"gold_loss":0.0,"damage_taken":0.0},{"damage_healed":0.0,"max_hp_gain":0.0,"max_hp_loss":0.0,"gold_gain":0.0,"cards_transformed":["Strike_R","Strike_R"],"event_name":"Drug Dealer","player_choice":"Became Test Subject","floor":29.0,"gold_loss":0.0,"damage_taken":0.0,"cards_obtained":["Armaments","Burning Pact"]},{"damage_healed":0.0,"max_hp_gain":0.0,"max_hp_loss":0.0,"gold_gain":0.0,"event_name":"Cursed Tome","player_choice":"Obtained Book","floor":30.0,"gold_loss":0.0,"damage_taken":16.0},{"damage_healed":0,"gold_gain":0,"player_choice":"Fight","damage_taken":0,"max_hp_gain":0,"max_hp_loss":0,"event_name":"MindBloom","floor":43,"gold_loss":0}],"is_beta":false,"boss_relics":[{"not_picked":["Sozu","SacredBark"],"picked":"Velvet Choker"},{"not_picked":["Busted Crown","Empty Cage"],"picked":"Astrolabe"}],"items_purged_floors":[7,23,38,40],"is_endless":false,"potions_floor_spawned":[2,4,5,14,19,21,28,34,41,42],"killed_by":"Jaw Worm Horde","ascension_level":0}}