{"host":"i39dbljnp2r9g04i","time":1608350134,"event":{"mods":["BaseMod","Minty Spire (QoL Compilation)","StSLib"],"gold_per_floor":[118,68,80,5,5,33,45,45,68,100,21,96,113,133,133,133,133],"floor_reached":16,"playtime":646,"items_purged":[],"score":223,"play_id":"2daaa23b-b8a5-40ae-b7f7-27842067e608","local_time":"20201219115534","is_ascension_mode":true,"campfire_choices":[{"data":"Reflex","floor":15,"key":"SMITH"}],"circlet_count":0,"master_deck":["AscendersBane","Strike_G","Strike_G","Strike_G","Defend_G","Defend_G","Defend_G","Defend_G","Defend_G","Survivor","Neutralize","Escape Plan","Prepared","Dodge and Roll","Choke","Masterful Stab","Reflex+1","Eviscerate","Distraction"],"relics":["Ring of the Snake","NeowsBlessing","PreservedInsect","MealTicket","Art of War"],"acts_visited":["Exordium"],"potions_floor_usage":[16],"damage_taken":[{"damage":0.0,"enemies":"Small Slimes","floor":1.0,"turns":1.0},{"damage":0.0,"enemies":"Jaw Worm","floor":3.0,"turns":1.0},{"damage":0.0,"enemies":"Gremlin Nob","floor":6.0,"turns":1.0},{"damage":0.0,"enemies":"2 Louse","floor":7.0,"turns":6.0},{"damage":10.0,"enemies":"3 Sentries","floor":10.0,"turns":9.0},{"damage":0,"enemies":"Blue Slaver","floor":13,"turns":3},{"damage":1,"enemies":"2 Fungi Beasts","floor":14,"turns":3},{"damage":4,"enemies":"Hexaghost","floor":16,"turns":7}],"seed_played":"2584794769094219715","potions_obtained":[{"floor":1.0,"key":"SkillPotion"},{"floor":3.0,"key":"BlessingOfTheForge"},{"floor":14,"key":"PowerPotion"}],"is_trial":false,"path_per_floor":["M","?","M","$","?","E","M","?","T","E","$","?","M","M","R","B"],"character_chosen":"THE_SILENT","items_purchased":["Prepared","Dodge and Roll","Reflex"],"campfire_rested":0,"item_purchase_floors":[4,4,11],"current_hp_per_floor":[63,63,63,63,56,56,56,56,56,46,61,54,54,53,53,49,49],"gold":133,"neow_bonus":"THREE_ENEMY_KILL","is_daily":false,"chose_seed":false,"campfire_upgraded":1,"win_rate":0.0,"timestamp":1608350134,"path_taken":["M","?","M","$","?","E","M","?","T","E","?","?","M","?","R","BOSS"],"items_purchased_type":["Card","Card","Card"],"build_version":"2020-12-13","purchased_purges":0,"victory":false,"max_hp_per_floor":[70,70,70,70,70,70,70,70,70,70,70,70,70,70,70,70,70],"card_choices":[{"not_picked":["PiercingWail","Eviscerate"],"picked":"Escape Plan","floor":1.0},{"not_picked":["Quick Slash","PiercingWail","Underhanded Strike"],"picked":"SKIP","floor":3.0},{"not_picked":["Noxious Fumes","Dash","Infinite Blades"],"picked":"SKIP","floor":6.0},{"not_picked":["Catalyst","Finisher"],"picked":"Choke","floor":7.0},{"not_picked":["Predator","Riddle With Holes"],"picked":"Masterful Stab","floor":10.0},{"not_picked":["Caltrops","Underhanded Strike"],"picked":"Eviscerate","floor":13},{"not_picked":["Cloak And Dagger","PiercingWail"],"picked":"Distraction","floor":14}],"player_experience":423527,"relics_obtained":[{"floor":6.0,"key":"PreservedInsect"},{"floor":9.0,"key":"MealTicket"},{"floor":10.0,"key":"Art of War"}],"event_choices":[{"cards_removed":["Strike_G"],"damage_healed":0.0,"max_hp_gain":0.0,"max_hp_loss":0.0,"gold_gain":0.0,"event_name":"The Cleric","player_choice":"Card Removal","floor":2.0,"gold_loss":50.0,"damage_taken":0.0},{"cards_removed":["Strike_G"],"damage_healed":0.0,"max_hp_gain":0.0,"max_hp_loss":0.0,"gold_gain":0.0,"event_name":"Golden Wing","player_choice":"Card Removal","floor":5.0,"gold_loss":0.0,"damage_taken":7.0},{"damage_healed":0.0,"max_hp_gain":0.0,"max_hp_loss":0.0,"gold_gain":0.0,"event_name":"Shining Light","player_choice":"Ignored","floor":8.0,"gold_loss":0.0,"damage_taken":0.0},{"damage_healed":0,"gold_gain":75,"player_choice":"Touch","damage_taken":7,"max_hp_gain":0,"max_hp_loss":0,"event_name":"FaceTrader","floor":12,"gold_loss":0}],"is_beta":false,"boss_relics":[],"items_purged_floors":[],"is_endless":false,"potions_floor_spawned":[1,3,7,14],"killed_by":"Hexaghost","ascension_level":13}}