{"host":"v4s5k3c6jywmeofl","time":1608417587,"event":{"mods":["Act Like it!","BaseMod","Colored Map","Downfall","Gensokyo","Hallownest","Hermit","Marisa????????","Minty Spire (QoL Compilation)","Quick Restart","Random Character Button","Rare Cards Sparkle","Replay The Spire","StSLib","The Animator","The Bug Knight","The Cursed","The Hierophant","The Servant 0.9.4"],"gold_per_floor":[109,123,20,20,34,59,72,72,72,72,91,102,102,122,122,122,122],"floor_reached":16,"playtime":971,"items_purged":[],"score":104,"play_id":"9b9192ce-4585-46ea-a6db-044c1b912c28","local_time":"20201219173947","is_ascension_mode":false,"campfire_choices":[{"data":"TheCursedMod:TacticalStrike","floor":8,"key":"SMITH"},{"floor":13,"key":"REST"},{"floor":15,"key":"REST"}],"circlet_count":0,"master_deck":["TheCursedMod:Strike_TheCursed","TheCursedMod:Strike_TheCursed","TheCursedMod:Strike_TheCursed","TheCursedMod:Strike_TheCursed","TheCursedMod:Defend_TheCursed","TheCursedMod:Defend_TheCursed","TheCursedMod:Defend_TheCursed","TheCursedMod:Defend_TheCursed","TheCursedMod:CursedWand","TheCursedMod:CleanUpWorkshop","TheCursedMod:Dregs","TheCursedMod:CursedAmulet","TheCursedMod:TacticalStrike+1","TheCursedMod:Stretching+1","TheCursedMod:LuckyCharm","TheCursedMod:CursedBoomerang","TheCursedMod:CircleOfCorruption","TheCursedMod:CursedSpellbook","TheCursedMod:Grudge","TheCursedMod:CircleOfFlame","TheCursedMod:SurpriseAttack"],"relics":["TheCursedMod:BlackMagic101","NeowsBlessing","Gensokyo:PortableGap","Letter Opener","HollowMod:StagPassRelic"],"acts_visited":["Gensokyo:Gensokyo"],"potions_floor_usage":[16,16],"damage_taken":[{"damage":0,"enemies":"Gensokyo:2_Kodama","floor":1,"turns":1},{"damage":0,"enemies":"Gensokyo:Python","floor":2,"turns":1},{"damage":0,"enemies":"Gensokyo:Gryphon","floor":5,"turns":1},{"damage":38,"enemies":"Gensokyo:Cirno","floor":6,"turns":11},{"damage":0,"enemies":"Gensokyo:2_Rabbits","floor":7,"turns":4},{"damage":1,"enemies":"Gensokyo:VengefulSpirit","floor":11,"turns":4},{"damage":17,"enemies":"Gensokyo:CorruptedTreant","floor":12,"turns":3},{"damage":0,"enemies":"Gensokyo:Kitsune","floor":14,"turns":3},{"damage":55,"enemies":"Gensokyo:Kokoro","floor":16,"turns":14}],"seed_played":"-6329293160475500844","potions_obtained":[{"floor":5,"key":"Elixir"},{"floor":6,"key":"Adrenaline Potion"},{"floor":7,"key":"SteroidPotion"}],"is_trial":false,"path_per_floor":["M","M","$","?","M","E","M","R","T","?","M","M","R","M","R","B"],"character_chosen":"THE_CURSED","items_purchased":["TheCursedMod:Stretching+1","TheCursedMod:LuckyCharm"],"campfire_rested":2,"item_purchase_floors":[3,3],"current_hp_per_floor":[75,75,75,68,68,30,30,30,30,30,29,12,32,32,52,0,0],"gold":122,"neow_bonus":"THREE_ENEMY_KILL","is_daily":false,"chose_seed":false,"campfire_upgraded":1,"win_rate":0.0,"timestamp":1608417587,"path_taken":["M","?","$","?","M","E","?","R","T","?","M","?","R","M","R","BOSS"],"items_purchased_type":["Card","Card"],"build_version":"2020-12-13","purchased_purges":0,"victory":false,"max_hp_per_floor":[75,75,75,68,68,68,68,68,68,68,68,68,68,68,68,68,68],"card_choices":[{"not_picked":["TheCursedMod:WearCloak","TheCursedMod:Wield"],"picked":"TheCursedMod:CursedAmulet","floor":1},{"not_picked":["TheCursedMod:TroublousMinions","TheCursedMod:SoulCrush"],"picked":"TheCursedMod:TacticalStrike","floor":2},{"not_picked":["TheCursedMod:Torture","TheCursedMod:Wield"],"picked":"TheCursedMod:CursedBoomerang","floor":5},{"not_picked":["TheCursedMod:ParallelWorld","TheCursedMod:Torture"],"picked":"TheCursedMod:CircleOfCorruption","floor":6},{"not_picked":["TheCursedMod:Grudge","TheCursedMod:CursedAmulet"],"picked":"TheCursedMod:CursedSpellbook","floor":7},{"not_picked":["TheCursedMod:TacticalStrike","TheCursedMod:VitalStrike"],"picked":"TheCursedMod:Grudge","floor":11},{"not_picked":["TheCursedMod:CursedMace","TheCursedMod:CursedBlade"],"picked":"TheCursedMod:CircleOfFlame","floor":12},{"not_picked":["TheCursedMod:Obscuration","TheCursedMod:StunningStrike"],"picked":"TheCursedMod:SurpriseAttack","floor":14}],"player_experience":92572,"relics_obtained":[{"floor":6,"key":"Letter Opener"},{"floor":9,"key":"HollowMod:StagPassRelic"}],"event_choices":[],"is_beta":false,"boss_relics":[],"items_purged_floors":[],"is_endless":false,"potions_floor_spawned":[5,6,7],"killed_by":"Gensokyo:Kokoro","ascension_level":0}}