{"host":"svwqvw2il1zfkkg0","time":1608358101,"event":{"mods":["AchievementEnabler","BaseMod","BetterRewards","Colored Map","Colored Powertips","Custom Start","Downfall","GifTheSpireLib","Highlight Path","Hubris","Infinite Spire","Minty Spire (QoL Compilation)","Quick Restart","Replay The Spire","Shop Mod","StSLib","SuperFastMode"],"gold_per_floor":[115,115,66,79,94,94,123,123,123,137,137,0,15,15,15,120,120,120,120,120,120,120,120,120,120,120,120,120,120,120,120,120,120,120,120,120,120,120,120,120,120,120,120,120,120,120,120,120,120,120],"floor_reached":51,"playtime":1747,"items_purged":[],"score":743,"play_id":"4b91ba2e-2485-4ff7-ae39-1ae9495732bc","local_time":"20201218220821","is_ascension_mode":false,"campfire_choices":[{"data":"Cloak And Dagger","floor":6,"key":"SMITH"},{"floor":8,"key":"REST"},{"data":"Blade Dance","floor":11,"key":"SMITH"},{"data":"Accuracy","floor":15,"key":"SMITH"},{"data":"Blade Dance","floor":32,"key":"SMITH"},{"data":"Burst","floor":41,"key":"SMITH"},{"floor":49,"key":"REST"}],"circlet_count":0,"master_deck":["Strike_G","Strike_G","Strike_G","Strike_G","Defend_G","Defend_G","Defend_G","Defend_G","Defend_G","Survivor","Neutralize","Cloak And Dagger+1","Blade Dance+1","Choke","Endless Agony","PiercingWail","Blade Dance+1","Accuracy+1","Choke","Phantasmal Killer+1","Flying Knee","Hidden Blade","Phantasmal Killer+1","CurseOfTheBell","Dagger Spray","Hidden Blade","Burst+1","Cloak And Dagger+1","Dagger Spray","Dash"],"relics":["Ring of the Snake","NeowsBlessing","FossilizedHelix","Gremlin Horn","Replay:Bottled Snecko","ReplayTheSpireMod:Shallot","Ectoplasm","ReplayTheSpireMod:TigerMarble","Pear","Calling Bell","Anchor","Ninja Scroll","hubris:AstralHammer","Pantograph","ReplayFunnel","ChewingGum","hubris:BundleOfHerbs","Black Star","Shuriken","Replay:Bandana","Calipers","Replay:Baseball","infinitespire:FocusingShard","Blue Doll"],"acts_visited":["Exordium","TheCity","TheBeyond"],"potions_floor_usage":[7,16,16,33,33,33,44,50,50],"damage_taken":[{"damage":0,"enemies":"Jaw Worm","floor":1,"turns":1},{"damage":0,"enemies":"Cultist","floor":4,"turns":1},{"damage":0,"enemies":"2 Louse","floor":5,"turns":1},{"damage":14,"enemies":"Gremlin Nob","floor":7,"turns":4},{"damage":0,"enemies":"Lots of Slimes","floor":10,"turns":1},{"damage":0,"enemies":"2 Fungi Beasts","floor":13,"turns":3},{"damage":0,"enemies":"Hexaghost","floor":16,"turns":7},{"damage":0,"enemies":"Shell Parasite","floor":18,"turns":3},{"damage":0,"enemies":"Spheric Guardian","floor":21,"turns":3},{"damage":0,"enemies":"Gremlin Leader","floor":23,"turns":4},{"damage":0,"enemies":"Centurion and Healer","floor":25,"turns":3},{"damage":9,"enemies":"Slavers","floor":27,"turns":3},{"damage":0,"enemies":"Shelled Parasite and Fungi","floor":29,"turns":3},{"damage":0,"enemies":"Sentry and Sphere","floor":31,"turns":3},{"damage":40,"enemies":"Collector","floor":33,"turns":7},{"damage":0,"enemies":"3 Darklings","floor":35,"turns":3},{"damage":0,"enemies":"Reptomancer","floor":40,"turns":2},{"damage":0,"enemies":"3 Shapes","floor":44,"turns":2},{"damage":47,"enemies":"Writhing Mass","floor":45,"turns":4},{"damage":0,"enemies":"Giant Head","floor":46,"turns":4},{"damage":0,"enemies":"3 Darklings","floor":48,"turns":2},{"damage":34,"enemies":"Replay:Hell Engine","floor":50,"turns":9}],"seed_played":"4588080902007574452","potions_obtained":[{"floor":1,"key":"PowerPotion"},{"floor":7,"key":"Weak Potion"},{"floor":10,"key":"SpeedPotion"},{"floor":21,"key":"Swift Potion"},{"floor":23,"key":"Reflective Coating"},{"floor":25,"key":"Fire Potion"},{"floor":40,"key":"Adrenaline Potion"},{"floor":45,"key":"sneckomod:MuddlingPotion"},{"floor":48,"key":"SkillPotion"}],"is_trial":false,"path_per_floor":["M","?","$","M","M","R","E","R","T","M","R","$","M","?","R","B",null,"M","$","?","M","?","E","AVR","M","T","E","$","M","?","M","R","B",null,"M","?","$","AVR","T","E","R","$","T","M","M","E","?","M","R","B",null],"character_chosen":"THE_SILENT","items_purchased":["Blade Dance","Blade Dance","Accuracy","BlessingOfTheForge"],"campfire_rested":2,"item_purchase_floors":[3,12,12,12],"current_hp_per_floor":[70,52,52,52,52,52,38,59,59,59,59,59,59,59,59,59,70,70,70,70,70,70,70,80,80,80,71,71,71,71,71,71,40,80,80,80,80,80,80,80,80,80,80,80,33,33,33,33,57,46],"gold":120,"neow_bonus":"THREE_ENEMY_KILL","is_daily":false,"chose_seed":false,"campfire_upgraded":5,"win_rate":0.0,"timestamp":1608358101,"path_taken":["M","?","?","M","M","R","E","R","T","M","R","$","?","?","R","BOSS","M","?","?","?","?","E","AVR","M","T","E","$","M","?","M","R","BOSS","M","?","?","AVR","?","E","R","?","T","?","M","E","?","M","R","BOSS"],"items_purchased_type":["Card","Card","Card","Potion"],"build_version":"2020-12-13","purchased_purges":0,"victory":true,"max_hp_per_floor":[70,70,70,70,70,70,70,70,70,70,70,70,70,70,70,70,70,70,70,70,70,70,70,80,80,80,80,80,80,80,80,80,80,80,80,80,80,80,80,80,80,80,80,80,80,80,80,80,80,80],"card_choices":[{"not_picked":["Catalyst","Flying Knee"],"picked":"Cloak And Dagger","floor":1},{"not_picked":["Slice","Choke","ReplayTheSpireMod:Scrap Shanks"],"picked":"SKIP","floor":4},{"not_picked":["Slice","ReplayTheSpireMod:Scrap Shanks"],"picked":"Choke","floor":4},{"not_picked":["Prepared","Outmaneuver"],"picked":"Endless Agony","floor":5},{"not_picked":["Blur","Deflect","Outmaneuver"],"picked":"SKIP","floor":7},{"not_picked":["Backflip","Expertise"],"picked":"PiercingWail","floor":10},{"not_picked":["Outmaneuver","Slice"],"picked":"Choke","floor":13},{"not_picked":["After Image","Grand Finale"],"picked":"Phantasmal Killer","floor":16},{"not_picked":["Dodge and Roll","Poisoned Stab+1"],"picked":"Flying Knee","floor":18},{"not_picked":["ReplayTheSpireMod:Exploit Weakness+1","Bane"],"picked":"Hidden Blade","floor":21},{"not_picked":["Deflect","Replay:Poison Smokescreen"],"picked":"Phantasmal Killer","floor":23},{"not_picked":["Crippling Poison","Poisoned Stab+1"],"picked":"Dagger Spray","floor":25},{"not_picked":["Skewer","Poison Darts","Well Laid Plans"],"picked":"SKIP","floor":27},{"not_picked":["Fluid Movement","Backflip","Draining Mist"],"picked":"SKIP","floor":29},{"not_picked":["hubris:Counter","Expertise"],"picked":"Hidden Blade","floor":31},{"not_picked":["Night Terror","ReplayTheSpireMod:Necrosis"],"picked":"Burst","floor":33},{"not_picked":["Dodge and Roll+1","Underhanded Strike+1","Poisoned Stab+1"],"picked":"SKIP","floor":35},{"not_picked":["Dodge and Roll+1","Underhanded Strike+1","Poisoned Stab+1"],"picked":"SKIP","floor":35},{"not_picked":["Acrobatics+1","Dodge and Roll"],"picked":"Cloak And Dagger+1","floor":40},{"not_picked":["PiercingWail+1","Blur+1","Underhanded Strike+1"],"picked":"SKIP","floor":44},{"not_picked":["Distraction+1","Poisoned Stab"],"picked":"Dagger Spray","floor":45},{"not_picked":["Poisoned Stab","Underhanded Strike"],"picked":"Dash","floor":46},{"not_picked":["PiercingWail+1","Replay:Bag of Tricks","Deadly Poison"],"picked":"SKIP","floor":48}],"player_experience":396626,"relics_obtained":[{"floor":7,"key":"Gremlin Horn"},{"floor":9,"key":"Replay:Bottled Snecko"},{"floor":23,"key":"ReplayTheSpireMod:TigerMarble"},{"floor":24,"key":"Anchor"},{"floor":24,"key":"Ninja Scroll"},{"floor":24,"key":"hubris:AstralHammer"},{"floor":26,"key":"Pantograph"},{"floor":27,"key":"ReplayFunnel"},{"floor":39,"key":"Shuriken"},{"floor":40,"key":"Replay:Bandana"},{"floor":40,"key":"Calipers"},{"floor":43,"key":"Replay:Baseball"},{"floor":46,"key":"infinitespire:FocusingShard"},{"floor":46,"key":"Blue Doll"}],"event_choices":[{"damage_healed":0,"gold_gain":0,"player_choice":"Success","damage_taken":18,"relics_obtained":["FossilizedHelix"],"max_hp_gain":0,"max_hp_loss":0,"event_name":"Scrap Ooze","floor":2,"gold_loss":0},{"damage_healed":0,"gold_gain":0,"player_choice":"Gave Potion","damage_taken":0,"relics_obtained":["ReplayTheSpireMod:Shallot"],"max_hp_gain":0,"max_hp_loss":0,"event_name":"WeMeetAgain","floor":14,"gold_loss":0},{"damage_healed":0,"gold_gain":0,"player_choice":"Upgraded","damage_taken":0,"max_hp_gain":0,"max_hp_loss":0,"event_name":"Upgrade Shrine","floor":20,"gold_loss":0,"cards_upgraded":["Phantasmal Killer"]},{"damage_healed":0,"gold_gain":0,"player_choice":"Ignored","damage_taken":0,"max_hp_gain":0,"max_hp_loss":0,"event_name":"Cursed Tome","floor":22,"gold_loss":0},{"damage_healed":0,"gold_gain":0,"player_choice":"Bought 0 Potions","damage_taken":0,"max_hp_gain":0,"max_hp_loss":0,"event_name":"The Woman in Blue","floor":30,"gold_loss":0},{"cards_removed":["Strike_G"],"damage_healed":0,"gold_gain":0,"player_choice":"Card Removal","damage_taken":0,"max_hp_gain":0,"max_hp_loss":0,"event_name":"Wheel of Change","floor":36,"gold_loss":0},{"damage_healed":0,"gold_gain":0,"player_choice":"Forge","damage_taken":0,"max_hp_gain":0,"max_hp_loss":0,"event_name":"Accursed Blacksmith","floor":47,"gold_loss":0,"cards_upgraded":["Phantasmal Killer"]}],"is_beta":false,"boss_relics":[{"not_picked":["Runic Dome","hubris:Backtick"],"picked":"Ectoplasm"},{"not_picked":["HoveringKite","Philosopher\u0027s Stone"],"picked":"ChewingGum"}],"items_purged_floors":[],"is_endless":false,"potions_floor_spawned":[1,7,10,21,23,25,29,40,45,48],"ascension_level":0}}