{"host":"9d83omykrosjn1d3","time":1608373215,"event":{"mods":["AchievementEnabler","BaseMod","BetterRewards","Card Forge","Hubris","MarisaÅiñ∂âJÅ@ñÇóùçπÅj","Minty Spire (QoL Compilation)","Permanent Neow","Shop Mod","StSLib","SuperFastMode"],"gold_per_floor":[115,132,57,57,76,108,124,151,151,151,51,67,101,133,145,253,265,290,320,347,379,405,451,297,329,329,329,340,340,366,366,366,464,464,483,492,501,513,526,526,558,558,558,558,408,441,441,467,467,467,467,467,14,53,53],"floor_reached":56,"playtime":1142,"items_purged":["Strike_B","Strike_B","Strike_B","Zap","Defend_B"],"score":2052,"play_id":"d946e836-2c6f-40a9-b645-b8a0b91cc0ea","local_time":"20201219192015","is_ascension_mode":true,"campfire_choices":[{"data":"Searing Blow+24","floor":10,"key":"SMITH"},{"data":"Recycle","floor":15,"key":"SMITH"},{"data":"Buffer","floor":29,"key":"SMITH"},{"data":"Coolheaded","floor":32,"key":"SMITH"},{"data":"Searing Blow+25","floor":40,"key":"SMITH"},{"data":"Defragment","floor":42,"key":"SMITH"},{"data":"Searing Blow+26","floor":44,"key":"SMITH"},{"data":"Searing Blow+27","floor":47,"key":"SMITH"},{"floor":49,"key":"RECALL"},{"data":"Searing Blow+28","floor":52,"key":"SMITH"}],"circlet_count":0,"master_deck":["Searing Blow+29","Defend_B","Defend_B","Defend_B","Dualcast","Recycle+1","Defragment+1","Buffer+1","Genetic Algorithm+1","Coolheaded+1","Finesse+1","Panacea+1","Machine Learning"],"relics":["Cracked Core","Hammer of Thor","Seething Fire","Anvil of the Gods","Thread and Needle","DataDisk","Cables","Gremlin Horn","SlaversCollar","CeramicFish","MerchantsRug","Toxic Egg 2","Busted Crown","Centennial Puzzle","Bronze Scales","Nunchaku","hubris:DeckOfHolding","hubris:Spice","Blue Candle"],"acts_visited":["Exordium","TheCity","TheBeyond","TheEnding"],"potions_floor_usage":[55],"damage_taken":[{"damage":0,"enemies":"Cultist","floor":1,"turns":1},{"damage":1,"enemies":"Small Slimes","floor":2,"turns":2},{"damage":0,"enemies":"2 Louse","floor":5,"turns":2},{"damage":0,"enemies":"Lagavulin","floor":6,"turns":2},{"damage":0,"enemies":"Blue Slaver","floor":7,"turns":1},{"damage":3,"enemies":"3 Sentries","floor":8,"turns":6},{"damage":0,"enemies":"Looter","floor":12,"turns":2},{"damage":0,"enemies":"Lagavulin","floor":13,"turns":1},{"damage":0,"enemies":"Red Slaver","floor":14,"turns":2},{"damage":0,"enemies":"Slime Boss","floor":16,"turns":1},{"damage":0,"enemies":"Chosen","floor":18,"turns":2},{"damage":0,"enemies":"Shell Parasite","floor":19,"turns":3},{"damage":11,"enemies":"3 Cultists","floor":20,"turns":4},{"damage":0,"enemies":"Snake Plant","floor":21,"turns":1},{"damage":0,"enemies":"Cultist and Chosen","floor":22,"turns":3},{"damage":0,"enemies":"Gremlin Leader","floor":23,"turns":2},{"damage":14,"enemies":"Slavers","floor":25,"turns":6},{"damage":0,"enemies":"Centurion and Healer","floor":28,"turns":4},{"damage":0,"enemies":"Book of Stabbing","floor":30,"turns":1},{"damage":0,"enemies":"Champ","floor":33,"turns":1},{"damage":0,"enemies":"Orb Walker","floor":35,"turns":1},{"damage":0,"enemies":"3 Shapes","floor":38,"turns":3},{"damage":0,"enemies":"Maw","floor":39,"turns":1},{"damage":0,"enemies":"Nemesis","floor":41,"turns":1},{"damage":0,"enemies":"Reptomancer","floor":46,"turns":2},{"damage":0,"enemies":"Giant Head","floor":48,"turns":1},{"damage":0,"enemies":"hubris:GrandSnecko","floor":50,"turns":2},{"damage":0,"enemies":"Shield and Spear","floor":54,"turns":2},{"damage":10,"enemies":"The Heart","floor":55,"turns":4}],"seed_played":"-3084590676893636424","potions_obtained":[{"floor":1,"key":"EssenceOfSteel"},{"floor":5,"key":"Explosive Potion"},{"floor":8,"key":"Block Potion"},{"floor":18,"key":"FairyPotion"},{"floor":30,"key":"LiquidMemories"},{"floor":33,"key":"PowerPotion"},{"floor":35,"key":"Regen Potion"},{"floor":41,"key":"FocusPotion"}],"is_trial":false,"path_per_floor":["M","M","$","?","M","E","M","E","T","R","$","M","E","M","R","B",null,"M","M","M","M","M","E","$","E","T","?","M","R","E","?","R","B",null,"M","?","?","M","M","R","E","R","T","R","$","E","R","E","R","B",null,"R","$","E","B",null],"character_chosen":"DEFECT","items_purchased":["MerchantsRug","hubris:Spice"],"campfire_rested":0,"item_purchase_floors":[24,53],"current_hp_per_floor":[68,67,67,67,67,67,67,64,64,64,64,64,64,64,64,64,68,68,68,57,57,57,57,57,43,43,43,43,43,43,43,43,43,68,68,68,68,68,68,68,68,68,68,68,68,68,68,68,68,68,68,68,76,76,66],"gold":53,"neow_bonus":"ONE_RARE_RELIC","is_daily":false,"chose_seed":false,"campfire_upgraded":9,"win_rate":0.0,"timestamp":1608373215,"path_taken":["M","M","$","?","M","E","M","E","T","R","$","?","E","M","R","BOSS","M","M","M","?","M","E","$","E","T","?","M","R","E","?","R","BOSS","M","?","?","M","?","R","E","R","T","R","$","E","R","E","R","BOSS","R","$","E","BOSS"],"items_purchased_type":["Relic","Relic"],"build_version":"2020-12-13","purchased_purges":5,"victory":true,"max_hp_per_floor":[68,68,68,68,68,68,68,68,68,68,68,68,68,68,68,68,68,68,68,68,68,68,68,68,68,68,68,68,68,68,68,68,68,68,68,68,68,68,68,68,68,68,68,68,68,68,68,68,68,68,68,68,76,76,76],"card_choices":[{"not_picked":["Doom and Gloom","Gash","Turbo"],"picked":"SKIP","floor":1},{"not_picked":["Rebound","Steam","Redo"],"picked":"SKIP","floor":2},{"not_picked":["Hello World","Compile Driver","Turbo"],"picked":"SKIP","floor":5},{"not_picked":["White Noise","Storm","All For One"],"picked":"SKIP","floor":6},{"not_picked":["Rip and Tear","Sweeping Beam","Blizzard"],"picked":"SKIP","floor":7},{"not_picked":["Loop","Gash","Chill"],"picked":"SKIP","floor":8},{"not_picked":["Reprogram","Leap"],"picked":"Recycle","floor":12},{"not_picked":["Scrape","Steam Power"],"picked":"Defragment","floor":13},{"not_picked":["Turbo","Sweeping Beam","hubris:PowerSurge"],"picked":"SKIP","floor":14},{"not_picked":["Meteor Strike","Machine Learning"],"picked":"Buffer","floor":16},{"not_picked":["Recycle","Beam Cell","Reprogram"],"picked":"SKIP","floor":18},{"not_picked":["hubris:PowerSurge","Rebound"],"picked":"Genetic Algorithm+1","floor":19},{"not_picked":["Aggregate","Cold Snap","Chill"],"picked":"SKIP","floor":20},{"not_picked":["Beam Cell","Barrage"],"picked":"Coolheaded","floor":21},{"not_picked":["Sunder","Steam","Cold Snap"],"picked":"SKIP","floor":22},{"not_picked":["Self Repair","Go for the Eyes+1","Streamline"],"picked":"SKIP","floor":23},{"not_picked":["Genetic Algorithm+1","Aggregate+1","FTL+1"],"picked":"SKIP","floor":25},{"not_picked":["hubris:SpecializedCircuitry","Stack+1","Force Field+1"],"picked":"SKIP","floor":28},{"not_picked":["Steam+1","Compile Driver","Force Field+1"],"picked":"SKIP","floor":30},{"not_picked":["Darkness+1"],"picked":"SKIP","floor":35},{"not_picked":[],"picked":"Finesse+1","floor":36},{"not_picked":["Turbo+1"],"picked":"SKIP","floor":38},{"not_picked":["Go for the Eyes"],"picked":"SKIP","floor":39},{"not_picked":["Rebound+1"],"picked":"SKIP","floor":41},{"not_picked":["Streamline"],"picked":"SKIP","floor":46},{"not_picked":["Conserve Battery+1"],"picked":"SKIP","floor":48},{"not_picked":[],"picked":"Machine Learning","floor":54}],"player_experience":566645,"relics_obtained":[{"floor":6,"key":"DataDisk"},{"floor":8,"key":"Cables"},{"floor":9,"key":"Gremlin Horn"},{"floor":13,"key":"MawBank"},{"floor":23,"key":"CeramicFish"},{"floor":25,"key":"Toxic Egg 2"},{"floor":41,"key":"Centennial Puzzle"},{"floor":43,"key":"Bronze Scales"},{"floor":46,"key":"Nunchaku"},{"floor":48,"key":"hubris:DeckOfHolding"},{"floor":54,"key":"Blue Candle"}],"event_choices":[{"damage_healed":0,"gold_gain":0,"player_choice":"Upgraded","damage_taken":0,"max_hp_gain":0,"max_hp_loss":0,"event_name":"Upgrade Shrine","floor":4,"gold_loss":0,"cards_upgraded":["Searing Blow"]},{"damage_healed":0,"gold_gain":0,"player_choice":"Ignored","damage_taken":0,"max_hp_gain":0,"max_hp_loss":0,"event_name":"Vampires","floor":27,"gold_loss":0},{"cards_removed":["Strike_B"],"damage_healed":0,"gold_gain":0,"player_choice":"Elegance","damage_taken":0,"max_hp_gain":0,"max_hp_loss":0,"event_name":"Back to Basics","floor":31,"gold_loss":0},{"damage_healed":0,"gold_gain":0,"player_choice":"Memory 1","damage_taken":0,"max_hp_gain":0,"max_hp_loss":0,"event_name":"SensoryStone","floor":36,"gold_loss":0},{"damage_healed":0,"gold_gain":0,"player_choice":"1 cards matched","damage_taken":0,"max_hp_gain":0,"max_hp_loss":0,"event_name":"Match and Keep!","floor":37,"gold_loss":0,"cards_obtained":["Panacea"]}],"is_beta":false,"boss_relics":[{"not_picked":["Calling Bell","Astrolabe"],"picked":"SlaversCollar"},{"not_picked":["Cursed Key","Black Star"],"picked":"Busted Crown"}],"items_purged_floors":[3,11,24,45,53],"is_endless":false,"potions_floor_spawned":[1,5,8,12,14,18,23,30,33,35,41,46,48],"ascension_level":3}}