{"host":"jc4h38xtrb09g8pb","time":1608348782,"event":{"mods":["AchievementEnabler","BaseMod","Colored Map","Minty Spire (QoL Compilation)","Permanent Neow","SuperFastMode"],"gold_per_floor":[113,38,38,54,64,64,95,112,112,132,132,159,81,99,99,198,198,218,218,235,249,4,33,51,67,67,80,80,113,130,30,30,130,130,142,17,35,46,60,95,95,129,129,129,174,186,186,31,31,31],"floor_reached":51,"playtime":3471,"items_purged":["Writhe","Strike_G","Concentrate"],"score":1167,"play_id":"ad382e4c-513f-4813-bf86-2e7742a9739b","local_time":"20201219123302","is_ascension_mode":true,"campfire_choices":[{"data":"Die Die Die","floor":6.0,"key":"SMITH"},{"data":"Neutralize","floor":11.0,"key":"SMITH"},{"data":"Madness","floor":15.0,"key":"SMITH"},{"data":"Catalyst","floor":28,"key":"SMITH"},{"data":"Footwork","floor":32,"key":"SMITH"},{"data":"Prepared","floor":41,"key":"SMITH"},{"data":"Noxious Fumes","floor":44,"key":"SMITH"},{"data":"Leg Sweep","floor":49,"key":"SMITH"}],"circlet_count":0,"master_deck":["AscendersBane","Survivor","Neutralize+1","Die Die Die+1","Dash","Madness+1","Footwork+1","Flying Knee","PiercingWail","Corpse Explosion+1","Quick Slash","Poisoned Stab","Noxious Fumes+1","Backflip","Night Terror","Backflip+1","Deadly Poison+1","Blur","Catalyst+1","Escape Plan","Bullet Time","Masterful Stab","Bane","Poisoned Stab","Malaise","Leg Sweep+1","Underhanded Strike","Underhanded Strike","Prepared+1","A Thousand Cuts","Dodge and Roll+1","Tactician+1","Cloak And Dagger+1"],"relics":["Ring of the Snake","Bird Faced Urn","StoneCalendar","Ginger","Snecko Eye","Mummified Hand","Gambling Chip","Shuriken","Oddly Smooth Stone","Pandora\u0027s Box","Orichalcum","Boot","Unceasing Top","Pocketwatch","Art of War"],"acts_visited":["Exordium","TheCity","TheBeyond"],"potions_floor_usage":[29,29,39,45,45,50,50],"damage_taken":[{"damage":3.0,"enemies":"Small Slimes","floor":1.0,"turns":3.0},{"damage":1.0,"enemies":"Cultist","floor":4.0,"turns":4.0},{"damage":0.0,"enemies":"2 Louse","floor":5.0,"turns":3.0},{"damage":20.0,"enemies":"Gremlin Nob","floor":7.0,"turns":4.0},{"damage":0.0,"enemies":"Large Slime","floor":8.0,"turns":8.0},{"damage":0.0,"enemies":"Exordium Wildlife","floor":10.0,"turns":2.0},{"damage":25.0,"enemies":"Lagavulin","floor":12.0,"turns":6.0},{"damage":0.0,"enemies":"3 Louse","floor":14.0,"turns":1.0},{"damage":35.0,"enemies":"Hexaghost","floor":16.0,"turns":11.0},{"damage":19.0,"enemies":"Spheric Guardian","floor":18.0,"turns":6.0},{"damage":0.0,"enemies":"Chosen","floor":20.0,"turns":5.0},{"damage":0.0,"enemies":"3 Cultists","floor":21.0,"turns":2.0},{"damage":20.0,"enemies":"Slavers","floor":23.0,"turns":5.0},{"damage":0.0,"enemies":"Cultist and Chosen","floor":24.0,"turns":3.0},{"damage":12.0,"enemies":"Centurion and Healer","floor":25.0,"turns":3.0},{"damage":10,"enemies":"Sentry and Sphere","floor":27,"turns":4},{"damage":0,"enemies":"Gremlin Leader","floor":29,"turns":3},{"damage":0,"enemies":"Shelled Parasite and Fungi","floor":30,"turns":5},{"damage":18,"enemies":"Automaton","floor":33,"turns":6},{"damage":0,"enemies":"Orb Walker","floor":35,"turns":3},{"damage":0,"enemies":"3 Shapes","floor":37,"turns":2},{"damage":0,"enemies":"Spire Growth","floor":38,"turns":2},{"damage":3,"enemies":"Writhing Mass","floor":39,"turns":5},{"damage":8,"enemies":"Nemesis","floor":40,"turns":7},{"damage":9,"enemies":"Reptomancer","floor":42,"turns":6},{"damage":25,"enemies":"2 Orb Walkers","floor":45,"turns":6},{"damage":0,"enemies":"Transient","floor":46,"turns":5},{"damage":24,"enemies":"Awakened One","floor":50,"turns":10}],"seed_played":"8729947329906392170","potions_obtained":[{"floor":1.0,"key":"SpeedPotion"},{"floor":5.0,"key":"BlessingOfTheForge"},{"floor":7.0,"key":"BlessingOfTheForge"},{"floor":8.0,"key":"CunningPotion"},{"floor":14.0,"key":"Regen Potion"},{"floor":16.0,"key":"SteroidPotion"},{"floor":20.0,"key":"BlessingOfTheForge"},{"floor":21.0,"key":"Weak Potion"},{"floor":23.0,"key":"SpeedPotion"},{"floor":27,"key":"DuplicationPotion"},{"floor":33,"key":"Energy Potion"},{"floor":35,"key":"PowerPotion"},{"floor":39,"key":"SkillPotion"},{"floor":42,"key":"Block Potion"},{"floor":46,"key":"CunningPotion"}],"is_trial":false,"path_per_floor":["M","$","?","M","M","R","E","M","T","M","R","E","$","M","R","B",null,"M","?","M","M","$","E","M","M","T","M","R","E","M","$","R","B",null,"M","$","M","M","M","E","R","E","T","R","?","M","?","$","R","B",null],"character_chosen":"THE_SILENT","items_purchased":["Noxious Fumes","Mummified Hand","Art of War"],"campfire_rested":0,"item_purchase_floors":[13,22,48],"current_hp_per_floor":[60,60,60,59,59,59,39,41,41,41,41,18,18,18,18,2,53,36,36,46,48,48,30,34,30,30,24,24,26,36,36,36,22,58,60,60,62,64,69,64,64,61,61,61,42,48,48,48,48,30],"gold":31,"neow_bonus":"THREE_RARE_CARDS","is_daily":false,"chose_seed":false,"campfire_upgraded":8,"win_rate":0.0,"timestamp":1608348782,"path_taken":["M","$","?","?","M","R","E","M","T","M","R","E","$","M","R","BOSS","M","?","M","M","$","E","M","M","T","M","R","E","M","$","R","BOSS","M","$","?","M","M","E","R","E","T","R","?","M","?","?","R","BOSS"],"items_purchased_type":["Card","Relic","Relic"],"build_version":"2020-12-13","purchased_purges":3,"victory":true,"max_hp_per_floor":[70,70,70,70,70,70,70,70,70,70,70,70,70,70,70,70,70,70,70,70,70,70,70,70,70,70,70,70,70,70,70,70,70,70,70,70,70,70,70,70,70,70,70,70,70,70,70,70,70,70],"card_choices":[{"not_picked":["A Thousand Cuts","Storm of Steel"],"picked":"Die Die Die","floor":0.0},{"not_picked":["PiercingWail","Underhanded Strike"],"picked":"Dash","floor":1.0},{"not_picked":["Prepared","Dagger Throw"],"picked":"Footwork","floor":4.0},{"not_picked":["Accuracy","Sucker Punch"],"picked":"Flying Knee","floor":5.0},{"not_picked":["Quick Slash","Deadly Poison"],"picked":"PiercingWail","floor":7.0},{"not_picked":["Dagger Throw","Dodge and Roll"],"picked":"Corpse Explosion","floor":8.0},{"not_picked":["Caltrops","Skewer"],"picked":"Quick Slash","floor":10.0},{"not_picked":["Blade Dance","Deflect"],"picked":"Poisoned Stab","floor":12.0},{"not_picked":["Outmaneuver","Dagger Spray"],"picked":"Backflip","floor":14.0},{"not_picked":["Doppelganger","Storm of Steel"],"picked":"Night Terror","floor":16.0},{"not_picked":["Accuracy","Bane"],"picked":"Backflip+1","floor":18.0},{"not_picked":["Deflect","Sucker Punch","Flying Knee+1"],"picked":"SKIP","floor":20.0},{"not_picked":["Caltrops+1","Choke+1"],"picked":"Deadly Poison+1","floor":21.0},{"not_picked":["Flechettes+1","Finisher","Dagger Spray+1"],"picked":"SKIP","floor":23.0},{"not_picked":["Dodge and Roll","Infinite Blades"],"picked":"Blur","floor":24.0},{"not_picked":["Outmaneuver","Dodge and Roll"],"picked":"Catalyst","floor":25.0},{"not_picked":["Expertise","Bane"],"picked":"Escape Plan","floor":27},{"not_picked":["Dodge and Roll+1","Predator+1"],"picked":"Concentrate","floor":29},{"not_picked":["Blade Dance","Acrobatics"],"picked":"Bullet Time","floor":30},{"not_picked":["Bane","Slice","Deadly Poison"],"picked":"SKIP","floor":35},{"not_picked":["Poisoned Stab+1","Noxious Fumes"],"picked":"Dodge and Roll+1","floor":37},{"not_picked":["Outmaneuver+1","Backflip+1","Bane+1"],"picked":"SKIP","floor":38},{"not_picked":["PiercingWail+1","Deflect+1","Bullet Time"],"picked":"SKIP","floor":39},{"not_picked":["Venomology","Flechettes+1","Dash+1"],"picked":"SKIP","floor":40},{"not_picked":["Concentrate+1","PiercingWail+1"],"picked":"Tactician+1","floor":42},{"not_picked":["Underhanded Strike","Slice"],"picked":"Cloak And Dagger+1","floor":45},{"not_picked":["Slice+1","Prepared","Setup"],"picked":"SKIP","floor":46}],"player_experience":701173,"relics_obtained":[{"floor":7.0,"key":"Bird Faced Urn"},{"floor":9.0,"key":"StoneCalendar"},{"floor":12.0,"key":"Ginger"},{"floor":23.0,"key":"Gambling Chip"},{"floor":26.0,"key":"Shuriken"},{"floor":29,"key":"Oddly Smooth Stone"},{"floor":40,"key":"Orichalcum"},{"floor":42,"key":"Boot"},{"floor":43,"key":"Unceasing Top"},{"floor":45,"key":"Pocketwatch"}],"event_choices":[{"damage_healed":0.0,"max_hp_gain":0.0,"max_hp_loss":0.0,"gold_gain":0.0,"event_name":"Match and Keep!","player_choice":"1 cards matched","floor":3.0,"gold_loss":0.0,"damage_taken":0.0,"cards_obtained":["Madness"]},{"damage_healed":0.0,"max_hp_gain":0.0,"max_hp_loss":0.0,"gold_gain":0.0,"event_name":"Accursed Blacksmith","player_choice":"Forge","floor":19.0,"gold_loss":0.0,"damage_taken":0.0,"cards_upgraded":["Corpse Explosion"]},{"damage_healed":0,"gold_gain":0,"player_choice":"Fight","damage_taken":0,"max_hp_gain":0,"max_hp_loss":0,"event_name":"Mysterious Sphere","floor":45,"gold_loss":0},{"damage_healed":0,"gold_gain":0,"player_choice":"Memory 1","damage_taken":0,"max_hp_gain":0,"max_hp_loss":0,"event_name":"SensoryStone","floor":47,"gold_loss":0}],"is_beta":false,"boss_relics":[{"not_picked":["Tiny House","SacredBark"],"picked":"Snecko Eye"},{"not_picked":["WristBlade","Empty Cage"],"picked":"Pandora\u0027s Box"}],"items_purged_floors":[2,31,36],"is_endless":false,"potions_floor_spawned":[1,5,7,8,14,16,20,21,23,27,33,35,39,42,46],"ascension_level":10}}