{"host":"qm4rv4rkpk76sbxu","time":1608395962,"event":{"mods":["BaseMod","Bestiary","Block Reminder","DeckTracker","Filter the Spire","Keyboard Shortcuts","Minty Spire (QoL Compilation)","MonsterHotkey","Potion Indicator Mod","Quick Restart","Random Character Button","Relic Stats","Slay-I","StSLib","ojb\u0027s Better Paths Mod"],"gold_per_floor":[118,136,136,136,6,39,39,51,125,155,155,173,173,189,189,264,264,284,284,284,40,56,86,86,115,115,142,142,158,189,215,215,290,290,307,325,325,85,360,374,409,409,432,444,793,826,402,402,402,402,402,402,402,7,37,37],"floor_reached":57,"playtime":3687,"items_purged":["Strike_B","Regret"],"score":3188,"play_id":"3889a867-90c6-475d-9112-a970884ab96c","local_time":"20201219173922","is_ascension_mode":true,"campfire_choices":[{"data":"Loop","floor":7.0,"key":"SMITH"},{"floor":11.0,"key":"REST"},{"data":"Zap","floor":13.0,"key":"SMITH"},{"data":"Dualcast","floor":15.0,"key":"SMITH"},{"floor":24.0,"key":"RECALL"},{"floor":28.0,"key":"REST"},{"floor":32.0,"key":"REST"},{"floor":42.0,"key":"REST"},{"floor":49.0,"key":"REST"},{"floor":53.0,"key":"REST"}],"circlet_count":0,"master_deck":["AscendersBane","Strike_B","Strike_B","Defend_B","Defend_B","Defend_B","Defend_B","Zap+1","Dualcast+1","Multi-Cast","Conserve Battery","Ball Lightning+1","Go for the Eyes","Loop+1","FTL+1","Lockon+1","Beam Cell+1","Seek","Echo Form","Compile Driver+1","Ghostly","Ghostly","Ghostly","Chill","Doom and Gloom+1","Echo Form","Reboot","Cold Snap+1","Defragment+1","Seek","Glacier","BootSequence","Compile Driver+1","Core Surge+1","Core Surge+1","Madness","Madness","Loop+1","Metamorphosis","Amplify"],"relics":["Cracked Core","Oddly Smooth Stone","TungstenRod","Molten Egg 2","Whetstone","Fusion Hammer","DollysMirror","MealTicket","WingedGreaves","Bird Faced Urn","Akabeko","Potion Belt","Black Star","Art of War","Boot","Frozen Egg 2","Bag of Preparation","Old Coin","Sundial","Prayer Wheel","Lantern","Sling","ClockworkSouvenir","Toy Ornithopter","Vajra"],"acts_visited":["Exordium","TheCity","TheBeyond","TheEnding"],"potions_floor_usage":[56,56,56],"damage_taken":[{"damage":2.0,"enemies":"Jaw Worm","floor":1.0,"turns":3.0},{"damage":4.0,"enemies":"2 Louse","floor":2.0,"turns":3.0},{"damage":14.0,"enemies":"Lagavulin","floor":6.0,"turns":6.0},{"damage":0.0,"enemies":"Cultist","floor":8.0,"turns":4.0},{"damage":25.0,"enemies":"Gremlin Nob","floor":10.0,"turns":4.0},{"damage":2.0,"enemies":"Blue Slaver","floor":12.0,"turns":2.0},{"damage":1.0,"enemies":"Red Slaver","floor":14.0,"turns":3.0},{"damage":0.0,"enemies":"Slime Boss","floor":16.0,"turns":5.0},{"damage":0.0,"enemies":"3 Byrds","floor":18.0,"turns":3.0},{"damage":0.0,"enemies":"Spheric Guardian","floor":22.0,"turns":4.0},{"damage":0.0,"enemies":"Book of Stabbing","floor":23.0,"turns":4.0},{"damage":0.0,"enemies":"Gremlin Leader","floor":25.0,"turns":6.0},{"damage":0.0,"enemies":"Chosen and Byrds","floor":29.0,"turns":5.0},{"damage":5.0,"enemies":"Book of Stabbing","floor":30.0,"turns":5.0},{"damage":18.0,"enemies":"Slavers","floor":31.0,"turns":3.0},{"damage":0.0,"enemies":"Automaton","floor":33.0,"turns":8.0},{"damage":0.0,"enemies":"3 Shapes","floor":35.0,"turns":3.0},{"damage":8.0,"enemies":"Orb Walker","floor":36.0,"turns":3.0},{"damage":0.0,"enemies":"Sphere and 2 Shapes","floor":40.0,"turns":6.0},{"damage":2.0,"enemies":"Giant Head","floor":41.0,"turns":7.0},{"damage":2.0,"enemies":"3 Darklings","floor":44.0,"turns":6.0},{"damage":0.0,"enemies":"2 Orb Walkers","floor":45.0,"turns":6.0},{"damage":0.0,"enemies":"Nemesis","floor":46.0,"turns":6.0},{"damage":22.0,"enemies":"Awakened One","floor":50.0,"turns":11.0},{"damage":5.0,"enemies":"Donu and Deca","floor":51.0,"turns":13.0},{"damage":14.0,"enemies":"Shield and Spear","floor":55.0,"turns":11.0},{"damage":38,"enemies":"The Heart","floor":56,"turns":11}],"seed_played":"8833863393441520260","potions_obtained":[{"floor":2.0,"key":"SkillPotion"},{"floor":12.0,"key":"FocusPotion"},{"floor":16.0,"key":"Fire Potion"},{"floor":23.0,"key":"Regen Potion"},{"floor":25.0,"key":"Energy Potion"},{"floor":31.0,"key":"AttackPotion"},{"floor":33.0,"key":"Weak Potion"},{"floor":36.0,"key":"ColorlessPotion"},{"floor":45.0,"key":"SkillPotion"},{"floor":55.0,"key":"GamblersBrew"}],"is_trial":false,"path_per_floor":["M","M","?","?","$","E","R","M","T","E","R","M","R","M","R","B",null,"M","?","?","$","M","E","R","E","T","T","R","M","E","E","R","B",null,"M","M","?","$","?","M","E","R","T","M","?","E","$","?","R","B","B",null,"R","$","E","B",null],"character_chosen":"DEFECT","items_purchased":["Strength Potion","Doom and Gloom+1","DollysMirror","Art of War","BootSequence","Lantern","Sling","Loop+1","ClockworkSouvenir","Metamorphosis"],"campfire_rested":6,"item_purchase_floors":[5,21,21,38,38,47,47,54,54,54],"current_hp_per_floor":[62,58,58,47,47,33,33,33,33,8,29,27,27,26,26,26,60,60,35,35,35,35,35,35,35,35,35,35,35,32,16,26,35,35,35,27,27,35,35,35,35,35,35,35,35,35,35,30,35,21,30,34,35,35,35,11],"gold":37,"neow_bonus":"ONE_RANDOM_RARE_CARD","is_daily":false,"chose_seed":false,"campfire_upgraded":3,"win_rate":0.0,"timestamp":1608395962,"path_taken":["M","M","?","?","?","E","R","M","T","E","R","M","R","M","R","BOSS","M","?","?","?","M","E","R","E","T","?","R","M","E","E","R","BOSS","M","M","?","?","?","M","E","R","T","?","?","E","$","?","R","BOSS","BOSS","R","$","E","BOSS"],"items_purchased_type":["Potion","Card","Relic","Relic","Card","Relic","Relic","Card","Relic","Card"],"build_version":"2020-12-13","purchased_purges":2,"victory":true,"max_hp_per_floor":[71,71,71,71,71,71,71,71,71,71,71,71,71,71,71,71,71,71,35,35,35,35,35,35,35,35,35,35,35,35,35,35,35,35,35,35,35,35,35,35,35,35,35,35,35,35,35,35,35,35,35,35,35,35,35,35],"relic_stats":{"counters":[27,151],"Bag of Preparation":[14],"Whetstone":["Ball Lightning","FTL"],"Boot":[35],"Sundial":[6],"Bird Faced Urn":[64],"MealTicket":8,"Prayer Wheel":0,"Black Star":3,"Art of War":[11],"obtain_stats":[{"Lantern":47,"Vajra":55,"Bag of Preparation":43,"Whetstone":10,"Boot":41,"Sling":47,"Old Coin":45,"ClockworkSouvenir":54,"DollysMirror":21,"Sundial":46,"MealTicket":23,"Prayer Wheel":46,"Fusion Hammer":17,"WingedGreaves":25,"Cracked Core":0,"Potion Belt":31,"Oddly Smooth Stone":4,"Frozen Egg 2":41,"Akabeko":30,"Bird Faced Urn":26,"Molten Egg 2":9,"Black Star":34,"Art of War":38,"TungstenRod":6,"Toy Ornithopter":55},{"Lantern":23,"Vajra":26,"Bag of Preparation":20,"Whetstone":5,"Boot":20,"Sling":23,"Old Coin":22,"ClockworkSouvenir":25,"DollysMirror":9,"Sundial":23,"MealTicket":11,"Prayer Wheel":23,"Fusion Hammer":8,"WingedGreaves":12,"Cracked Core":0,"Potion Belt":15,"Oddly Smooth Stone":2,"Frozen Egg 2":20,"Akabeko":14,"Bird Faced Urn":12,"Molten Egg 2":4,"Black Star":16,"Art of War":18,"TungstenRod":3,"Toy Ornithopter":26},{"Lantern":105,"Vajra":140,"Bag of Preparation":87,"Whetstone":20,"Boot":87,"Sling":105,"Old Coin":99,"ClockworkSouvenir":129,"DollysMirror":33,"Sundial":105,"MealTicket":41,"Prayer Wheel":105,"Fusion Hammer":30,"WingedGreaves":47,"Cracked Core":0,"Potion Belt":60,"Oddly Smooth Stone":6,"Frozen Egg 2":87,"Akabeko":57,"Bird Faced Urn":47,"Molten Egg 2":16,"Black Star":68,"Art of War":74,"TungstenRod":12,"Toy Ornithopter":140}],"TungstenRod":90,"Toy Ornithopter":3},"card_choices":[{"not_picked":["Stack","Recycle"],"picked":"Conserve Battery","floor":1.0},{"not_picked":["Hologram","Lockon"],"picked":"Ball Lightning","floor":2.0},{"not_picked":["Fusion","Double Energy"],"picked":"Loop","floor":6.0},{"not_picked":["Beam Cell","Stack"],"picked":"FTL","floor":8.0},{"not_picked":["Barrage+1","Steam"],"picked":"Lockon+1","floor":10.0},{"not_picked":["Hologram","Barrage+1"],"picked":"Beam Cell+1","floor":12.0},{"not_picked":["Rebound+1","Sweeping Beam+1"],"picked":"Seek","floor":14.0},{"not_picked":["Amplify","Creative AI"],"picked":"Echo Form","floor":16.0},{"not_picked":["Sweeping Beam+1","Storm"],"picked":"Compile Driver+1","floor":18.0},{"not_picked":["Coolheaded","Turbo","Skim"],"picked":"SKIP","floor":22.0},{"not_picked":["Steam","Conserve Battery"],"picked":"Reboot","floor":23.0},{"not_picked":["Darkness","Barrage+1","Ball Lightning+1"],"picked":"SKIP","floor":25.0},{"not_picked":["Beam Cell+1","Streamline+1"],"picked":"Cold Snap+1","floor":29.0},{"not_picked":["Undo+1","Hologram"],"picked":"Defragment","floor":30.0},{"not_picked":["Fusion","Hyperbeam+1","Beam Cell+1"],"picked":"SKIP","floor":31.0},{"not_picked":["Machine Learning","Reboot"],"picked":"Seek","floor":33.0},{"not_picked":["Hologram","Conserve Battery"],"picked":"Glacier","floor":35.0},{"not_picked":["Stack","Beam Cell+1","Melter+1"],"picked":"SKIP","floor":36.0},{"not_picked":["Rebound+1","Chill"],"picked":"Compile Driver+1","floor":40.0},{"not_picked":["Tempest+1","Skim","Rebound+1"],"picked":"SKIP","floor":41.0},{"not_picked":["Chaos+1","Streamline+1"],"picked":"Core Surge+1","floor":44.0},{"not_picked":["Sweeping Beam+1","Leap"],"picked":"Core Surge+1","floor":46.0},{"not_picked":["Fusion","Doom and Gloom+1"],"picked":"Amplify","floor":55.0}],"player_experience":1070496,"relics_obtained":[{"floor":6.0,"key":"TungstenRod"},{"floor":9.0,"key":"Molten Egg 2"},{"floor":10.0,"key":"Whetstone"},{"floor":23.0,"key":"MealTicket"},{"floor":25.0,"key":"WingedGreaves"},{"floor":26.0,"key":"Bird Faced Urn"},{"floor":30.0,"key":"Akabeko"},{"floor":31.0,"key":"Potion Belt"},{"floor":41.0,"key":"Boot"},{"floor":41.0,"key":"Frozen Egg 2"},{"floor":43.0,"key":"Bag of Preparation"},{"floor":45.0,"key":"Old Coin"},{"floor":46.0,"key":"Sundial"},{"floor":46.0,"key":"Prayer Wheel"},{"floor":55.0,"key":"Toy Ornithopter"},{"floor":55.0,"key":"Vajra"}],"event_choices":[{"damage_healed":0.0,"max_hp_gain":0.0,"max_hp_loss":0.0,"gold_gain":0.0,"cards_transformed":["Strike_B"],"event_name":"Living Wall","player_choice":"Change","floor":3.0,"gold_loss":0.0,"damage_taken":0.0,"cards_obtained":["Go for the Eyes"]},{"damage_healed":0.0,"max_hp_gain":0.0,"max_hp_loss":0.0,"gold_gain":0.0,"event_name":"Scrap Ooze","player_choice":"Success","floor":4.0,"gold_loss":0.0,"damage_taken":11.0,"relics_obtained":["Oddly Smooth Stone"]},{"damage_healed":0.0,"max_hp_gain":0.0,"max_hp_loss":36.0,"gold_gain":0.0,"event_name":"Ghosts","player_choice":"Became a Ghost","floor":19.0,"gold_loss":0.0,"damage_taken":0.0,"cards_obtained":["Ghostly","Ghostly","Ghostly"]},{"damage_healed":0.0,"max_hp_gain":0.0,"max_hp_loss":0.0,"gold_gain":0.0,"event_name":"The Library","player_choice":"Read","floor":20.0,"gold_loss":0.0,"damage_taken":0.0,"cards_obtained":["Chill"]},{"damage_healed":0.0,"max_hp_gain":0.0,"max_hp_loss":0.0,"gold_gain":0.0,"event_name":"Upgrade Shrine","player_choice":"Upgraded","floor":37.0,"gold_loss":0.0,"damage_taken":0.0,"cards_upgraded":["Defragment"]},{"damage_healed":0.0,"max_hp_gain":0.0,"max_hp_loss":0.0,"gold_gain":275.0,"event_name":"Golden Shrine","player_choice":"Desecrate","floor":39.0,"gold_loss":0.0,"damage_taken":0.0,"cards_obtained":["Regret"]},{"damage_healed":0.0,"max_hp_gain":0.0,"max_hp_loss":0.0,"gold_gain":0.0,"event_name":"Mysterious Sphere","player_choice":"Fight","floor":45.0,"gold_loss":0.0,"damage_taken":0.0},{"damage_healed":0.0,"max_hp_gain":0.0,"max_hp_loss":0.0,"gold_gain":0.0,"event_name":"Winding Halls","player_choice":"Embrace Madness","floor":48.0,"gold_loss":0.0,"damage_taken":6.0,"cards_obtained":["Madness","Madness"]}],"is_beta":false,"boss_relics":[{"not_picked":["Tiny House","Empty Cage"],"picked":"Fusion Hammer"},{"not_picked":["Inserter","SacredBark"],"picked":"Black Star"}],"items_purged_floors":[5,47],"is_endless":false,"potions_floor_spawned":[2,12,16,23,25,31,33,36,40,45,55],"ascension_level":20}}