{"host":"yy8mitdds7tg9c5m","time":1608375650,"event":{"mods":["Act Like it!","AlwaysNeverKeys","BaseMod","Better Note","Better Third Choice","Duelist Mod","GifTheSpireLib","Infinite Spire","Minty Spire (QoL Compilation)","Permanent Neow","Quick Restart","StSLib","egg"],"gold_per_floor":[143,159,159,175,175,205,205,236,236,236,236,248,248,264,264,264,264],"floor_reached":16,"playtime":682,"items_purged":[],"score":220,"play_id":"e919a75b-8ae6-432b-87b3-59d72e2ce446","local_time":"20201219070050","is_ascension_mode":true,"campfire_choices":[{"data":"theDuelist:VendreadStriges","floor":7,"key":"SMITH"},{"data":"theDuelist:SoulAbsorbingBone","floor":10,"key":"SMITH"},{"floor":15,"key":"REST"}],"circlet_count":0,"master_deck":["theDuelist:ArchfiendSoldier","theDuelist:ArmoredZombie","AscendersBane","theDuelist:CastleWalls","theDuelist:CastleWalls","theDuelist:ClownZombie","theDuelist:PatricianDarkness","theDuelist:ShallowGrave","theDuelist:Sparks","theDuelist:Sparks","theDuelist:SummonedSkull","theDuelist:WingedKuriboh","theDuelist:VampireLady","theDuelist:Nameless:Power:ForbiddenLance","theDuelist:Gandora","theDuelist:VendreadStriges+1","theDuelist:SoulAbsorbingBone+1","infinitespire:Execution"],"relics":["theDuelist:MillenniumPuzzle","theDuelist:CardPoolRelic","theDuelist:CardPoolBasicRelic","theDuelist:BoosterPackPoolRelic","theDuelist:CardPoolAddRelic","theDuelist:CardPoolMinusRelic","theDuelist:CardPoolSaveRelic","theDuelist:CardPoolOptionsRelic","Lantern","Art of War","theDuelist:BoosterPackHealer","infinitespire:CheckeredPen"],"acts_visited":["Exordium"],"potions_floor_usage":[14,16],"damage_taken":[{"damage":0,"enemies":"2 Louse","floor":1,"turns":3},{"damage":0,"enemies":"Jaw Worm","floor":2,"turns":3},{"damage":0,"enemies":"Small Slimes","floor":4,"turns":1},{"damage":24,"enemies":"Lagavulin","floor":6,"turns":6},{"damage":3,"enemies":"Gremlin Nob","floor":8,"turns":3},{"damage":0,"enemies":"Exordium Thugs","floor":12,"turns":3},{"damage":0,"enemies":"3 Louse","floor":14,"turns":2},{"damage":0,"enemies":"Slime Boss","floor":16,"turns":6}],"seed_played":"-1900210160511936765","potions_obtained":[{"floor":6,"key":"theDuelist:SolderPotionB"},{"floor":8,"key":"theDuelist:ElectricBrew"},{"floor":12,"key":"theDuelist:FlamingBottle"}],"is_trial":false,"path_per_floor":["M","M","?","M","?","E","R","E","T","R","?","M","?","M","R","B"],"character_chosen":"THE_DUELIST","items_purchased":[],"campfire_rested":1,"item_purchase_floors":[],"current_hp_per_floor":[63,63,75,75,75,51,51,48,48,48,48,52,31,35,59,59,59],"gold":264,"neow_bonus":"RANDOM_COMMON_RELIC","is_daily":false,"chose_seed":false,"campfire_upgraded":2,"win_rate":0.0,"timestamp":1608375650,"path_taken":["M","M","?","M","?","E","R","E","T","R","?","?","?","M","R","BOSS"],"items_purchased_type":[],"build_version":"2020-12-13","purchased_purges":0,"victory":false,"max_hp_per_floor":[70,70,82,82,82,82,82,82,82,82,82,82,82,82,82,82,82],"card_choices":[{"not_picked":["theDuelist:LightningVortex","theDuelist:EarthEffigy","theDuelist:RainbowBridge","theDuelist:WingedKuribohLv9"],"picked":"theDuelist:WingedKuriboh","floor":1},{"not_picked":["theDuelist:AshBlossom","theDuelist:VampireSorcerer","theDuelist:BattleFusion","theDuelist:RevendreadOrigin"],"picked":"theDuelist:VampireLady","floor":2},{"not_picked":["theDuelist:YukiOnnaAbsolute","theDuelist:VendreadDaybreak","theDuelist:OverpoweringEye","theDuelist:FusionGuard"],"picked":"theDuelist:VendreadStriges","floor":4},{"not_picked":["theDuelist:UmbralHorrorUniform","theDuelist:YukiOnnaIce","theDuelist:SuperPolymerization","theDuelist:RevendreadEvolution","theDuelist:VendreadRevolution"],"picked":"SKIP","floor":6},{"not_picked":["theDuelist:Doomdog","theDuelist:OniGamiCombo","theDuelist:DimensionFusion"],"picked":"theDuelist:SoulAbsorbingBone","floor":8},{"not_picked":["theDuelist:VampireLady","theDuelist:Chewbone","theDuelist:VendreadAnima","theDuelist:Necroface","theDuelist:FireReaper"],"picked":"SKIP","floor":12},{"not_picked":["infinitespire:Fortify","infinitespire:Menacing"],"picked":"infinitespire:Execution","floor":13},{"not_picked":["theDuelist:BeastTalwar","theDuelist:SuperPolymerization","theDuelist:ZombieTiger","theDuelist:VendreadChimera","theDuelist:AvendreadSavior"],"picked":"SKIP","floor":14}],"player_experience":267548,"relics_obtained":[{"floor":6,"key":"Art of War"},{"floor":8,"key":"theDuelist:BoosterPackHealer"},{"floor":9,"key":"infinitespire:CheckeredPen"}],"event_choices":[{"power_reward":4,"total_magic_score":14,"gold_gain":0,"duelist":true,"damage_taken":0,"relics_obtained":[],"points":17,"war_reward":4,"max_hp_gain":12,"max_hp_loss":0,"spent_points":{"magic":0,"greed":0,"war":4,"power":4,"hunger":4},"event_name":"Nameless Tomb","hunger_reward":4,"floor":3,"gold_loss":0,"cards_obtained":["theDuelist:Nameless:Power:ForbiddenLance","theDuelist:Gandora"]},{"damage_healed":0,"gold_gain":0,"player_choice":"Leave","duelist":true,"damage_taken":0,"max_hp_gain":0,"max_hp_loss":0,"event_name":"Tomb of the Nameless","floor":5,"gold_loss":0},{"damage_healed":0,"gold_gain":0,"player_choice":"Leave","duelist":true,"damage_taken":0,"max_hp_gain":0,"max_hp_loss":0,"event_name":"Relic Duplicator","floor":11,"gold_loss":0}],"is_beta":false,"boss_relics":[],"items_purged_floors":[],"is_endless":false,"potions_floor_spawned":[6,8,12],"killed_by":"Slime Boss","ascension_level":20}}