{"host":"81h68oe4mr04pk3r","time":1608362491,"event":{"mods":["Act Like it!","Aspiration","BaseMod","BetterRewards","Colored Map","Colored Powertips","Conspire","Downfall","Hermit","Hubris","Infinite Spire","Jorbs\u0027s Wanderer Trilogy","Koishi","Lobotomy","LobotomyExtend","Marisa????????","Minty Spire (QoL Compilation)","Quick Restart","Reimu??????","Remilia??????","Replay The Spire","StSLib","The Bug Knight","The Construct","The Cursed","The Disciple","The Servant 0.9.4"],"gold_per_floor":[99,99,115,143,154,164,164,164,182,182,182,182,182,194,194,206,226,226,226],"floor_reached":18,"playtime":741,"items_purged":[],"score":114,"play_id":"128acb5d-ab79-4223-a2e5-09f48415bf3e","local_time":"20201218232131","is_ascension_mode":false,"campfire_choices":[{"data":"Guardian:TwinSlam","floor":1,"key":"SMITH"},{"floor":8,"key":"REST"},{"data":"Guardian:CurlUp","floor":10,"key":"SMITH"}],"circlet_count":0,"master_deck":["Guardian:Strike_Guardian","Guardian:Strike_Guardian","Guardian:Strike_Guardian","Guardian:Strike_Guardian","Guardian:Defend_Guardian","Guardian:Defend_Guardian","Guardian:Defend_Guardian","Guardian:Defend_Guardian","Guardian:CurlUp+1","Guardian:TwinSlam+1","Guardian:TemporalStrike","Guardian:Recover","Guardian:Incinerate","Guardian:MultiBeam","Guardian:WalkerClaw"],"relics":["Koishi:ImaginaryFriend","Blue Doll","infinitespire:Cubic Diamond","LetterFromLob","Letter Opener"],"acts_visited":["Exordium"],"potions_floor_usage":[18,18,18],"damage_taken":[{"damage":12,"enemies":"conspire:RoseBush","floor":3,"turns":2},{"damage":24,"enemies":"3 Sentries","floor":4,"turns":10},{"damage":2,"enemies":"Jaw Worm","floor":5,"turns":4},{"damage":0,"enemies":"Small Slimes","floor":6,"turns":4},{"damage":0,"enemies":"Red Slaver","floor":9,"turns":4},{"damage":25,"enemies":"Exordium Wildlife","floor":14,"turns":6},{"damage":8,"enemies":"2 Fungi Beasts","floor":16,"turns":4},{"damage":1,"enemies":"Exordium Wildlife","floor":17,"turns":4},{"damage":38,"enemies":"downfall:Defect","floor":18,"turns":6}],"seed_played":"5938461646602847503","potions_obtained":[{"floor":4,"key":"construct:ShiftPotion"},{"floor":6,"key":"SpeedPotion"},{"floor":9,"key":"AttackPotion"},{"floor":17,"key":"Guardian:DefensiveModePotion"}],"is_trial":false,"path_per_floor":["R","?","M","E","M","M","T","R","M","R","PTL","PTL","?","M","?","M","M","B"],"character_chosen":"GUARDIAN","items_purchased":[],"campfire_rested":1,"item_purchase_floors":[],"current_hp_per_floor":[80,80,68,44,42,42,42,66,66,66,66,66,66,41,41,33,32,0,0],"gold":226,"neow_bonus":"RANDOM_COMMON_RELIC","is_daily":false,"chose_seed":false,"campfire_upgraded":2,"win_rate":0.0,"timestamp":1608362491,"path_taken":["R","?","M","E","M","M","T","R","M","R","PTL","PTL","?","M","?","?","M","BOSS"],"items_purchased_type":[],"build_version":"2020-12-13","purchased_purges":0,"victory":false,"max_hp_per_floor":[80,80,80,80,80,80,80,80,80,80,80,80,80,80,80,80,80,80,80],"card_choices":[{"not_picked":["Guardian:RollAttack","Guardian:Suspension"],"picked":"Guardian:Gem_Green","floor":3},{"not_picked":["Guardian:Clone","Guardian:ExploitGems"],"picked":"Guardian:TemporalStrike","floor":4},{"not_picked":["Guardian:Gem_Red","Guardian:PiercingHide"],"picked":"Guardian:Recover","floor":5},{"not_picked":["Guardian:GuardianWhirl","Guardian:RollAttack"],"picked":"Guardian:Gem_Purple","floor":6},{"not_picked":["Guardian:TemporalShield","Guardian:BronzeArmor"],"picked":"Guardian:Incinerate","floor":9},{"not_picked":["Guardian:RefractedBeam","Guardian:Reroute","Guardian:BronzeArmor"],"picked":"SKIP","floor":14},{"not_picked":["Guardian:VentSteam","Guardian:TemporalStrike"],"picked":"Guardian:MultiBeam","floor":16},{"not_picked":["Guardian:PiercingHide","Guardian:Gem_Red"],"picked":"Guardian:WalkerClaw","floor":17}],"player_experience":113757,"relics_obtained":[{"floor":3,"key":"LetterFromLob"},{"floor":4,"key":"Letter Opener"}],"event_choices":[{"damage_healed":0,"gold_gain":0,"player_choice":"Leave","damage_taken":0,"max_hp_gain":0,"max_hp_loss":0,"event_name":"conspire:Investor","floor":13,"gold_loss":0},{"damage_healed":0,"gold_gain":0,"player_choice":"Leave","damage_taken":0,"max_hp_gain":0,"max_hp_loss":0,"event_name":"FaceTrader","floor":15,"gold_loss":0}],"is_beta":false,"boss_relics":[],"items_purged_floors":[],"is_endless":false,"potions_floor_spawned":[4,6,9,17],"killed_by":"downfall:Defect","ascension_level":0}}