{"host":"08sn1703g14rasc1","time":1608411801,"event":{"mods":["AchievementEnabler","BaseMod","Colored Map","Colored Powertips","Hermit","Minty Spire (QoL Compilation)","StSLib"],"gold_per_floor":[115,2,2,2,22,53,53,69,96,96,126,146,176,351,351,351,351],"floor_reached":16,"playtime":269,"items_purged":["Strike_B"],"score":180,"play_id":"581ce5a0-1c7b-4b86-b20c-ba61e4811f58","local_time":"20201219130321","is_ascension_mode":true,"campfire_choices":[{"data":"Reprogram","floor":7,"key":"SMITH"},{"data":"Consume","floor":10,"key":"SMITH"},{"floor":15,"key":"REST"}],"circlet_count":0,"master_deck":["Strike_B","Strike_B","Strike_B","Defend_B","Defend_B","Defend_B","Defend_B","Zap","Dualcast","Rip and Tear","Reinforced Body","Regret","Capacitor","Reprogram+1","Consume+1","Fusion","White Noise","Doubt"],"relics":["Cracked Core","NeowsBlessing","Centennial Puzzle","Incense Burner","Juzu Bracelet","HornCleat","Bottled Lightning"],"acts_visited":["Exordium"],"potions_floor_usage":[16],"damage_taken":[{"damage":0,"enemies":"Jaw Worm","floor":1,"turns":1},{"damage":0,"enemies":"Small Slimes","floor":5,"turns":1},{"damage":0,"enemies":"Lagavulin","floor":6,"turns":1},{"damage":4,"enemies":"2 Louse","floor":8,"turns":2},{"damage":9,"enemies":"Looter","floor":12,"turns":4},{"damage":39,"enemies":"Gremlin Nob","floor":13,"turns":5},{"damage":49,"enemies":"Slime Boss","floor":16,"turns":6}],"seed_played":"8757434915906652919","potions_obtained":[{"floor":1,"key":"SpeedPotion"},{"floor":12,"key":"ColorlessPotion"}],"is_trial":false,"path_per_floor":["M","$","?","$","M","E","R","M","T","R","?","M","E","?","R","B"],"character_chosen":"DEFECT","items_purchased":["Reinforced Body"],"campfire_rested":1,"item_purchase_floors":[2],"current_hp_per_floor":[68,68,68,68,68,68,68,64,64,64,64,55,16,16,38,0,0],"gold":351,"neow_bonus":"THREE_ENEMY_KILL","is_daily":false,"chose_seed":false,"campfire_upgraded":2,"win_rate":0.0,"timestamp":1608411801,"path_taken":["M","$","?","$","M","E","R","M","T","R","?","M","E","?","R","BOSS"],"items_purchased_type":["Card"],"build_version":"2020-12-13","purchased_purges":1,"victory":false,"max_hp_per_floor":[75,75,75,75,75,75,75,75,75,75,75,75,75,75,75,75,75],"card_choices":[{"not_picked":["Scrape","Coolheaded"],"picked":"Rip and Tear","floor":1},{"not_picked":["Beam Cell","Sweeping Beam"],"picked":"Capacitor","floor":5},{"not_picked":["Fission","Ball Lightning"],"picked":"Reprogram","floor":6},{"not_picked":["Melter","Glacier"],"picked":"Consume","floor":8},{"not_picked":["Rebound","Cold Snap"],"picked":"Fusion","floor":12},{"not_picked":["Sweeping Beam","Coolheaded"],"picked":"White Noise","floor":13}],"player_experience":410051,"relics_obtained":[{"floor":6,"key":"Incense Burner"},{"floor":9,"key":"Juzu Bracelet"},{"floor":13,"key":"Bottled Lightning"}],"event_choices":[{"damage_healed":0,"gold_gain":0,"player_choice":"Box","damage_taken":0,"relics_obtained":["Centennial Puzzle"],"max_hp_gain":0,"max_hp_loss":0,"event_name":"Big Fish","floor":3,"gold_loss":0,"cards_obtained":["Regret"]},{"damage_healed":0,"gold_gain":30,"player_choice":"Searched \u00272\u0027 times","damage_taken":0,"relics_obtained":["HornCleat"],"max_hp_gain":0,"max_hp_loss":0,"event_name":"Dead Adventurer","floor":11,"gold_loss":0},{"damage_healed":0,"gold_gain":175,"player_choice":"AGREE","damage_taken":0,"max_hp_gain":0,"max_hp_loss":0,"event_name":"Liars Game","floor":14,"gold_loss":0,"cards_obtained":["Doubt"]}],"is_beta":false,"boss_relics":[],"items_purged_floors":[2],"is_endless":false,"potions_floor_spawned":[1,12],"killed_by":"Slime Boss","ascension_level":7}}