{"host":"ocy7z4248lncoz2b","time":1608353305,"event":{"mods":["BaseMod","Beaked The Cultist","Bestiary","Better Match","Better Sensory Stone","Better Third Choice","BetterRewards","Clockwork Mod","Colored Map","Colored Powertips","Conspire","Curses Come First","Downfall","Friendly Minions","Gremlin Mod","Highlight Path","Hubris","Infinite Spire","Jorbs\u0027s Wanderer Trilogy","Marisa????????","Mimic Mod","Minty Spire (QoL Compilation)","READ ME - Guardian Mod","Rare Cards Sparkle","Replay The Spire","Shop Mod","Spicy Shops","Spikes Relics","StSLib","SuperFastMode","The Administrix","The Blue Laboratory","The Construct","The Jungle","The Servant 0.9.4","The Wild Card","WarShipGirlsR/????R mod"],"gold_per_floor":[99,133,133,27,27,27,60,0,13,48,48,14,11,26,43,143,143,143,153,153,153,153,153,153,153,153,153],"floor_reached":26,"playtime":1456,"items_purged":["Strike_S"],"score":260,"play_id":"3db52023-13ff-4510-962d-5bc27f0bf2e8","local_time":"20201219134825","is_ascension_mode":false,"campfire_choices":[{"data":"Exchange","floor":1.0,"key":"SMITH"},{"data":"Duplication","floor":3.0,"key":"SMITH"},{"data":"Sunlight","floor":21,"key":"SMITH"},{"data":"StarChef","floor":23,"key":"SMITH"}],"circlet_count":0,"master_deck":["Strike_S","Strike_S","Strike_S","Defend_S","Defend_S","Defend_S","Defend_S","KidneyShot","Exchange+1","Duplication+1","GearUp","StarChef+1","BottledTime","Foresight","Potential","Alleviate","Reset","Dilation","expansioncontent:StudyTheSpire","Advance","FastForward","Ricochet","Sunlight+1","Shuttle"],"relics":["Uniform","downfall:HeartsMalice","SnailShell","hubris:Icosahedron","Replay:Mystery Machine","Simple Rune","hubris:Backtick","infinitespire:Bottled Soul","Philosopher\u0027s Stone","Sling","hubris:MobiusCoin","ReplayTheSpireMod:Ring of Exchange"],"acts_visited":["Exordium","TheCity"],"potions_floor_usage":[],"damage_taken":[{"damage":0.0,"enemies":"Lagavulin","floor":2.0,"turns":1.0},{"damage":0.0,"enemies":"downfall:FleeingMerchant","floor":4.0,"turns":1.0},{"damage":0.0,"enemies":"Jaw Worm","floor":5.0,"turns":1.0},{"damage":0.0,"enemies":"Small Slimes","floor":7.0,"turns":15.0},{"damage":0.0,"enemies":"downfall:FleeingMerchant","floor":8.0,"turns":4.0},{"damage":1.0,"enemies":"Small Slimes","floor":9.0,"turns":4.0},{"damage":13.0,"enemies":"Replay:BlueRogue","floor":10.0,"turns":12.0},{"damage":0.0,"enemies":"downfall:FleeingMerchant","floor":12.0,"turns":4.0},{"damage":0.0,"enemies":"2 Louse","floor":13.0,"turns":4.0},{"damage":0.0,"enemies":"Gremlin Gang","floor":14.0,"turns":7.0},{"damage":2.0,"enemies":"Blue Slaver","floor":15.0,"turns":6.0},{"damage":33.0,"enemies":"downfall:Ironclad","floor":16.0,"turns":10.0},{"damage":34,"enemies":"Chosen","floor":19,"turns":9},{"damage":33,"enemies":"Spheric Guardian","floor":26,"turns":5}],"seed_played":"7504042826704400050","potions_obtained":[{"floor":9.0,"key":"blueLaboratory:NullPotion"},{"floor":10.0,"key":"blueLaboratory:LouseDecoction"},{"floor":13.0,"key":"Doom Potion"},{"floor":18,"key":"Weak Potion"},{"floor":18,"key":"Languid Potion"}],"is_trial":false,"path_per_floor":["R","E","R","$","M","?","MIM","$","M","E","?","$","M","M","M","B",null,"R_BF","M","?","R","AVR","R","T","?","M"],"character_chosen":"THE_SERVANT","items_purchased":["StarChef","BottledTime","expansioncontent:StudyTheSpire"],"campfire_rested":0,"item_purchase_floors":[4,4,12],"current_hp_per_floor":[65,65,65,65,65,65,65,65,64,51,51,51,51,51,49,16,65,65,31,31,31,31,31,31,31,0,0],"gold":153,"neow_bonus":"THREE_ENEMY_KILL","is_daily":false,"chose_seed":false,"campfire_upgraded":4,"win_rate":0.0,"timestamp":1608353305,"path_taken":["R","E","R","$","M","?","MIM","$","M","E","?","$","?","M","M","BOSS","R_BF","M","?","R","AVR","R","T","?","M"],"items_purchased_type":["Card","Card","Card"],"build_version":"2020-12-13","purchased_purges":1,"victory":false,"max_hp_per_floor":[65,65,65,65,65,65,65,65,65,65,65,65,65,65,65,65,65,65,65,65,65,65,65,65,65,65,65],"card_choices":[{"not_picked":["Rewind","Contraction"],"picked":"Duplication","floor":2.0},{"not_picked":["Defy","Sabotage"],"picked":"GearUp","floor":4.0},{"not_picked":["TimeWarp","Replace"],"picked":"Foresight","floor":5.0},{"not_picked":["Starlight","Defy"],"picked":"Potential","floor":7.0},{"not_picked":["Initiator","Desolation"],"picked":"Alleviate","floor":8.0},{"not_picked":["Starlight","Revamp"],"picked":"Reset","floor":9.0},{"not_picked":["Unruled","WasteNot","Potential"],"picked":"SKIP","floor":10.0},{"not_picked":["SilverBlades","BottledTime"],"picked":"Dilation","floor":12.0},{"not_picked":["Rewind","FastForward"],"picked":"Advance","floor":13.0},{"not_picked":["Alleviate","Replace"],"picked":"FastForward","floor":14.0},{"not_picked":["DoubleEdge","Collapse"],"picked":"Ricochet","floor":15.0},{"not_picked":["Dilation","ForgedInTime"],"picked":"Sunlight","floor":16.0},{"not_picked":["TimeWarp","Spin+1"],"picked":"Shuttle","floor":19}],"player_experience":268032,"relics_obtained":[{"floor":2.0,"key":"SnailShell"},{"floor":7.0,"key":"Replay:Mystery Machine"},{"floor":10.0,"key":"Simple Rune"},{"floor":24,"key":"hubris:MobiusCoin"},{"floor":25,"key":"ReplayTheSpireMod:Ring of Exchange"}],"event_choices":[{"damage_healed":0.0,"max_hp_gain":0.0,"max_hp_loss":0.0,"gold_gain":0.0,"event_name":"NoteForYourself","player_choice":"Ignored","floor":11.0,"gold_loss":0.0,"damage_taken":0.0},{"damage_healed":0,"gold_gain":0,"player_choice":"Leave","damage_taken":0,"max_hp_gain":0,"max_hp_loss":0,"event_name":"conspire:Investor","floor":20,"gold_loss":0}],"is_beta":false,"boss_relics":[{"not_picked":["hubris:Stopwatch","Busted Crown"],"picked":"hubris:Backtick"}],"items_purged_floors":[22],"is_endless":false,"potions_floor_spawned":[9,10,13,14],"killed_by":"Spheric Guardian","ascension_level":0}}