{"host":"9otlqf0vf2rn9nx1","time":1608365537,"event":{"mods":["Act Like it!","BaseMod","Decade(Õı–°√˜)","Downfall","Gensokyo","Marisa£®ÏF”Í°°ƒß¿Ì…≥£©","Minty Spire (QoL Compilation)","Reimu£®≤©¿ˆ¡È√Œ£©","Remilia£®¿Ÿ√◊¿Ú—«£©","Replay The Spire","StSLib","The Servant 0.9.4","Youmu£®ªÍ∆«—˝√Œ£©"],"gold_per_floor":[110,285,285,305,321,335,349,300,346,363,363,379,379,379,379,475,475,490,490,500,500,500,500],"floor_reached":22,"playtime":661,"items_purged":[],"score":178,"play_id":"ada9ede7-9dfb-4281-8d6b-7d31d69b68ac","local_time":"20201219161217","is_ascension_mode":false,"campfire_choices":[{"data":"Bash","floor":11,"key":"SMITH"},{"data":"Armaments","floor":13,"key":"SMITH"},{"floor":15,"key":"REST"}],"circlet_count":0,"master_deck":["Strike_R","Strike_R","Strike_R","Strike_R","Strike_R","Defend_R","Defend_R","Defend_R","Defend_R","Bash+1","Iron Wave+1","Inflame","Body Slam","Inflame","Armaments+1","Shockwave","Replay:Undeath\u0027s Touch+1","Dual Wield","Feed"],"relics":["Burning Blood","NeowsBlessing","RedLine:ReiMu"],"acts_visited":["Exordium","Exordium"],"potions_floor_usage":[6,16,16,20],"damage_taken":[{"damage":0,"enemies":"Small Slimes","floor":1,"turns":1},{"damage":0,"enemies":"2 Louse","floor":4,"turns":1},{"damage":0,"enemies":"Cultist","floor":5,"turns":1},{"damage":21,"enemies":"Large Slime","floor":6,"turns":5},{"damage":12,"enemies":"Looter","floor":7,"turns":4},{"damage":8,"enemies":"2 Fungi Beasts","floor":10,"turns":4},{"damage":19,"enemies":"Blue Slaver","floor":12,"turns":4},{"damage":38,"enemies":"The Guardian","floor":16,"turns":13},{"damage":45,"enemies":"Gensokyo:CosmicMonolith","floor":18,"turns":8},{"damage":40,"enemies":"Gensokyo:2_Gloops","floor":20,"turns":7},{"damage":9,"enemies":"Gensokyo:Mirror_and_Dog","floor":22,"turns":1}],"seed_played":"1758281453862216622","potions_obtained":[{"floor":3,"key":"Slimebound:ThreeZeroPotion"},{"floor":3,"key":"Explosive Potion"},{"floor":3,"key":"FearPotion"},{"floor":10,"key":"Elixir"},{"floor":12,"key":"Reflective Coating"},{"floor":16,"key":"LifebloodPotion"},{"floor":20,"key":"SpeedPotion"}],"is_trial":false,"path_per_floor":["M","?","?","M","M","M","M","?","T","M","R","M","R","?","R","B",null,"M","?","M","?","M"],"character_chosen":"IRONCLAD","items_purchased":[],"campfire_rested":1,"item_purchase_floors":[],"current_hp_per_floor":[80,80,80,80,80,65,59,59,59,57,57,44,44,44,68,36,80,41,41,7,7,0,0],"gold":500,"neow_bonus":"THREE_ENEMY_KILL","is_daily":false,"chose_seed":false,"campfire_upgraded":2,"win_rate":0.0,"timestamp":1608365537,"path_taken":["M","?","?","?","M","M","M","?","T","M","R","M","R","?","R","BOSS","M","?","M","?","?"],"items_purchased_type":[],"build_version":"2020-12-13","purchased_purges":0,"victory":false,"max_hp_per_floor":[80,80,80,80,80,80,80,80,80,80,80,80,80,80,80,80,80,80,80,80,80,80,80],"card_choices":[{"not_picked":["True Grit","Entrench"],"picked":"Iron Wave","floor":1},{"not_picked":["Headbutt","Reckless Charge"],"picked":"Inflame","floor":4},{"not_picked":["Headbutt","Infernal Blade"],"picked":"Body Slam","floor":5},{"not_picked":["Shrug It Off","Warcry"],"picked":"Inflame","floor":6},{"not_picked":["ReplayTheSpireMod:Stacked","True Grit"],"picked":"Armaments","floor":7},{"not_picked":["Anger","Rupture"],"picked":"Shockwave","floor":10},{"not_picked":["Anger","Juggernaut"],"picked":"Replay:Undeath\u0027s Touch","floor":12},{"not_picked":["Berserk","Bludgeon"],"picked":"Brutality","floor":16},{"not_picked":["Perfected Strike","Shrug It Off"],"picked":"Replay:Undeath\u0027s Touch+1","floor":18},{"not_picked":["Massacre","ReplayTheSpireMod:Strike From Hell"],"picked":"Dual Wield","floor":20}],"player_experience":8824,"relics_obtained":[{"floor":9,"key":"Juzu Bracelet"}],"event_choices":[{"damage_healed":0,"gold_gain":175,"player_choice":"AGREE","damage_taken":0,"max_hp_gain":0,"max_hp_loss":0,"event_name":"Liars Game","floor":2,"gold_loss":0,"cards_obtained":["Doubt"]},{"damage_healed":0,"gold_gain":0,"player_choice":"Got Potions","damage_taken":0,"max_hp_gain":0,"max_hp_loss":0,"event_name":"Lab","floor":3,"gold_loss":0},{"damage_healed":0,"gold_gain":0,"player_choice":"Left Gold","damage_taken":0,"max_hp_gain":0,"max_hp_loss":0,"event_name":"World of Goop","floor":8,"gold_loss":49},{"damage_healed":0,"gold_gain":0,"player_choice":"Grow","damage_taken":0,"max_hp_gain":0,"max_hp_loss":0,"event_name":"Living Wall","floor":14,"gold_loss":0,"cards_upgraded":["Iron Wave"]}],"is_beta":false,"boss_relics":[{"not_picked":["Replay:Wanted Poster","Painkiller Herb"],"picked":"RedLine:ReiMu"}],"items_purged_floors":[],"is_endless":false,"potions_floor_spawned":[4,5,10,12,16,20],"killed_by":"Gensokyo:Mirror_and_Dog","ascension_level":0}}