{"host":"12piqfhmdln9x2la","time":1608395647,"event":{"mods":["2.2 Compatiblity","AchievementEnabler","BaseMod","BetterRewards","Colored Powertips","Minty Spire (QoL Compilation)","Quick Restart","SuperFastMode"],"gold_per_floor":[114,114,125,75,90,119,39,53,53,30,58,58,58,58,58],"floor_reached":14,"playtime":206,"items_purged":[],"score":98,"play_id":"8b8a9aac-cf25-4390-ba36-d807d551e98e","local_time":"20201220013407","is_ascension_mode":false,"campfire_choices":[{"data":"Tempest","floor":12,"key":"SMITH"}],"circlet_count":0,"master_deck":["Strike_B","Strike_B","Strike_B","Defend_B","Defend_B","Defend_B","Zap","Dualcast","Capacitor","Tempest+1","Barrage","Conserve Battery","Loop","Hologram","Ball Lightning","Redo","Regret"],"relics":["Cracked Core","NeowsBlessing","Ornamental Fan","Gremlin Horn","Art of War","Thread and Needle"],"acts_visited":["Exordium"],"potions_floor_usage":[6,11,14],"damage_taken":[{"damage":0,"enemies":"Small Slimes","floor":1,"turns":1},{"damage":0,"enemies":"Jaw Worm","floor":3,"turns":1},{"damage":0,"enemies":"Cultist","floor":5,"turns":1},{"damage":9,"enemies":"Lagavulin","floor":6,"turns":6},{"damage":18,"enemies":"3 Louse","floor":8,"turns":3},{"damage":27,"enemies":"3 Sentries","floor":11,"turns":3},{"damage":16,"enemies":"Gremlin Nob","floor":14,"turns":3}],"seed_played":"-1759686430767922770","potions_obtained":[{"floor":3,"key":"ColorlessPotion"},{"floor":5,"key":"Block Potion"},{"floor":8,"key":"Ancient Potion"}],"is_trial":false,"path_per_floor":["M","?","M","?","M","E","$","M","T","$","E","R","?","E"],"character_chosen":"DEFECT","items_purchased":["Loop","Ball Lightning"],"campfire_rested":0,"item_purchase_floors":[7,10],"current_hp_per_floor":[75,68,68,68,68,59,59,41,41,41,14,14,14,0,0],"gold":58,"neow_bonus":"THREE_ENEMY_KILL","is_daily":false,"chose_seed":false,"campfire_upgraded":1,"win_rate":0.0,"timestamp":1608395647,"path_taken":["M","?","M","?","?","E","$","?","T","$","E","R","?","E"],"items_purchased_type":["Card","Card"],"build_version":"2020-12-13","purchased_purges":0,"victory":false,"max_hp_per_floor":[75,75,75,75,75,75,75,75,75,75,75,75,75,75,75],"card_choices":[{"not_picked":["Streamline","BootSequence"],"picked":"Capacitor","floor":1},{"not_picked":["Stack","Reprogram"],"picked":"Tempest","floor":3},{"not_picked":["Steam","Streamline"],"picked":"Barrage","floor":5},{"not_picked":["Capacitor","Coolheaded"],"picked":"Conserve Battery","floor":6},{"not_picked":["Steam","Chill"],"picked":"Hologram","floor":8},{"not_picked":["Steam","Blizzard"],"picked":"Redo","floor":11}],"player_experience":103242,"relics_obtained":[{"floor":6,"key":"Ornamental Fan"},{"floor":9,"key":"Gremlin Horn"},{"floor":11,"key":"Art of War"}],"event_choices":[{"cards_removed":["Defend_B"],"damage_healed":0,"gold_gain":0,"player_choice":"Card Removal","damage_taken":7,"max_hp_gain":0,"max_hp_loss":0,"event_name":"Golden Wing","floor":2,"gold_loss":0},{"cards_removed":["Strike_B"],"damage_healed":0,"gold_gain":0,"player_choice":"Card Removal","damage_taken":0,"max_hp_gain":0,"max_hp_loss":0,"event_name":"The Cleric","floor":4,"gold_loss":50},{"damage_healed":0,"gold_gain":0,"player_choice":"Box","damage_taken":0,"relics_obtained":["Thread and Needle"],"max_hp_gain":0,"max_hp_loss":0,"event_name":"Big Fish","floor":13,"gold_loss":0,"cards_obtained":["Regret"]}],"is_beta":false,"boss_relics":[],"items_purged_floors":[],"is_endless":false,"potions_floor_spawned":[3,5,8],"killed_by":"Gremlin Nob","ascension_level":0}}