{"host":"tpbmol9dayg75a5s","time":1608385274,"event":{"mods":["2.2 Compatiblity","BaseMod","Bestiary","Block Reminder","Colored Powertips","Downfall","Minty Spire (QoL Compilation)","Relic Stats","StSLib"],"gold_per_floor":[212,262,272,289,19,44,44,44,68,101,101,111,131,157,157,234,234,248,97,110,126,126,152,152,178,204,204,239,239,256,287,287,364,364,384,236,253,253,263,295,305,333,405,405,457,14,14,25,25,25,25,25,25,56,56,56],"floor_reached":55,"playtime":5061,"items_purged":["Strike_G","Strike_G","sneckomod:Bewildered"],"score":1499,"play_id":"5d429481-964a-4a2d-b679-25f9a5227a65","local_time":"20201219104114","is_ascension_mode":true,"campfire_choices":[{"data":"Neutralize","floor":8,"key":"SMITH"},{"floor":11,"key":"REST"},{"data":"Tools of the Trade","floor":15,"key":"SMITH"},{"floor":24,"key":"REST"},{"data":"Malaise","floor":27,"key":"SMITH"},{"data":"Footwork","floor":29,"key":"SMITH"},{"data":"Bane","floor":32,"key":"SMITH"},{"floor":44,"key":"REST"},{"floor":49,"key":"RECALL"},{"data":"Wraith Form v2","floor":52,"key":"SMITH"}],"circlet_count":0,"master_deck":["AscendersBane","Strike_G","Strike_G+1","Strike_G","Defend_G+1","Defend_G","Defend_G","Defend_G","Survivor+1","Neutralize+1","Endless Agony+1","Poisoned Stab","PiercingWail","Poisoned Stab","Bane+1","Dagger Spray","Tools of the Trade+1","Deflect","Footwork+1","After Image","Deadly Poison","Acrobatics","Deadly Poison","Malaise+1","Dash","Guardian:Aged","Backflip","Backstab","Underhanded Strike","Corpse Explosion","Poisoned Stab","Quick Slash","Footwork","expansioncontent:Flail","Sucker Punch","Underhanded Strike+1","Crippling Poison","Dagger Throw","Wraith Form v2+1","Mayhem","Quick Slash","Acrobatics+1"],"relics":["Ring of the Snake","Sling","Bag of Marbles","Whetstone","Akabeko","StrikeDummy","Cursed Key","War Paint","Oddly Smooth Stone","Lizard Tail","Pen Nib","Toy Ornithopter","Red Mask","sneckomod:SneckoTalon","Centennial Puzzle","Ornamental Fan","Calipers","OrangePellets","CaptainsWheel"],"acts_visited":["Exordium","TheCity","TheBeyond","TheEnding"],"potions_floor_usage":[16,21,33,42,50,55],"damage_taken":[{"damage":4,"enemies":"Small Slimes","floor":1,"turns":5},{"damage":1,"enemies":"Cultist","floor":3,"turns":3},{"damage":0,"enemies":"2 Louse","floor":4,"turns":3},{"damage":17,"enemies":"Gremlin Nob","floor":6,"turns":4},{"damage":5,"enemies":"Lagavulin","floor":10,"turns":4},{"damage":0,"enemies":"Exordium Thugs","floor":12,"turns":3},{"damage":0,"enemies":"Large Slime","floor":13,"turns":2},{"damage":7,"enemies":"3 Sentries","floor":14,"turns":6},{"damage":5,"enemies":"Hexaghost","floor":16,"turns":10},{"damage":3,"enemies":"3 Byrds","floor":18,"turns":5},{"damage":2,"enemies":"2 Thieves","floor":20,"turns":4},{"damage":4,"enemies":"Snecko","floor":21,"turns":3},{"damage":18,"enemies":"Gremlin Leader","floor":23,"turns":4},{"damage":0,"enemies":"Slavers","floor":25,"turns":2},{"damage":0,"enemies":"Gremlin Leader","floor":28,"turns":7},{"damage":0,"enemies":"Snake Plant","floor":30,"turns":4},{"damage":0,"enemies":"Masked Bandits","floor":31,"turns":1},{"damage":9,"enemies":"Champ","floor":33,"turns":15},{"damage":0,"enemies":"Orb Walker","floor":35,"turns":2},{"damage":2,"enemies":"3 Shapes","floor":37,"turns":1},{"damage":10,"enemies":"Maw","floor":39,"turns":9},{"damage":21,"enemies":"Reptomancer","floor":40,"turns":5},{"damage":0,"enemies":"3 Darklings","floor":41,"turns":1},{"damage":10,"enemies":"Giant Head","floor":42,"turns":7},{"damage":3,"enemies":"2 Orb Walkers","floor":45,"turns":5},{"damage":0,"enemies":"Spire Growth","floor":48,"turns":4},{"damage":37,"enemies":"Donu and Deca","floor":50,"turns":14},{"damage":5,"enemies":"Shield and Spear","floor":54,"turns":5},{"damage":92,"enemies":"The Heart","floor":55,"turns":8}],"seed_played":"2743778167205454737","potions_obtained":[{"floor":4,"key":"GamblersBrew"},{"floor":12,"key":"SkillPotion"},{"floor":13,"key":"LiquidMemories"},{"floor":18,"key":"SkillPotion"},{"floor":20,"key":"Swift Potion"},{"floor":23,"key":"champ:CounterPotion"},{"floor":28,"key":"DistilledChaos"},{"floor":35,"key":"FearPotion"},{"floor":45,"key":"PowerPotion"}],"is_trial":false,"path_per_floor":["M","?","M","M","$","E","?","R","T","E","R","M","M","E","R","B",null,"M","$","M","M","?","E","R","E","T","R","E","R","M","?","R","B",null,"M","$","M","?","M","E","M","E","T","R","?","$","?","M","R","B",null,"R","$","E","B"],"character_chosen":"THE_SILENT","items_purchased":["Sling","Poisoned Stab","War Paint","Quick Slash","OrangePellets","Mayhem"],"campfire_rested":3,"item_purchase_floors":[5,5,19,36,46,46],"current_hp_per_floor":[55,49,48,48,48,31,31,31,31,26,45,45,45,38,38,33,58,55,55,53,49,49,31,50,50,50,50,50,50,50,50,50,46,61,61,61,59,59,49,28,28,23,23,42,39,39,39,39,39,7,51,51,51,46,0,0],"gold":56,"neow_bonus":"HUNDRED_GOLD","is_daily":false,"chose_seed":false,"campfire_upgraded":6,"win_rate":0.0,"timestamp":1608385274,"path_taken":["M","?","M","?","$","E","?","R","T","E","R","M","M","E","R","BOSS","M","$","M","?","?","E","R","E","T","R","E","R","M","?","R","BOSS","M","$","M","?","M","E","M","E","T","R","?","$","?","M","R","BOSS","R","$","E","BOSS"],"items_purchased_type":["Relic","Card","Relic","Card","Relic","Card"],"build_version":"2020-12-13","purchased_purges":3,"victory":false,"max_hp_per_floor":[66,66,66,66,66,66,66,66,66,66,66,66,66,66,66,66,66,66,66,66,66,66,66,66,66,66,66,66,66,66,66,66,66,66,66,66,66,66,66,66,66,66,66,66,66,66,66,66,66,66,66,66,66,66,66,66],"relic_stats":{"OrangePellets":[7],"Lizard Tail":33,"Centennial Puzzle":[15],"counters":[29,146],"Ornamental Fan":[88],"Pen Nib":[23],"Whetstone":["Strike_G","Endless Agony"],"War Paint":["Survivor","Defend_G"],"Cursed Key":2,"obtain_stats":[{"Calipers":45,"Oddly Smooth Stone":23,"Pen Nib":26,"Whetstone":9,"War Paint":19,"Sling":5,"Cursed Key":17,"sneckomod:SneckoTalon":34,"Akabeko":10,"OrangePellets":46,"Lizard Tail":25,"Centennial Puzzle":40,"CaptainsWheel":54,"Ornamental Fan":42,"Bag of Marbles":6,"Red Mask":31,"StrikeDummy":14,"Toy Ornithopter":28,"Ring of the Snake":0},{"Calipers":25,"Oddly Smooth Stone":13,"Pen Nib":14,"Whetstone":4,"War Paint":10,"Sling":3,"Cursed Key":9,"sneckomod:SneckoTalon":18,"Akabeko":5,"OrangePellets":25,"Lizard Tail":14,"Centennial Puzzle":22,"CaptainsWheel":28,"Ornamental Fan":24,"Bag of Marbles":4,"Red Mask":17,"StrikeDummy":8,"Toy Ornithopter":15,"Ring of the Snake":0},{"Calipers":115,"Oddly Smooth Stone":56,"Pen Nib":58,"Whetstone":15,"War Paint":45,"Sling":11,"Cursed Key":40,"sneckomod:SneckoTalon":85,"Akabeko":19,"OrangePellets":115,"Lizard Tail":58,"Centennial Puzzle":102,"CaptainsWheel":138,"Ornamental Fan":110,"Bag of Marbles":15,"Red Mask":70,"StrikeDummy":30,"Toy Ornithopter":65,"Ring of the Snake":0}],"Toy Ornithopter":20,"Ring of the Snake":[59]},"card_choices":[{"not_picked":["Slice","Expertise"],"picked":"Endless Agony","floor":1},{"not_picked":["Quick Slash","Expertise"],"picked":"Poisoned Stab","floor":3},{"not_picked":["Blur","All Out Attack"],"picked":"PiercingWail","floor":4},{"not_picked":["Underhanded Strike","Sucker Punch"],"picked":"Bane","floor":6},{"not_picked":["Acrobatics","Expertise"],"picked":"Dagger Spray","floor":10},{"not_picked":["Heel Hook","Flechettes"],"picked":"Tools of the Trade","floor":12},{"not_picked":["Acrobatics","Backflip"],"picked":"Deflect","floor":13},{"not_picked":["Blur","Prepared"],"picked":"Footwork","floor":14},{"not_picked":["A Thousand Cuts","Envenom"],"picked":"After Image","floor":16},{"not_picked":["Poisoned Stab","Flying Knee+1"],"picked":"Deadly Poison","floor":18},{"not_picked":["Cloak And Dagger","Choke"],"picked":"Acrobatics","floor":20},{"not_picked":["Cloak And Dagger","Endless Agony"],"picked":"Deadly Poison","floor":21},{"not_picked":["Dagger Spray","Catalyst"],"picked":"Malaise","floor":23},{"not_picked":["Slice","Noxious Fumes"],"picked":"Dash","floor":25},{"not_picked":["Sucker Punch","Poisoned Stab"],"picked":"Backflip","floor":28},{"not_picked":["Deadly Poison","Accuracy"],"picked":"Backstab","floor":30},{"not_picked":["Outmaneuver+1","Deadly Poison"],"picked":"Underhanded Strike","floor":31},{"not_picked":["Doppelganger","Tools of the Trade"],"picked":"Corpse Explosion","floor":33},{"not_picked":["Slice","Backstab","Poisoned Stab"],"picked":"SKIP","floor":35},{"not_picked":["Slice","Backstab"],"picked":"Poisoned Stab","floor":35},{"not_picked":["Flying Knee+1","Predator"],"picked":"Footwork","floor":37},{"not_picked":["Bandage Up","expansioncontent:SlimeTackle"],"picked":"expansioncontent:Flail","floor":38},{"not_picked":["Footwork","Tactician"],"picked":"Sucker Punch","floor":39},{"not_picked":["Dagger Spray","Accuracy"],"picked":"Underhanded Strike+1","floor":40},{"not_picked":["Quick Slash+1","Sucker Punch"],"picked":"Crippling Poison","floor":41},{"not_picked":["Tactician","Deadly Poison"],"picked":"Dagger Throw","floor":42},{"not_picked":["Quick Slash","Dagger Spray+1"],"picked":"Wraith Form v2","floor":45},{"not_picked":["Underhanded Strike","Prepared"],"picked":"Quick Slash","floor":48},{"not_picked":["Blur","Well Laid Plans"],"picked":"Acrobatics+1","floor":54}],"player_experience":945240,"relics_obtained":[{"floor":6,"key":"Bag of Marbles"},{"floor":9,"key":"Whetstone"},{"floor":10,"key":"Akabeko"},{"floor":14,"key":"StrikeDummy"},{"floor":23,"key":"Oddly Smooth Stone"},{"floor":25,"key":"Lizard Tail"},{"floor":26,"key":"Pen Nib"},{"floor":28,"key":"Toy Ornithopter"},{"floor":31,"key":"Red Mask"},{"floor":40,"key":"Centennial Puzzle"},{"floor":42,"key":"Ornamental Fan"},{"floor":45,"key":"Calipers"},{"floor":54,"key":"CaptainsWheel"}],"event_choices":[{"damage_healed":0,"gold_gain":50,"player_choice":"Touch","damage_taken":6,"max_hp_gain":0,"max_hp_loss":0,"event_name":"FaceTrader","floor":2,"gold_loss":0},{"damage_healed":0,"gold_gain":0,"cards_transformed":["Defend_G"],"player_choice":"Transformed","damage_taken":0,"max_hp_gain":0,"max_hp_loss":0,"event_name":"Transmorgrifier","floor":7,"gold_loss":0,"cards_obtained":["Cloak And Dagger"]},{"damage_healed":0,"gold_gain":0,"player_choice":"Fought Bandits","damage_taken":0,"max_hp_gain":0,"max_hp_loss":0,"event_name":"Masked Bandits","floor":31,"gold_loss":0},{"damage_healed":0,"gold_gain":0,"player_choice":"Memory 1","damage_taken":0,"max_hp_gain":0,"max_hp_loss":0,"event_name":"SensoryStone","floor":38,"gold_loss":0},{"damage_healed":0,"gold_gain":0,"player_choice":"Fight","damage_taken":0,"max_hp_gain":0,"max_hp_loss":0,"event_name":"Mysterious Sphere","floor":45,"gold_loss":0},{"cards_removed":["Cloak And Dagger"],"damage_healed":0,"gold_gain":0,"player_choice":"Removed Skill","damage_taken":0,"max_hp_gain":0,"max_hp_loss":0,"event_name":"Falling","floor":47,"gold_loss":0}],"is_beta":false,"boss_relics":[{"not_picked":["Snecko Eye","Coffee Dripper"],"picked":"Cursed Key"},{"not_picked":["Fusion Hammer","Astrolabe"],"picked":"sneckomod:SneckoTalon"}],"items_purged_floors":[5,36,46],"is_endless":false,"potions_floor_spawned":[4,12,13,14,18,20,23,28,35,45,48],"killed_by":"The Heart","ascension_level":15}}