{"host":"Aysed","time":1608417914,"event":{"mods":["AchievementEnabler","BaseMod","Colored Powertips","Downfall","Faster Ascension Climbing","Minty Spire (QoL Compilation)","Quick Restart","StSLib","SuperFastMode"],"gold_per_floor":[117,117,117,134,154,154,154,154,222,237,251,251,261,261,261,358,358,372,372,390,407,427,457,475,400,424,424,424,436,462,482,482,482,482],"floor_reached":33,"playtime":1108,"items_purged":["Strike_B"],"score":305,"play_id":"4448a377-a615-4769-aab6-33a8f42c9564","local_time":"20201219234514","is_ascension_mode":false,"campfire_choices":[{"data":"Amplify","floor":6,"key":"SMITH"},{"data":"Zap","floor":12,"key":"SMITH"},{"data":"Heatsinks","floor":15,"key":"SMITH"},{"data":"Dualcast","floor":32,"key":"SMITH"}],"circlet_count":0,"master_deck":["Strike_B","Strike_B","Defend_B","Defend_B","Defend_B","Defend_B","Zap+1","Dualcast+1","Amplify+1","Heatsinks+1","Buffer+1","Static Discharge+1","Electrodynamics+1","Creative AI+1","Tempest+1"],"relics":["Cracked Core","Lizard Tail","Spirit Poop","InkBottle","Bag of Preparation","Frozen Egg 2","CultistMask","Black Star","Toxic Egg 2","Mercury Hourglass","Vajra","Boot","MutagenicStrength","TungstenRod","Gremlin Horn"],"acts_visited":["Exordium","TheCity"],"potions_floor_usage":[10,13,29,30,33,33,33,33,33],"damage_taken":[{"damage":1,"enemies":"2 Louse","floor":1,"turns":2},{"damage":4,"enemies":"Jaw Worm","floor":4,"turns":5},{"damage":1,"enemies":"Cultist","floor":5,"turns":3},{"damage":27,"enemies":"Exordium Thugs","floor":10,"turns":5},{"damage":0,"enemies":"Blue Slaver","floor":11,"turns":5},{"damage":7,"enemies":"2 Fungi Beasts","floor":13,"turns":3},{"damage":17,"enemies":"The Guardian","floor":16,"turns":10},{"damage":10,"enemies":"3 Byrds","floor":18,"turns":2},{"damage":10,"enemies":"Chosen","floor":20,"turns":4},{"damage":6,"enemies":"3 Cultists","floor":21,"turns":2},{"damage":33,"enemies":"Shelled Parasite and Fungi","floor":22,"turns":5},{"damage":30,"enemies":"Book of Stabbing","floor":23,"turns":6},{"damage":14,"enemies":"Centurion and Healer","floor":24,"turns":5},{"damage":0,"enemies":"Cultist and Chosen","floor":29,"turns":3},{"damage":0,"enemies":"Gremlin Leader","floor":30,"turns":6},{"damage":0,"enemies":"Sentry and Sphere","floor":31,"turns":4},{"damage":19,"enemies":"Automaton","floor":33,"turns":4}],"seed_played":"7148727568065497809","potions_obtained":[{"floor":1,"key":"Explosive Potion"},{"floor":4,"key":"Slimebound:ThreeZeroPotion"},{"floor":10,"key":"Regen Potion"},{"floor":16,"key":"LiquidBronze"},{"floor":20,"key":"Strength Potion"},{"floor":23,"key":"sneckomod:MuddlingPotion"},{"floor":29,"key":"SkillPotion"},{"floor":30,"key":"EntropicBrew"}],"is_trial":false,"path_per_floor":["M","?","?","M","M","R","T","?","T","M","M","R","M","?","R","B",null,"M","T","M","M","M","E","M","$","T","?","?","M","E","M","R","B"],"character_chosen":"DEFECT","items_purchased":[],"campfire_rested":0,"item_purchase_floors":[],"current_hp_per_floor":[74,74,74,70,69,69,69,62,62,35,35,35,37,37,37,20,75,65,65,55,49,16,28,14,14,14,14,14,14,14,14,14,0,0],"gold":482,"neow_bonus":"TRANSFORM_CARD","is_daily":false,"chose_seed":false,"campfire_upgraded":4,"win_rate":0.0,"timestamp":1608417914,"path_taken":["M","?","?","?","M","R","?","?","T","M","M","R","M","?","R","BOSS","M","?","M","?","M","E","M","$","T","?","?","?","E","M","R","BOSS"],"items_purchased_type":[],"build_version":"2020-12-18","purchased_purges":1,"victory":false,"max_hp_per_floor":[75,75,75,75,75,75,75,75,75,75,75,75,75,75,75,75,75,75,75,75,75,75,75,75,75,75,75,75,75,75,75,75,75,75],"card_choices":[{"not_picked":["Reinforced Body","Leap","Hologram"],"picked":"SKIP","floor":1},{"not_picked":["Hologram","Compile Driver"],"picked":"Heatsinks","floor":4},{"not_picked":["Coolheaded","FTL","Steam"],"picked":"SKIP","floor":5},{"not_picked":["Stack","Chaos"],"picked":"Buffer+1","floor":10},{"not_picked":["Leap","Auto Shields"],"picked":"Static Discharge+1","floor":11},{"not_picked":["Compile Driver","FTL","Redo"],"picked":"SKIP","floor":13},{"not_picked":["Seek","All For One"],"picked":"Electrodynamics+1","floor":16},{"not_picked":["Rip and Tear","Streamline","Gash+1"],"picked":"SKIP","floor":18},{"not_picked":["Turbo+1","Cold Snap","Hologram+1"],"picked":"SKIP","floor":20},{"not_picked":["Compile Driver","Leap+1","Steam Power+1"],"picked":"SKIP","floor":21},{"not_picked":["Doom and Gloom","Skim+1","Amplify+1"],"picked":"SKIP","floor":22},{"not_picked":["Defragment+1","Compile Driver","Cold Snap"],"picked":"SKIP","floor":23},{"not_picked":["Beam Cell+1","Hologram+1","Sweeping Beam+1"],"picked":"SKIP","floor":24},{"not_picked":["Capacitor+1","Recycle+1","Blizzard"],"picked":"SKIP","floor":29},{"not_picked":["Blizzard","Skim+1"],"picked":"Tempest+1","floor":30},{"not_picked":["Self Repair+1","Steam+1","FTL"],"picked":"SKIP","floor":31}],"player_experience":32796,"relics_obtained":[{"floor":7,"key":"InkBottle"},{"floor":9,"key":"Frozen Egg 2"},{"floor":19,"key":"Toxic Egg 2"},{"floor":23,"key":"Mercury Hourglass"},{"floor":23,"key":"Vajra"},{"floor":26,"key":"Boot"},{"floor":30,"key":"TungstenRod"},{"floor":30,"key":"Gremlin Horn"}],"event_choices":[{"damage_healed":0,"gold_gain":0,"player_choice":"Box","damage_taken":0,"relics_obtained":["Lizard Tail"],"max_hp_gain":0,"max_hp_loss":0,"event_name":"Big Fish","floor":2,"gold_loss":0,"cards_obtained":["Regret"]},{"cards_removed":["Regret"],"damage_healed":0,"gold_gain":0,"player_choice":"Offered Curse","damage_taken":0,"relics_obtained":["Spirit Poop"],"max_hp_gain":0,"max_hp_loss":0,"event_name":"Bonfire Elementals","floor":3,"gold_loss":0},{"damage_healed":0,"gold_gain":0,"player_choice":"Success","damage_taken":7,"relics_obtained":["Bag of Preparation"],"max_hp_gain":0,"max_hp_loss":0,"event_name":"Scrap Ooze","floor":8,"gold_loss":0},{"damage_healed":0,"gold_gain":0,"player_choice":"Trade","damage_taken":0,"relics_obtained":["CultistMask"],"max_hp_gain":0,"max_hp_loss":0,"event_name":"FaceTrader","floor":14,"gold_loss":0},{"damage_healed":0,"gold_gain":0,"player_choice":"Inject Mutagens","damage_taken":0,"relics_obtained":["MutagenicStrength"],"max_hp_gain":0,"max_hp_loss":0,"event_name":"Drug Dealer","floor":27,"gold_loss":0},{"damage_healed":0,"gold_gain":0,"player_choice":"1 cards matched","damage_taken":0,"max_hp_gain":0,"max_hp_loss":0,"event_name":"Match and Keep!","floor":28,"gold_loss":0,"cards_obtained":["Creative AI"]}],"is_beta":true,"boss_relics":[{"not_picked":["Tiny House","Astrolabe"],"picked":"Black Star"}],"items_purged_floors":[25],"is_endless":false,"potions_floor_spawned":[1,4,10,16,20,23,24,29,30],"killed_by":"Automaton","ascension_level":0}}