{"host":"jm9833yuloeli2yd","time":1608349595,"event":{"mods":["AchievementEnabler","BaseMod","Better Altar","Better Match","Better Note","Better Sensory Stone","Better Skull","Better Vampires","Colored Map","Colored Powertips","DeckTracker","Minty Spire (QoL Compilation)","Permanent Neow","Quick Restart","Replay The Spire","StSLib","SuperFastMode"],"gold_per_floor":[110,110,124,138,20,20,46,66,92,108,135,135,167,186,186,259,259,269,159,176,19,29,58,58,90,166,166,76,92,92,122,122,196,196,214,214,232,282,292,292,319,319,319,319,346,22,66,81,81,81,81],"floor_reached":50,"playtime":2266,"items_purged":["Defend_B"],"score":1656,"play_id":"120188b9-bd7e-45c8-a072-ada2e95c3315","local_time":"20201218224635","is_ascension_mode":true,"campfire_choices":[{"data":"Defragment","floor":6,"key":"SMITH"},{"floor":12,"key":"REST"},{"data":"ReplayTheSpireMod:Calculation Training","floor":15,"key":"SMITH"},{"data":"Hologram","floor":24,"key":"SMITH"},{"data":"ReplayTheSpireMod:Fabricate Wheel","floor":27,"key":"SMITH"},{"data":"Electrodynamics","floor":32,"key":"SMITH"},{"data":"Buffer","floor":40,"key":"SMITH"},{"data":"Crystallizer","floor":42,"key":"PURGE"},{"floor":49,"key":"RECALL"}],"circlet_count":0,"master_deck":["AscendersBane","Defend_B","Defend_B","Zap+1","Dualcast","Defend_G","Survivor","The Bomb","Undo","Hologram+1","Streamline","Sweeping Beam+1","Defragment+1","Turbo","Glacier","Cold Snap","ReplayTheSpireMod:Calculation Training+1","Machine Learning","Steam","Electrodynamics+1","Turbo","Turbo","Steam","Go for the Eyes","Biased Cognition","Buffer+1","Self Repair","Stack+1","Force Field","Coolheaded","Fusion"],"relics":["Cracked Core","Omamori","Ancient Tea Set","Geode","Akabeko","Replay:Drink Me","ClockworkSouvenir","Blue Doll","Juzu Bracelet","Prayer Wheel","FossilizedHelix","Busted Crown","Peace Pipe","Sundial","Darkstone Periapt","Ring of Shattering","MawBank","Mummified Hand","Singing Bowl"],"acts_visited":["Exordium","TheCity","TheBeyond"],"potions_floor_usage":[7,23,31,50],"damage_taken":[{"damage":4,"enemies":"Jaw Worm","floor":1,"turns":5},{"damage":0,"enemies":"Cultist","floor":3,"turns":3},{"damage":5,"enemies":"Small Slimes","floor":4,"turns":3},{"damage":8,"enemies":"Gremlin Nob","floor":7,"turns":3},{"damage":0,"enemies":"Blue Slaver","floor":8,"turns":3},{"damage":0,"enemies":"Large Slime","floor":10,"turns":4},{"damage":19,"enemies":"3 Sentries","floor":11,"turns":6},{"damage":0,"enemies":"Lagavulin","floor":13,"turns":4},{"damage":7,"enemies":"2 Fungi Beasts","floor":14,"turns":2},{"damage":34,"enemies":"Fading Forest","floor":16,"turns":13},{"damage":12,"enemies":"2 Thieves","floor":18,"turns":2},{"damage":0,"enemies":"Spheric Guardian","floor":20,"turns":6},{"damage":0,"enemies":"Cultist and Chosen","floor":22,"turns":4},{"damage":8,"enemies":"Gremlin Leader","floor":23,"turns":6},{"damage":3,"enemies":"Slavers","floor":25,"turns":3},{"damage":0,"enemies":"Centurion and Healer","floor":29,"turns":5},{"damage":0,"enemies":"Book of Stabbing","floor":31,"turns":7},{"damage":12,"enemies":"Pondfish","floor":33,"turns":16},{"damage":21,"enemies":"3 Darklings","floor":35,"turns":2},{"damage":0,"enemies":"Orb Walker","floor":37,"turns":3},{"damage":12,"enemies":"2 Orb Walkers","floor":38,"turns":4},{"damage":6,"enemies":"Maw","floor":39,"turns":9},{"damage":0,"enemies":"Giant Head","floor":41,"turns":11},{"damage":0,"enemies":"R_Hoarder","floor":45,"turns":13},{"damage":0,"enemies":"3 Darklings","floor":48,"turns":2},{"damage":35,"enemies":"Time Eater","floor":50,"turns":11}],"seed_played":"1971457685047727983","potions_obtained":[{"floor":3,"key":"PowerPotion"},{"floor":7,"key":"SteroidPotion"},{"floor":8,"key":"SpeedPotion"},{"floor":16,"key":"AttackPotion"},{"floor":20,"key":"Block Potion"},{"floor":25,"key":"Strength Potion"},{"floor":29,"key":"LiquidBronze"},{"floor":31,"key":"ColorlessPotion"},{"floor":38,"key":"SkillPotion"}],"is_trial":false,"path_per_floor":["M","?","M","M","$","R","E","M","T","M","E","R","E","M","R","B",null,"M","?","M","$","M","E","R","E","T","R","$","M","?","E","R","B",null,"M","?","M","?","M","R","E","R","T","?","E","$","?","M","R","B"],"character_chosen":"DEFECT","items_purchased":["Sweeping Beam+1","Defragment","ClockworkSouvenir","Go for the Eyes","Mummified Hand","Coolheaded"],"campfire_rested":1,"item_purchase_floors":[5,5,21,28,46,46],"current_hp_per_floor":[60,60,60,55,55,55,47,47,47,47,28,49,49,42,42,26,47,35,35,35,35,35,27,27,24,24,24,24,24,24,24,24,12,44,23,23,23,18,19,19,26,26,26,26,33,33,16,25,25,0,0],"gold":81,"neow_bonus":"RANDOM_COLORLESS_2","is_daily":false,"chose_seed":false,"campfire_upgraded":6,"win_rate":0.0,"timestamp":1608349595,"path_taken":["M","?","M","M","$","R","E","M","T","M","E","R","E","M","R","BOSS","M","?","M","$","M","E","R","E","T","R","$","M","?","E","R","BOSS","M","?","M","?","M","R","E","R","T","?","E","$","?","M","R","BOSS"],"items_purchased_type":["Card","Card","Relic","Card","Relic","Card"],"build_version":"2020-12-13","purchased_purges":1,"victory":false,"max_hp_per_floor":[71,71,71,71,71,71,71,71,71,71,71,71,71,71,71,71,54,54,54,54,54,54,54,54,54,54,54,54,54,54,54,54,54,54,54,54,54,54,54,54,54,54,54,54,54,54,58,60,60,60,60],"card_choices":[{"not_picked":["Transmutation","ReplayTheSpireMod:Brewmster"],"picked":"The Bomb","floor":0},{"not_picked":["BasicCrystalCard","FIFO Queue"],"picked":"Undo","floor":1},{"not_picked":["Beam Cell","FIFO Queue"],"picked":"Hologram","floor":3},{"not_picked":["Leap","ReplaySolidLightProjector"],"picked":"Streamline","floor":4},{"not_picked":["Ball Lightning","Rebound"],"picked":"Turbo","floor":7},{"not_picked":["ReplayTheSpireMod:Calculation Training","Redo"],"picked":"Glacier","floor":8},{"not_picked":["Stack","Streamline"],"picked":"Cold Snap","floor":10},{"not_picked":["Beam Cell","Turbo"],"picked":"ReplayTheSpireMod:Calculation Training","floor":11},{"not_picked":["ReplayTheSpireMod:Repulse","Melter"],"picked":"Machine Learning","floor":13},{"not_picked":["Cold Snap","Ball Lightning"],"picked":"Steam","floor":14},{"not_picked":["Amplify","Rainbow"],"picked":"Electrodynamics","floor":16},{"not_picked":["Leap","Compile Driver+1"],"picked":"Crystallizer","floor":18},{"not_picked":["Steam","Streamline"],"picked":"Turbo","floor":20},{"not_picked":["Beam Cell","Barrage"],"picked":"Turbo","floor":22},{"not_picked":["Gash","Sweeping Beam"],"picked":"Steam","floor":23},{"not_picked":["Defragment","Go for the Eyes"],"picked":"ReplayTheSpireMod:Fabricate Wheel","floor":25},{"not_picked":["Go for the Eyes","Leap","Cold Snap"],"picked":"SKIP","floor":29},{"not_picked":["Turbo","Barrage","Amplify"],"picked":"SKIP","floor":29},{"not_picked":["Beam Cell","ReplayTheSpireMod:GoodbyeWorld","Panic Button"],"picked":"SKIP","floor":31},{"not_picked":["ReplayRNGCard","All For One"],"picked":"Buffer","floor":33},{"not_picked":["Ball Lightning+1"],"picked":"SKIP","floor":35},{"not_picked":["Sunder"],"picked":"SKIP","floor":35},{"not_picked":[],"picked":"Self Repair","floor":37},{"not_picked":["Lockon"],"picked":"SKIP","floor":37},{"not_picked":[],"picked":"Stack+1","floor":39},{"not_picked":["Panic Button"],"picked":"SKIP","floor":39},{"not_picked":["Panic Button"],"picked":"SKIP","floor":39},{"not_picked":["Sunder"],"picked":"SKIP","floor":41},{"not_picked":[],"picked":"Force Field","floor":45},{"not_picked":["Stack"],"picked":"Singing Bowl","floor":47},{"not_picked":["Redo"],"picked":"Singing Bowl","floor":47},{"not_picked":["ReplayTheSpireMod:System Scan"],"picked":"Singing Bowl","floor":48},{"not_picked":[],"picked":"Fusion","floor":48}],"player_experience":1121296,"relics_obtained":[{"floor":7,"key":"Omamori"},{"floor":9,"key":"Ancient Tea Set"},{"floor":11,"key":"Geode"},{"floor":13,"key":"Akabeko"},{"floor":23,"key":"Blue Doll"},{"floor":25,"key":"Juzu Bracelet"},{"floor":31,"key":"FossilizedHelix"},{"floor":38,"key":"Peace Pipe"},{"floor":41,"key":"Sundial"},{"floor":43,"key":"Darkstone Periapt"},{"floor":44,"key":"Ring of Shattering"},{"floor":45,"key":"MawBank"},{"floor":47,"key":"Singing Bowl"}],"event_choices":[{"cards_removed":["Defend_B"],"damage_healed":0,"gold_gain":0,"player_choice":"Purged","damage_taken":0,"max_hp_gain":0,"max_hp_loss":0,"event_name":"Purifier","floor":2,"gold_loss":0},{"cards_removed":["Strike_B"],"damage_healed":0,"gold_gain":0,"player_choice":"Upgrade and Remove","damage_taken":0,"max_hp_gain":0,"max_hp_loss":0,"event_name":"Designer","floor":19,"gold_loss":110,"cards_upgraded":["Zap"]},{"damage_healed":0,"gold_gain":0,"player_choice":"Ignored","damage_taken":0,"max_hp_gain":0,"max_hp_loss":0,"event_name":"The Mausoleum","floor":30,"gold_loss":0},{"damage_healed":0,"gold_gain":0,"player_choice":"Ignored","damage_taken":0,"max_hp_gain":0,"max_hp_loss":0,"event_name":"Tomb of Lord Red Mask","floor":36,"gold_loss":0},{"damage_healed":0,"gold_gain":0,"player_choice":"Fight","damage_taken":0,"max_hp_gain":0,"max_hp_loss":0,"event_name":"Mysterious Sphere","floor":38,"gold_loss":0}],"is_beta":false,"boss_relics":[{"not_picked":["Runic Pyramid","Runic Dome"],"picked":"Replay:Drink Me"},{"not_picked":["Velvet Choker","SacredBark"],"picked":"Busted Crown"}],"items_purged_floors":[28],"is_endless":false,"potions_floor_spawned":[3,7,8,16,20,25,29,31,38,41,45],"killed_by":"Time Eater","ascension_level":20}}