{"host":"zhypnm5xlgq8j242","time":1608420234,"event":{"mods":["AchievementEnabler","BaseMod","BetterRewards","Colored Powertips","Hermit","Keyboard Shortcuts","Minty Spire (QoL Compilation)","Quick Restart","Replay The Spire","Shop Mod","StSLib","The Cursed","The Hierophant","The Runesmith"],"gold_per_floor":[115,125,139,139,58,58,58],"floor_reached":6,"playtime":286,"items_purged":[],"score":49,"play_id":"fd1bc678-477a-455e-928a-10c5bc6377c2","local_time":"20201220082354","is_ascension_mode":true,"campfire_choices":[],"circlet_count":0,"master_deck":["Strike_G","Strike_G","Strike_G","Strike_G","Strike_G","Defend_G","Defend_G","Defend_G","Defend_G","Defend_G","Survivor","Neutralize","ReplayTheSpireMod:Necrosis+1","Draining Mist","ReplayTheSpireMod:Scrap Shanks","Backflip","Venomology"],"relics":["Ring of the Snake","Lantern","Question Card","Turnip"],"acts_visited":["Exordium"],"potions_floor_usage":[6,6,6,6],"damage_taken":[{"damage":0,"enemies":"Jaw Worm","floor":1,"turns":5},{"damage":10,"enemies":"Cultist","floor":2,"turns":6},{"damage":5,"enemies":"Small Slimes","floor":3,"turns":5},{"damage":37,"enemies":"Gremlin Nob","floor":6,"turns":5}],"seed_played":"-452196704327555511","potions_obtained":[{"floor":1,"key":"Regen Potion"},{"floor":2,"key":"SpeedPotion"},{"floor":4,"key":"Block Potion"},{"floor":4,"key":"Energy Potion"}],"is_trial":false,"path_per_floor":["M","M","M","?","$","E"],"character_chosen":"THE_SILENT","items_purchased":["Lantern","Question Card","ReplayTheSpireMod:Necrosis+1","Venomology"],"campfire_rested":0,"item_purchase_floors":[0,0,0,5],"current_hp_per_floor":[36,26,21,21,21,0,0],"gold":58,"neow_bonus":"","is_daily":false,"chose_seed":false,"campfire_upgraded":0,"win_rate":0.0,"timestamp":1608420234,"path_taken":["M","M","M","?","$","E"],"items_purchased_type":["Relic","Relic","Card","Card"],"build_version":"2020-12-13","purchased_purges":0,"victory":false,"max_hp_per_floor":[70,70,70,70,70,70,70],"card_choices":[{"not_picked":["Dagger Throw","ReplayTheSpireMod:Tripwire","Hidden Blade"],"picked":"Draining Mist","floor":1},{"not_picked":["Choke","Eviscerate","Leg Sweep"],"picked":"ReplayTheSpireMod:Scrap Shanks","floor":2},{"not_picked":["Deflect","Flying Knee","Terror"],"picked":"Backflip","floor":3}],"player_experience":558746,"relics_obtained":[],"event_choices":[{"damage_healed":0,"gold_gain":0,"player_choice":"Got Potions","damage_taken":0,"max_hp_gain":0,"max_hp_loss":0,"event_name":"Lab","floor":4,"gold_loss":0}],"is_beta":false,"boss_relics":[],"items_purged_floors":[],"is_endless":false,"potions_floor_spawned":[1,2],"killed_by":"Gremlin Nob","ascension_level":7}}