{"host":"j0a1jfichhxu8b8p","time":1608386566,"event":{"mods":["BaseMod","Colored Map","DeckTracker","Keyboard Shortcuts","Minty Spire (QoL Compilation)","Permanent Neow","StSLib","everything is the same but u backflip on backflip"],"gold_per_floor":[119,119,44,44,55,90,90,1,1,1,42,42,66,86,86,209,209,222,235,235,235],"floor_reached":20,"playtime":757,"items_purged":["Strike_B"],"score":314,"play_id":"5b58fd33-fdf6-4f3d-8754-b56ee0c7c67a","local_time":"20201219230246","is_ascension_mode":true,"campfire_choices":[{"data":"Zap","floor":7.0,"key":"SMITH"},{"data":"Dualcast","floor":12.0,"key":"SMITH"},{"data":"Creative AI","floor":15.0,"key":"SMITH"}],"circlet_count":0,"master_deck":["AscendersBane","Strike_B","Strike_B","Defend_B","Defend_B","Defend_B","Defend_B","Zap+1","Dualcast+1","Conserve Battery","Creative AI+1","Steam","Compile Driver","Panacea","Ball Lightning","Core Surge","Chill","BootSequence"],"relics":["Cracked Core","NeowsBlessing","Symbiotic Virus","Smiling Mask","Golden Idol","Shuriken","Sozu"],"acts_visited":["Exordium","TheCity"],"potions_floor_usage":[],"damage_taken":[{"damage":0.0,"enemies":"Jaw Worm","floor":1.0,"turns":1.0},{"damage":0.0,"enemies":"2 Louse","floor":5.0,"turns":1.0},{"damage":0.0,"enemies":"3 Sentries","floor":6.0,"turns":1.0},{"damage":11.0,"enemies":"Lagavulin","floor":11.0,"turns":7.0},{"damage":3.0,"enemies":"Small Slimes","floor":13.0,"turns":2.0},{"damage":4.0,"enemies":"3 Louse","floor":14.0,"turns":4.0},{"damage":34.0,"enemies":"The Guardian","floor":16.0,"turns":10.0},{"damage":17.0,"enemies":"Shell Parasite","floor":18.0,"turns":5.0},{"damage":11.0,"enemies":"2 Thieves","floor":19.0,"turns":5.0},{"damage":6.0,"enemies":"Shelled Parasite and Fungi","floor":20.0,"turns":4.0}],"seed_played":"-8155232072649689541","potions_obtained":[{"floor":6.0,"key":"PowerPotion"},{"floor":14.0,"key":"SkillPotion"},{"floor":16.0,"key":"Weak Potion"}],"is_trial":false,"path_per_floor":["M","?","$","?","M","E","R","$","T","?","E","R","M","M","R","B",null,"M","M","M"],"character_chosen":"DEFECT","items_purchased":["Panacea"],"campfire_rested":0,"item_purchase_floors":[8],"current_hp_per_floor":[68,68,68,68,68,68,68,68,68,68,57,57,54,50,50,16,56,39,28,22,22],"gold":235,"neow_bonus":"THREE_ENEMY_KILL","is_daily":false,"chose_seed":false,"campfire_upgraded":3,"win_rate":0.0,"timestamp":1608386566,"path_taken":["M","?","$","?","M","E","R","?","T","?","E","R","M","M","R","BOSS","M","M","M"],"items_purchased_type":["Card"],"build_version":"2020-12-13","purchased_purges":1,"victory":false,"max_hp_per_floor":[75,75,75,75,75,75,75,75,75,69,69,69,69,69,69,69,69,69,69,69,69],"card_choices":[{"not_picked":["Streamline","Reinforced Body"],"picked":"Conserve Battery","floor":1.0},{"not_picked":["Consume","Stack"],"picked":"Steam","floor":5.0},{"not_picked":["Cold Snap","Sweeping Beam"],"picked":"Compile Driver","floor":6.0},{"not_picked":["Undo","Cold Snap"],"picked":"Ball Lightning","floor":11.0},{"not_picked":["Redo","Compile Driver","Steam Power"],"picked":"SKIP","floor":13.0},{"not_picked":["Leap","Stack","Steam"],"picked":"SKIP","floor":14.0},{"not_picked":["Meteor Strike","Thunder Strike"],"picked":"Core Surge","floor":16.0},{"not_picked":["Loop","Go for the Eyes"],"picked":"Chill","floor":18.0},{"not_picked":["Gash","Streamline"],"picked":"BootSequence","floor":19.0}],"player_experience":330666,"relics_obtained":[{"floor":6.0,"key":"Symbiotic Virus"},{"floor":9.0,"key":"Smiling Mask"},{"floor":11.0,"key":"Shuriken"}],"event_choices":[{"damage_healed":0.0,"max_hp_gain":0.0,"max_hp_loss":0.0,"gold_gain":0.0,"cards_transformed":["Strike_B"],"event_name":"Living Wall","player_choice":"Change","floor":2.0,"gold_loss":0.0,"damage_taken":0.0,"cards_obtained":["Creative AI"]},{"damage_healed":0.0,"max_hp_gain":0.0,"max_hp_loss":0.0,"gold_gain":0.0,"event_name":"Liars Game","player_choice":"Ignored","floor":4.0,"gold_loss":0.0,"damage_taken":0.0},{"damage_healed":0.0,"max_hp_gain":0.0,"max_hp_loss":6.0,"gold_gain":0.0,"event_name":"Golden Idol","player_choice":"Lose Max HP","floor":10.0,"gold_loss":0.0,"damage_taken":0.0,"relics_obtained":["Golden Idol"]}],"is_beta":false,"boss_relics":[{"not_picked":["SacredBark","Empty Cage"],"picked":"Sozu"}],"items_purged_floors":[3],"is_endless":false,"potions_floor_spawned":[6,14,16,19],"killed_by":"Shelled Parasite and Fungi","ascension_level":10}}