{"host":"sabve5zmqufxyc5o","time":1608356822,"event":{"mods":["2.2 Compatiblity","AchievementEnabler","Act Like it!","BaseMod","Block Reminder","Colored Map","Colored Powertips","DeckTracker","KOR Keyword Fix","Keyboard Shortcuts","Minty Spire (QoL Compilation)","Quick Restart","Rare Cards Sparkle","Relic Stats","StSLib","SuperFastMode"],"gold_per_floor":[111,128,0,11,24,24,53,53,53,53,84,96,96,121,121,215,215,230,5,5,25,48,48,71,111,111,111,111],"floor_reached":27,"playtime":536,"items_purged":[],"score":590,"play_id":"a8eb0494-2767-428a-be89-22e88f4b6d21","local_time":"20201219144702","is_ascension_mode":true,"campfire_choices":[{"data":"Coolheaded","floor":6.0,"key":"SMITH"},{"data":"Capacitor","floor":8.0,"key":"SMITH"},{"data":"Aggregate","floor":10.0,"key":"SMITH"},{"floor":15.0,"key":"REST"},{"floor":23.0,"key":"REST"}],"circlet_count":0,"master_deck":["AscendersBane","Strike_B+1","Strike_B","Strike_B","Defend_B","Defend_B","Defend_B","Defend_B","Zap","Dualcast","Undo","Coolheaded+1","Aggregate+1","Ball Lightning","Rebound","Sweeping Beam","Capacitor+1","Self Repair+1","Barrage","BootSequence","Reboot","Beam Cell","Streamline","Loop+1","Heatsinks+1","Stack","Compile Driver+1","Hologram","Normality"],"relics":["Cracked Core","Mercury Hourglass","Frozen Egg 2","Pantograph","Golden Idol","Cursed Key","Dream Catcher","Whetstone","Sundial"],"acts_visited":["Exordium","TheCity"],"potions_floor_usage":[25,25],"damage_taken":[{"damage":1.0,"enemies":"Cultist","floor":1.0,"turns":3.0},{"damage":6.0,"enemies":"Jaw Worm","floor":2.0,"turns":6.0},{"damage":0.0,"enemies":"Small Slimes","floor":4.0,"turns":2.0},{"damage":5.0,"enemies":"Gremlin Gang","floor":5.0,"turns":4.0},{"damage":8.0,"enemies":"Gremlin Nob","floor":7.0,"turns":3.0},{"damage":14.0,"enemies":"3 Sentries","floor":11.0,"turns":4.0},{"damage":18.0,"enemies":"Large Slime","floor":12.0,"turns":4.0},{"damage":0.0,"enemies":"Blue Slaver","floor":14.0,"turns":2.0},{"damage":26.0,"enemies":"The Guardian","floor":16.0,"turns":13.0},{"damage":17.0,"enemies":"3 Byrds","floor":18.0,"turns":4.0},{"damage":25.0,"enemies":"Chosen","floor":21.0,"turns":4.0},{"damage":8.0,"enemies":"Centurion and Healer","floor":22.0,"turns":8.0},{"damage":27.0,"enemies":"Snecko","floor":24.0,"turns":5.0},{"damage":34,"enemies":"Book of Stabbing","floor":25,"turns":5},{"damage":19,"enemies":"Snake Plant","floor":27,"turns":3}],"seed_played":"5130693665243442207","potions_obtained":[{"floor":5.0,"key":"BlessingOfTheForge"},{"floor":7.0,"key":"Explosive Potion"},{"floor":11.0,"key":"SneckoOil"},{"floor":12.0,"key":"Block Potion"},{"floor":14.0,"key":"Swift Potion"},{"floor":21.0,"key":"Dexterity Potion"},{"floor":24.0,"key":"LiquidMemories"}],"is_trial":false,"path_per_floor":["M","M","$","M","M","R","E","R","T","R","E","M","?","M","R","B",null,"M","$","?","M","M","R","M","E","T","M"],"character_chosen":"DEFECT","items_purchased":["Aggregate","Ball Lightning","Dream Catcher","Streamline"],"campfire_rested":2,"item_purchase_floors":[3,3,19,19],"current_hp_per_floor":[70,64,64,64,59,59,51,51,51,51,37,29,29,29,50,55,67,60,60,60,45,47,68,51,17,17,0,0],"gold":111,"neow_bonus":"TEN_PERCENT_HP_BONUS","is_daily":false,"chose_seed":false,"campfire_upgraded":3,"win_rate":0.0,"timestamp":1608356822,"path_taken":["M","M","$","M","M","R","E","R","T","R","E","?","?","M","R","BOSS","M","$","?","M","M","R","M","E","T","M"],"items_purchased_type":["Card","Card","Relic","Card"],"build_version":"2020-12-13","purchased_purges":0,"victory":false,"max_hp_per_floor":[78,78,78,78,78,78,78,78,78,78,78,78,71,71,71,71,71,71,71,71,71,71,71,71,71,71,71,71],"relic_stats":{"Dream Catcher":1,"counters":[15,69],"Golden Idol":49,"Sundial":[0],"Pantograph":21,"Whetstone":["Strike_B","Compile Driver"],"Cursed Key":1,"obtain_stats":[{"Dream Catcher":19,"Golden Idol":13,"Sundial":26,"Pantograph":11,"Whetstone":25,"Frozen Egg 2":9,"Cracked Core":0,"Cursed Key":17,"Mercury Hourglass":7},{"Dream Catcher":10,"Golden Idol":7,"Sundial":14,"Pantograph":6,"Whetstone":14,"Frozen Egg 2":5,"Cracked Core":0,"Cursed Key":9,"Mercury Hourglass":5},{"Dream Catcher":45,"Golden Idol":26,"Sundial":66,"Pantograph":22,"Whetstone":66,"Frozen Egg 2":18,"Cracked Core":0,"Cursed Key":41,"Mercury Hourglass":18}],"Mercury Hourglass":[204]},"card_choices":[{"not_picked":["Barrage","Double Energy"],"picked":"Undo","floor":1.0},{"not_picked":["Consume","Steam"],"picked":"Coolheaded","floor":2.0},{"not_picked":["Doom and Gloom","Turbo"],"picked":"Rebound","floor":4.0},{"not_picked":["Steam Power","Double Energy"],"picked":"Sweeping Beam","floor":5.0},{"not_picked":["Conserve Battery","Sunder"],"picked":"Capacitor","floor":7.0},{"not_picked":["Barrage","Biased Cognition+1"],"picked":"Self Repair+1","floor":11.0},{"not_picked":["Skim","Heatsinks+1"],"picked":"Barrage","floor":12.0},{"not_picked":["Beam Cell","Rebound"],"picked":"BootSequence","floor":14.0},{"not_picked":["Biased Cognition+1","Creative AI+1"],"picked":"Reboot","floor":16.0},{"not_picked":["Steam+1","Conserve Battery"],"picked":"Beam Cell","floor":18.0},{"not_picked":["Redo","Go for the Eyes+1"],"picked":"Loop+1","floor":21.0},{"not_picked":["BootSequence","Consume"],"picked":"Heatsinks+1","floor":22.0},{"not_picked":["Cold Snap","Amplify"],"picked":"Stack","floor":23.0},{"not_picked":["Sweeping Beam+1","Rebound"],"picked":"Compile Driver","floor":24.0},{"not_picked":["Beam Cell","Turbo"],"picked":"Hologram","floor":25}],"player_experience":789363,"relics_obtained":[{"floor":7.0,"key":"Mercury Hourglass"},{"floor":9.0,"key":"Frozen Egg 2"},{"floor":11.0,"key":"Pantograph"},{"floor":25,"key":"Whetstone"},{"floor":26,"key":"Sundial"}],"event_choices":[{"damage_healed":0.0,"max_hp_gain":0.0,"max_hp_loss":7.0,"gold_gain":0.0,"event_name":"Golden Idol","player_choice":"Lose Max HP","floor":13.0,"gold_loss":0.0,"damage_taken":0.0,"relics_obtained":["Golden Idol"]},{"cards_removed":["Strike_B"],"damage_healed":0.0,"max_hp_gain":0.0,"max_hp_loss":0.0,"gold_gain":0.0,"event_name":"Bonfire Elementals","player_choice":"Offered Basic","floor":20.0,"gold_loss":0.0,"damage_taken":0.0}],"is_beta":false,"boss_relics":[{"not_picked":["Snecko Eye","Black Star"],"picked":"Cursed Key"}],"items_purged_floors":[],"is_endless":false,"potions_floor_spawned":[5,7,11,12,14,21,24],"killed_by":"Snake Plant","ascension_level":20}}