{"host":"zr590xw2unlz0wv7","time":1608346182,"event":{"mods":["BaseMod","Minty Spire (QoL Compilation)","READ ME - Guardian Mod","StSLib"],"gold_per_floor":[116,116,133,151,151,6,33,48,48,48,48],"floor_reached":10,"playtime":297,"items_purged":[],"score":85,"play_id":"e32018dd-5c7c-4a0c-bb6e-f88c8d674f31","local_time":"20201219104942","is_ascension_mode":true,"campfire_choices":[],"circlet_count":0,"master_deck":["Strike_B","Strike_B+1","Strike_B","Strike_B","Defend_B","Defend_B","Defend_B","Defend_B","Zap+1","Dualcast","Conserve Battery","White Noise","Chaos+1","Fusion","Doom and Gloom","Hologram","Turbo"],"relics":["Cracked Core","NeowsBlessing","Incense Burner","Lizard Tail"],"acts_visited":["Exordium"],"potions_floor_usage":[10],"damage_taken":[{"damage":0,"enemies":"Small Slimes","floor":1,"turns":1},{"damage":0,"enemies":"Jaw Worm","floor":3,"turns":1},{"damage":0,"enemies":"Cultist","floor":4,"turns":1},{"damage":30,"enemies":"Lagavulin","floor":7,"turns":6},{"damage":5,"enemies":"Blue Slaver","floor":8,"turns":4},{"damage":10,"enemies":"Gremlin Nob","floor":10,"turns":4}],"seed_played":"-5075931036749003522","potions_obtained":[{"floor":3,"key":"FocusPotion"}],"is_trial":false,"path_per_floor":["M","?","M","M","?","$","E","M","T","E"],"character_chosen":"DEFECT","items_purchased":["Fusion","Doom and Gloom"],"campfire_rested":0,"item_purchase_floors":[6,6],"current_hp_per_floor":[75,60,60,60,60,60,30,25,25,15,15],"gold":48,"neow_bonus":"THREE_ENEMY_KILL","is_daily":false,"chose_seed":false,"campfire_upgraded":0,"win_rate":0.0,"timestamp":1608346182,"path_taken":["M","?","M","M","?","$","E","M","T","E"],"items_purchased_type":["Card","Card"],"build_version":"2020-12-13","purchased_purges":0,"victory":false,"max_hp_per_floor":[75,75,75,75,75,75,75,75,75,75,75],"card_choices":[{"not_picked":["Beam Cell","Stack"],"picked":"Conserve Battery","floor":1},{"not_picked":["Barrage","Skim"],"picked":"White Noise","floor":3},{"not_picked":["Beam Cell","Ball Lightning"],"picked":"Chaos","floor":4},{"not_picked":["Cold Snap","Steam"],"picked":"Hologram","floor":7},{"not_picked":["Reprogram","Reboot"],"picked":"Turbo","floor":8}],"player_experience":499194,"relics_obtained":[{"floor":7,"key":"Incense Burner"},{"floor":9,"key":"Lizard Tail"}],"event_choices":[{"damage_healed":0,"gold_gain":0,"player_choice":"Entered Light","damage_taken":15,"max_hp_gain":0,"max_hp_loss":0,"event_name":"Shining Light","floor":2,"gold_loss":0,"cards_upgraded":["Strike_B","Zap"]},{"damage_healed":0,"gold_gain":0,"player_choice":"Grow","damage_taken":0,"max_hp_gain":0,"max_hp_loss":0,"event_name":"Living Wall","floor":5,"gold_loss":0,"cards_upgraded":["Chaos"]}],"is_beta":false,"boss_relics":[],"items_purged_floors":[],"is_endless":false,"potions_floor_spawned":[3],"killed_by":"Gremlin Nob","ascension_level":5}}