{"host":"kerxro2ytzukjey9","time":1608357914,"event":{"mods":["BaseMod","Colored Map","Downfall","Minty Spire (QoL Compilation)","Permanent Neow","StSLib"],"gold_per_floor":[0,26,26,26,43,72,97,547,567,594,611,133,147,175,189,288,288,138,223,252,269,269,298,298,298,298,327,327,342,32,52,72,170,170,170,170,220,145,179,179,179,211,229,259,278,291,342,354,372,372,372,399,72,72,72],"floor_reached":56,"playtime":4802,"items_purged":["Slimebound:Icky","champ:Defend","champ:Defend"],"score":1596,"play_id":"25e1df15-a126-4d0a-a540-3f05f743a0c3","local_time":"20201219010514","is_ascension_mode":true,"campfire_choices":[{"data":"champ:Taunt","floor":1,"key":"SMITH"},{"data":"champ:VampiricStrike","floor":3,"key":"SMITH"},{"data":"champ:BerserkerStyle","floor":18,"key":"SMITH"},{"floor":35,"key":"RECALL"},{"data":"champ:IgnorePain","floor":38,"key":"SMITH"},{"data":"champ:AdrenalArmor","floor":40,"key":"SMITH"},{"data":"champ:Encircle","floor":54,"key":"SMITH"}],"circlet_count":0,"master_deck":["champ:Strike","champ:Strike","champ:Strike","champ:Defend","champ:Execute","champ:Taunt+1","champ:SwordThrow","champ:RecklessLeap","champ:VampiricStrike+1","champ:AdrenalArmor+1","Slimebound:Icky","Slimebound:Icky","champ:Backstep","champ:Encircle+1","champ:BerserkersShout","champ:IgnorePain+1","champ:BerserkerStyle+1","champ:RapidStrikes","champ:VampiricStrike","champ:HeartStrike+1","RitualDagger","Dark Shackles","champ:AdrenalArmor","Necronomicurse","champ:BringItOn","champ:ShieldWall+1","champ:Encircle","champ:Improvising","champ:IgnorePain","champ:BerserkersShout+1","champ:AdrenalArmor+1","champ:RecklessLeap+1","champ:RecklessLeap","champ:Backstep+1","champ:DeathBlow","champ:RapidStrikes","champ:Encircle+1","champ:EndlessRage"],"relics":["champ:ChampionCrown","Juzu Bracelet","downfall:ShatteredFragment","HornCleat","Guardian:PocketSentry","Question Card","Odd Mushroom","Snecko Eye","downfall:HeartBlessingGreen","downfall:HeartBlessingBlue","Singing Bowl","Bag of Marbles","Shuriken","Bottled Flame","Matryoshka","Necronomicon","TungstenRod","Sozu","Gambling Chip","downfall:HeartBlessingRed","Sundial","Kunai","Bottled Tornado","InkBottle","Incense Burner","Membership Card","StrikeDummy","Pen Nib","Centennial Puzzle","HandDrill"],"acts_visited":["Exordium","TheCity","TheBeyond","TheEnding"],"potions_floor_usage":[6,55,55],"damage_taken":[{"damage":36,"enemies":"Lagavulin","floor":2,"turns":5},{"damage":4,"enemies":"Jaw Worm","floor":5,"turns":3},{"damage":25,"enemies":"Gremlin Nob","floor":6,"turns":2},{"damage":6,"enemies":"2 Louse","floor":9,"turns":2},{"damage":42,"enemies":"3 Sentries","floor":10,"turns":7},{"damage":7,"enemies":"Small Slimes","floor":11,"turns":3},{"damage":34,"enemies":"downfall:FleeingMerchant","floor":12,"turns":4},{"damage":54,"enemies":"Exordium Thugs","floor":13,"turns":9},{"damage":15,"enemies":"The Mushroom Lair","floor":14,"turns":3},{"damage":21,"enemies":"3 Louse","floor":15,"turns":2},{"damage":49,"enemies":"downfall:Watcher","floor":16,"turns":7},{"damage":24,"enemies":"Slavers","floor":20,"turns":4},{"damage":44,"enemies":"Shell Parasite","floor":21,"turns":3},{"damage":50,"enemies":"Gremlin Leader","floor":23,"turns":7},{"damage":33,"enemies":"Book of Stabbing","floor":27,"turns":3},{"damage":19,"enemies":"Snake Plant","floor":29,"turns":6},{"damage":65,"enemies":"downfall:FleeingMerchant","floor":30,"turns":4},{"damage":22,"enemies":"Sentry and Sphere","floor":31,"turns":3},{"damage":18,"enemies":"Chosen and Byrds","floor":32,"turns":3},{"damage":34,"enemies":"downfall:Defect","floor":33,"turns":8},{"damage":28,"enemies":"Mind Bloom Boss Battle","floor":37,"turns":5},{"damage":14,"enemies":"Giant Head","floor":39,"turns":4},{"damage":27,"enemies":"Reptomancer","floor":42,"turns":5},{"damage":28,"enemies":"3 Shapes","floor":43,"turns":2},{"damage":43,"enemies":"Nemesis","floor":44,"turns":3},{"damage":29,"enemies":"Orb Walker","floor":45,"turns":3},{"damage":54,"enemies":"3 Darklings","floor":46,"turns":2},{"damage":12,"enemies":"downfall:FleeingMerchant","floor":47,"turns":4},{"damage":43,"enemies":"Writhing Mass","floor":48,"turns":4},{"damage":16,"enemies":"Sphere and 2 Shapes","floor":49,"turns":4},{"damage":32,"enemies":"downfall:Silent","floor":50,"turns":5},{"damage":57,"enemies":"downfall:CharBossMerchant","floor":52,"turns":3},{"damage":117,"enemies":"downfall:NeowBoss","floor":55,"turns":10}],"seed_played":"-8963016522171426908","potions_obtained":[{"floor":2,"key":"FearPotion"},{"floor":5,"key":"Strength Potion"},{"floor":9,"key":"DistilledChaos"},{"floor":13,"key":"DistilledChaos"},{"floor":20,"key":"Block Potion"}],"is_trial":false,"path_per_floor":["R","E","R","?","M","E","T","?","M","E","M","$","M","?","M","B",null,"R","?","E","M","?","E","T","T","?","E","?","M","$","M","M","B",null,"R","?","?","R","E","R","T","E","M","E","M","M","$","M","M","B",null,"E","$","R","B",null],"character_chosen":"THE_CHAMP","items_purchased":["Question Card","champ:IgnorePain","TungstenRod","Membership Card","champ:DeathBlow","champ:RapidStrikes","Pen Nib","Centennial Puzzle","HandDrill","champ:EndlessRage"],"campfire_rested":0,"item_purchase_floors":[12,12,30,47,47,47,53,53,53,53],"current_hp_per_floor":[90,74,74,47,61,90,90,90,90,90,90,90,95,95,95,95,95,105,87,105,107,101,109,109,109,109,109,93,109,109,109,109,109,109,109,109,109,109,109,109,109,111,111,113,113,113,115,115,117,117,117,119,119,119,119],"gold":72,"neow_bonus":"TRANSFORM_TWO_CARDS","is_daily":false,"chose_seed":false,"campfire_upgraded":6,"win_rate":0.0,"timestamp":1608357914,"path_taken":["R","E","R","?","M","E","T","?","M","E","M","$","M","?","M","BOSS","R","?","E","M","?","E","T","?","?","E","?","M","$","M","M","BOSS","R","?","?","R","E","R","T","E","M","E","M","M","$","M","M","BOSS","E","$","R","BOSS"],"items_purchased_type":["Relic","Card","Relic","Relic","Card","Card","Relic","Relic","Relic","Card"],"build_version":"2020-12-13","purchased_purges":3,"victory":true,"max_hp_per_floor":[90,90,90,90,90,90,90,90,90,90,90,90,95,95,95,95,95,105,105,105,107,107,109,109,109,109,109,109,109,109,109,109,109,109,109,109,109,109,109,109,109,111,111,113,113,113,115,115,117,117,117,119,119,119,119],"card_choices":[{"not_picked":["champ:AdrenalArmor","champ:FalseCounter"],"picked":"champ:VampiricStrike","floor":2},{"not_picked":["champ:FocusedGladiator","champ:TornadoPunch"],"picked":"champ:AdrenalArmor","floor":5},{"not_picked":["champ:GladiatorStyle","champ:DefensiveStyle","champ:PerfectedStrike"],"picked":"SKIP","floor":6},{"not_picked":["champ:PerfectedStrike","champ:Encircle"],"picked":"champ:FightOn","floor":9},{"not_picked":["champ:SkillfulDodge","champ:CheapShot"],"picked":"champ:Backstep","floor":10},{"not_picked":["champ:BringItOn","champ:DeathBlow"],"picked":"champ:Encircle","floor":11},{"not_picked":["champ:PerfectedStrike","champ:CrookedStrike"],"picked":"champ:BerserkersShout","floor":12},{"not_picked":["champ:Control","champ:Circumvent","champ:EnGarde"],"picked":"champ:BerserkerStyle","floor":13},{"not_picked":["champ:StanceDance","champ:BringItOn","champ:Aggression"],"picked":"champ:RapidStrikes","floor":14},{"not_picked":["champ:Balance","champ:CrookedStrike","champ:GladiatorStyle","champ:CalledShot"],"picked":"SKIP","floor":15},{"not_picked":["champ:DancingMaster","champ:SteelEdge","champ:PerfectForm"],"picked":"champ:VampiricStrike","floor":16},{"not_picked":["champ:Haymaker","champ:ShieldSlam","champ:FocusedBerserking+1"],"picked":"champ:HeartStrike+1","floor":20},{"not_picked":["champ:StanceDance","champ:GladiatorsShout","champ:DefensiveShout","champ:FlashCut"],"picked":"Singing Bowl","floor":21},{"not_picked":["champ:BladeFlurry+1","champ:GladiatorStyle+1","champ:DancingMaster","champ:FocusedDefense"],"picked":"Singing Bowl","floor":23},{"not_picked":["champ:BerserkerStyle","champ:BerserkersShout","champ:Duel"],"picked":"champ:AdrenalArmor","floor":27},{"not_picked":["champ:BerserkersShout+1","champ:Riposte","champ:ArenaPreparation"],"picked":"champ:BringItOn","floor":29},{"not_picked":["champ:CrookedStrike","champ:DefensiveStyle","champ:BerserkerStyle"],"picked":"champ:ShieldWall+1","floor":30},{"not_picked":["champ:GutPunch","champ:CrookedStrike","champ:DefensiveStyle"],"picked":"champ:Encircle","floor":31},{"not_picked":["champ:Encircle","champ:Circumvent","champ:FlashCut"],"picked":"champ:Improvising","floor":32},{"not_picked":["champ:Improvising","champ:ShieldSlam","champ:CheapShot"],"picked":"champ:IgnorePain","floor":33},{"not_picked":["champ:FightOn","champ:BringItOn","champ:DefensiveShout+1"],"picked":"champ:BerserkersShout+1","floor":37},{"not_picked":["champ:HeartStrike","champ:FaceSlap+1","champ:ShieldWall"],"picked":"champ:AdrenalArmor+1","floor":39},{"not_picked":["champ:CrookedStrike","champ:GladiatorStyle","champ:TornadoPunch+1","champ:PerfectedStrike"],"picked":"Singing Bowl","floor":42},{"not_picked":["champ:VampiricStrike","champ:EnGarde","champ:BringItOn+1"],"picked":"champ:RecklessLeap+1","floor":43},{"not_picked":["champ:FocusedDefense+1","champ:DefensiveShout+1","champ:RisingSlash+1","champ:BringItOn+1"],"picked":"Singing Bowl","floor":44},{"not_picked":["champ:Haymaker+1","champ:TornadoPunch+1","champ:CalledShot+1"],"picked":"champ:RecklessLeap","floor":45},{"not_picked":["champ:FanOfKnives+1","champ:CrookedStrike+1","champ:PerfectedStrike"],"picked":"champ:Backstep+1","floor":46},{"not_picked":["champ:Circumvent+1","champ:BladeFlurry","champ:GladiatorsShout+1","champ:BringItOn"],"picked":"Singing Bowl","floor":47},{"not_picked":["champ:FanOfKnives","champ:GladiatorStyle","champ:Haymaker+1"],"picked":"champ:Encircle+1","floor":48},{"not_picked":["champ:CrownThrow","champ:ViciousMockery","champ:ArenaPreparation+1","champ:Haymaker"],"picked":"Singing Bowl","floor":49},{"not_picked":["champ:PerfectedStrike+1","champ:IronFortress","champ:CrookedStrike","champ:FalseCounter+1"],"picked":"Singing Bowl","floor":52}],"player_experience":741176,"relics_obtained":[{"floor":2,"key":"Juzu Bracelet"},{"floor":6,"key":"HornCleat"},{"floor":10,"key":"Guardian:PocketSentry"},{"floor":14,"key":"Odd Mushroom"},{"floor":20,"key":"Singing Bowl"},{"floor":23,"key":"Bag of Marbles"},{"floor":24,"key":"Shuriken"},{"floor":25,"key":"Bottled Flame"},{"floor":27,"key":"Matryoshka"},{"floor":28,"key":"Necronomicon"},{"floor":37,"key":"Gambling Chip"},{"floor":39,"key":"Sundial"},{"floor":41,"key":"Kunai"},{"floor":41,"key":"Bottled Tornado"},{"floor":42,"key":"InkBottle"},{"floor":44,"key":"Incense Burner"},{"floor":52,"key":"StrikeDummy"}],"event_choices":[{"damage_healed":0,"gold_gain":0,"player_choice":"Fought Mushrooms","damage_taken":0,"max_hp_gain":0,"max_hp_loss":0,"event_name":"Mushrooms","floor":14,"gold_loss":0}],"is_beta":false,"boss_relics":[{"not_picked":["SacredBark","Astrolabe"],"picked":"Snecko Eye"},{"not_picked":["Cursed Key","Empty Cage"],"picked":"Sozu"}],"items_purged_floors":[12,47,53],"is_endless":false,"potions_floor_spawned":[2,5,9,13,15,20,27,32,33,37,39,44,45,52],"ascension_level":1}}