{"host":"61r95uy0hn86b9iu","time":1608354335,"event":{"mods":["AchievementEnabler","BaseMod","Better Vampires","BetterRewards","Colored Powertips","Hubris","Minty Spire (QoL Compilation)","Shop Mod","StSLib"],"gold_per_floor":[118,193,210,55,55,88,100,112,112],"floor_reached":8,"playtime":324,"items_purged":["Strike_G"],"score":150,"play_id":"dbbe6bbc-537a-4424-b726-79da7259dc1d","local_time":"20201218230535","is_ascension_mode":true,"campfire_choices":[{"floor":7.0,"key":"REST"}],"circlet_count":0,"master_deck":["AscendersBane","Strike_G","Strike_G","Strike_G","Strike_G","Defend_G","Defend_G","Defend_G","Defend_G","Defend_G","Survivor","Neutralize","Dagger Throw","Heel Hook","Footwork","Heel Hook"],"relics":["Ring of the Snake","NeowsBlessing","MawBank"],"acts_visited":["Exordium"],"potions_floor_usage":[8,8],"damage_taken":[{"damage":0.0,"enemies":"Jaw Worm","floor":1.0,"turns":1.0},{"damage":0.0,"enemies":"Cultist","floor":3.0,"turns":1.0},{"damage":0.0,"enemies":"3 Sentries","floor":6.0,"turns":1.0},{"damage":66,"enemies":"Lagavulin","floor":8,"turns":11}],"seed_played":"5001317068369238175","potions_obtained":[{"floor":3.0,"key":"EssenceOfSteel"},{"floor":5.0,"key":"Block Potion"}],"is_trial":false,"path_per_floor":["M","?","M","$","?","E","R","E"],"character_chosen":"THE_SILENT","items_purchased":["Footwork"],"campfire_rested":1,"item_purchase_floors":[4],"current_hp_per_floor":[59,48,48,48,48,48,66,0,0],"gold":112,"neow_bonus":"THREE_ENEMY_KILL","is_daily":false,"chose_seed":false,"campfire_upgraded":0,"win_rate":0.0,"timestamp":1608354335,"path_taken":["M","?","M","$","?","E","R","E"],"items_purchased_type":["Card"],"build_version":"2020-12-13","purchased_purges":1,"victory":false,"max_hp_per_floor":[66,66,66,66,66,66,66,66,66],"card_choices":[{"not_picked":["Acrobatics","Flying Knee"],"picked":"Dagger Throw","floor":1.0},{"not_picked":["PiercingWail","Tactician"],"picked":"Heel Hook","floor":3.0},{"not_picked":["Dodge and Roll","Endless Agony"],"picked":"Heel Hook","floor":6.0}],"player_experience":3167888,"relics_obtained":[{"floor":6.0,"key":"MawBank"}],"event_choices":[{"damage_healed":0.0,"max_hp_gain":0.0,"max_hp_loss":0.0,"gold_gain":75.0,"event_name":"World of Goop","player_choice":"Gather Gold","floor":2.0,"gold_loss":0.0,"damage_taken":11.0},{"damage_healed":0.0,"max_hp_gain":0.0,"max_hp_loss":0.0,"gold_gain":0.0,"event_name":"Lab","player_choice":"Got Potions","floor":5.0,"gold_loss":0.0,"damage_taken":0.0}],"is_beta":false,"boss_relics":[],"items_purged_floors":[4],"is_endless":false,"potions_floor_spawned":[3,6],"killed_by":"Lagavulin","ascension_level":18}}