{"host":"plbsiuh3vwan8ocg","time":1608360958,"event":{"mods":["AchievementEnabler","BaseMod","Minty Spire (QoL Compilation)","Permanent Neow","Quick Restart","StSLib"],"gold_per_floor":[110,110,110,124,135,135,169,183,183,198,198,18,18,49,49,128,128,138,138,138,158,15,15,43,43,91,91,91,101,53,53,53],"floor_reached":31,"playtime":1853,"items_purged":[],"score":457,"play_id":"b25b55d4-b1c4-4520-a863-d4fb8af6e1cd","local_time":"20201219015558","is_ascension_mode":true,"campfire_choices":[{"floor":6.0,"key":"REST"},{"data":"Self Repair","floor":11.0,"key":"SMITH"},{"data":"Loop","floor":13.0,"key":"SMITH"},{"data":"Creative AI","floor":15.0,"key":"SMITH"},{"floor":23,"key":"REST"},{"floor":25,"key":"REST"},{"floor":28,"key":"REST"}],"circlet_count":0,"master_deck":["AscendersBane","Strike_B","Strike_B","Strike_B","Strike_B","Defend_B","Defend_B","Defend_B","Defend_B","Zap","Dualcast","Electrodynamics","Redo","Self Repair+1","Turbo","Coolheaded","Loop+1","Hologram","Lockon","Creative AI+1","Multi-Cast","CurseOfTheBell","Tempest+1","Redo+1","Loop","Shame","Steam+1"],"relics":["Cracked Core","Centennial Puzzle","Sundial","Happy Flower","Medical Kit","Turnip","Calling Bell","Lantern","Toxic Egg 2","CaptainsWheel","Strange Spoon","Mummified Hand","Vajra","Frozen Egg 2"],"acts_visited":["Exordium","TheCity"],"potions_floor_usage":[21,31],"damage_taken":[{"damage":9.0,"enemies":"Jaw Worm","floor":1.0,"turns":3.0},{"damage":1.0,"enemies":"Cultist","floor":4.0,"turns":3.0},{"damage":0.0,"enemies":"Small Slimes","floor":5.0,"turns":3.0},{"damage":3.0,"enemies":"3 Sentries","floor":7.0,"turns":2.0},{"damage":1.0,"enemies":"Looter","floor":8.0,"turns":4.0},{"damage":5.0,"enemies":"Exordium Wildlife","floor":10.0,"turns":2.0},{"damage":8.0,"enemies":"Gremlin Nob","floor":14.0,"turns":3.0},{"damage":2.0,"enemies":"Slime Boss","floor":16.0,"turns":7.0},{"damage":50.0,"enemies":"3 Byrds","floor":18.0,"turns":5.0},{"damage":21,"enemies":"Shell Parasite","floor":21,"turns":5},{"damage":30,"enemies":"Slavers","floor":24,"turns":3},{"damage":33,"enemies":"Cultist and Chosen","floor":29,"turns":6},{"damage":20,"enemies":"Book of Stabbing","floor":31,"turns":4}],"seed_played":"-4986303882673479421","potions_obtained":[{"floor":3.0,"key":"Dexterity Potion"},{"floor":3.0,"key":"PotionOfCapacity"},{"floor":4.0,"key":"EntropicBrew"},{"floor":7.0,"key":"Block Potion"},{"floor":10.0,"key":"BlessingOfTheForge"},{"floor":14.0,"key":"BlessingOfTheForge"},{"floor":18.0,"key":"PowerPotion"},{"floor":29,"key":"SteroidPotion"}],"is_trial":false,"path_per_floor":["M","?","?","M","M","R","E","M","T","M","R","$","R","E","R","B",null,"M","?","?","M","$","R","E","R","T","?","R","M","$","E"],"character_chosen":"DEFECT","items_purchased":["Medical Kit","Lockon","Strange Spoon","PowerPotion"],"campfire_rested":4,"item_purchase_floors":[12,12,22,30],"current_hp_per_floor":[55,20,20,19,26,45,49,55,55,57,57,57,57,59,59,64,64,24,24,24,13,13,32,2,21,21,21,40,17,17,0,0],"gold":53,"neow_bonus":"THREE_RARE_CARDS","is_daily":false,"chose_seed":false,"campfire_upgraded":3,"win_rate":0.0,"timestamp":1608360958,"path_taken":["M","?","?","M","?","R","E","M","T","?","R","$","R","E","R","BOSS","M","?","?","M","?","R","E","R","T","?","R","M","$","E"],"items_purchased_type":["Relic","Card","Relic","Potion"],"build_version":"2020-12-13","purchased_purges":0,"victory":false,"max_hp_per_floor":[64,64,64,64,64,64,64,64,64,64,64,64,64,64,64,64,64,64,64,64,64,64,64,64,64,64,64,64,64,64,64,64],"card_choices":[{"not_picked":["Rainbow","All For One"],"picked":"Electrodynamics","floor":0.0},{"not_picked":["Turbo","Leap"],"picked":"Redo","floor":1.0},{"not_picked":["Beam Cell","Sweeping Beam"],"picked":"Self Repair","floor":4.0},{"not_picked":["Steam","Compile Driver"],"picked":"Turbo","floor":5.0},{"not_picked":["Rainbow","Sweeping Beam"],"picked":"Coolheaded","floor":7.0},{"not_picked":["Leap","Go for the Eyes"],"picked":"Loop","floor":8.0},{"not_picked":["Multi-Cast","Blizzard"],"picked":"Hologram","floor":10.0},{"not_picked":["Leap","Go for the Eyes"],"picked":"Creative AI","floor":14.0},{"not_picked":["Meteor Strike","Reboot"],"picked":"Multi-Cast","floor":16.0},{"not_picked":["Capacitor","Stack+1"],"picked":"Tempest+1","floor":18.0},{"not_picked":["Heatsinks+1","Ball Lightning"],"picked":"Redo+1","floor":21},{"not_picked":["Go for the Eyes","Chill+1"],"picked":"Loop","floor":24},{"not_picked":["Rebound","Hologram+1"],"picked":"Steam+1","floor":29}],"player_experience":403396,"relics_obtained":[{"floor":7.0,"key":"Sundial"},{"floor":9.0,"key":"Happy Flower"},{"floor":14.0,"key":"Turnip"},{"floor":17.0,"key":"Lantern"},{"floor":17.0,"key":"Toxic Egg 2"},{"floor":17.0,"key":"CaptainsWheel"},{"floor":24,"key":"Mummified Hand"},{"floor":26,"key":"Vajra"}],"event_choices":[{"damage_healed":0.0,"max_hp_gain":0.0,"max_hp_loss":0.0,"gold_gain":0.0,"event_name":"Scrap Ooze","player_choice":"Success","floor":2.0,"gold_loss":0.0,"damage_taken":35.0,"relics_obtained":["Centennial Puzzle"]},{"damage_healed":0.0,"max_hp_gain":0.0,"max_hp_loss":0.0,"gold_gain":0.0,"event_name":"Lab","player_choice":"Got Potions","floor":3.0,"gold_loss":0.0,"damage_taken":0.0},{"damage_healed":0.0,"max_hp_gain":0.0,"max_hp_loss":0.0,"gold_gain":0.0,"event_name":"Beggar","player_choice":"Ignored","floor":19.0,"gold_loss":0.0,"damage_taken":0.0},{"damage_healed":0.0,"max_hp_gain":0.0,"max_hp_loss":0.0,"gold_gain":0.0,"event_name":"Ghosts","player_choice":"Ignored","floor":20.0,"gold_loss":0.0,"damage_taken":0.0},{"damage_healed":0,"gold_gain":0,"player_choice":"Stole Relic","damage_taken":0,"relics_obtained":["Frozen Egg 2"],"max_hp_gain":0,"max_hp_loss":0,"event_name":"Addict","floor":27,"gold_loss":0,"cards_obtained":["Shame"]}],"is_beta":false,"boss_relics":[{"not_picked":["Nuclear Battery","Busted Crown"],"picked":"Calling Bell"}],"items_purged_floors":[],"is_endless":false,"potions_floor_spawned":[4,7,10,14,18,29],"killed_by":"Book of Stabbing","ascension_level":15}}