{"host":"4amcrcg6ktw8dbzk","time":1608383011,"event":{"mods":["ATMod(°¢èªMod)","BaseMod","Dota2Spire","Minty Spire (QoL Compilation)","MostiFishMod","Spicy Shops","StSLib","Waifu the Spire"],"gold_per_floor":[109,128,45,57,77,77,113,113,160,174,189,229,58,96,96,186,186,205,219,238,261,274,274,314,329,353,365,410,441,491,528,540,643,655,655],"floor_reached":34,"playtime":1675,"items_purged":[],"score":1026,"play_id":"2531c272-48d5-43e2-98b5-c3210d062496","local_time":"20201219210331","is_ascension_mode":true,"campfire_choices":[{"data":"AT_ShrugMaster","floor":8.0,"key":"SMITH"},{"data":"Armaments","floor":15.0,"key":"SMITH"},{"data":"MostiFishMod:#F4004","floor":23.0,"key":"SMITH"},{"floor":27.0,"key":"REST"},{"data":"AT_EmpoweredMortalDraw","floor":32.0,"key":"SMITH"}],"circlet_count":0,"master_deck":["AscendersBane","Strike_R","Strike_R","Strike_R","Strike_R","Defend_R","Defend_R","Defend_R","Defend_R","Bash","AT_ChampionStep","AT_IchimonjiDouble","AT_DiedThrough","Evolve","AT_ShrugMaster+1","Armaments+1","Cleave","AT_CaressingTears","Seeing Red","True Grit","MostiFishMod:#F4004+1","AT_EmpoweredMortalDraw+1","Sword Boomerang","Whirlwind","AT_Dispersion+1","AT_IchimonjiDouble","Shockwave","Sentinel+1","AT_ShrugMaster+1","Power Through","AT_Dispersion+1"],"relics":["Burning Blood","DaveBox","AT_ATBox","EGODaCapo","Question Card","Golden Idol","Frozen Egg 2","Tiny Chest","AT_ChloranthyRing","Dota2Spire:BlackKingBar","ImportantClient","AT_MortalBlade","Gremlin Horn","MawBank","Red Skull","Champion Belt"],"acts_visited":["Exordium","TheCity"],"potions_floor_usage":[],"damage_taken":[{"damage":5.0,"enemies":"Cultist","floor":1.0,"turns":4.0},{"damage":5.0,"enemies":"Jaw Worm","floor":2.0,"turns":4.0},{"damage":4.0,"enemies":"Small Slimes","floor":4.0,"turns":3.0},{"damage":12.0,"enemies":"Looter","floor":5.0,"turns":4.0},{"damage":15.0,"enemies":"3 Sentries","floor":7.0,"turns":4.0},{"damage":13.0,"enemies":"Lots of Slimes","floor":10.0,"turns":5.0},{"damage":0.0,"enemies":"2 Fungi Beasts","floor":11.0,"turns":3.0},{"damage":29.0,"enemies":"Gremlin Nob","floor":12.0,"turns":4.0},{"damage":0.0,"enemies":"3 Sentries","floor":14.0,"turns":5.0},{"damage":22.0,"enemies":"Slime Boss","floor":16.0,"turns":8.0},{"damage":9.0,"enemies":"3 Byrds","floor":18.0,"turns":3.0},{"damage":13.0,"enemies":"2 Thieves","floor":19.0,"turns":3.0},{"damage":16.0,"enemies":"Snake Plant","floor":20.0,"turns":3.0},{"damage":25.0,"enemies":"Shelled Parasite and Fungi","floor":21.0,"turns":4.0},{"damage":5.0,"enemies":"Centurion and Healer","floor":22.0,"turns":4.0},{"damage":25.0,"enemies":"Slavers","floor":24.0,"turns":5.0},{"damage":0.0,"enemies":"Cultist and Chosen","floor":25.0,"turns":3.0},{"damage":9.0,"enemies":"Gremlin Leader","floor":28.0,"turns":4.0},{"damage":21.0,"enemies":"Shelled Parasite and Fungi","floor":29.0,"turns":2.0},{"damage":13.0,"enemies":"Book of Stabbing","floor":30.0,"turns":5.0},{"damage":0.0,"enemies":"Snecko","floor":31.0,"turns":3.0},{"damage":0.0,"enemies":"Champ","floor":33.0,"turns":7.0}],"seed_played":"-5243707957771697483","potions_obtained":[{"floor":7.0,"key":"Dota2Spire:HealingSalve"},{"floor":10.0,"key":"FearPotion"},{"floor":16.0,"key":"SmokeBomb"},{"floor":18.0,"key":"Dota2Spire:HealingSalve"},{"floor":19.0,"key":"FairyPotion"},{"floor":24.0,"key":"Dexterity Potion"},{"floor":25.0,"key":"DistilledChaos"}],"is_trial":false,"path_per_floor":["M","M","$","M","M","?","E","R","T","M","M","E","$","E","R","B",null,"M","M","M","M","M","R","E","M","T","R","E","M","E","M","R","B",null],"character_chosen":"IRONCLAD","items_purchased":["Evolve","AT_ChloranthyRing"],"campfire_rested":1,"item_purchase_floors":[3,13],"current_hp_per_floor":[69,70,70,72,66,40,31,31,31,24,30,9,9,39,39,33,65,62,55,46,27,28,28,18,24,24,46,45,30,26,32,32,43,43,43],"gold":655,"neow_bonus":"REMOVE_CARD","is_daily":false,"chose_seed":false,"campfire_upgraded":4,"win_rate":0.0,"timestamp":1608383011,"path_taken":["M","?","$","M","M","?","E","R","T","M","M","E","$","E","R","BOSS","M","M","M","M","M","R","E","M","T","R","E","M","E","M","R","BOSS"],"items_purchased_type":["Card","Relic"],"build_version":"2020-12-13","purchased_purges":0,"victory":false,"max_hp_per_floor":[75,75,75,75,75,75,75,75,75,75,75,75,75,75,75,75,75,75,75,75,75,75,75,75,75,75,75,75,75,75,75,75,75,75,75],"card_choices":[{"not_picked":["Heavy Blade","Wild Strike"],"picked":"AT_IchimonjiDouble","floor":1.0},{"not_picked":["Uppercut","Reckless Charge","Blood for Blood"],"picked":"AT_DiedThrough","floor":2.0},{"not_picked":["Body Slam","Anger","Havoc"],"picked":"AT_ShrugMaster","floor":4.0},{"not_picked":["Warcry","Heavy Blade","Wild Strike","MostiFishMod:TemporaryOutbreak"],"picked":"SKIP","floor":5.0},{"not_picked":["Ghostly Armor","Clash","Shrug It Off"],"picked":"Armaments","floor":7.0},{"not_picked":["Clash","Iron Wave","Clothesline"],"picked":"Cleave","floor":10.0},{"not_picked":["Sword Boomerang","Flex","Disarm"],"picked":"AT_CaressingTears","floor":11.0},{"not_picked":["Dual Wield","Pummel","Perfected Strike"],"picked":"Seeing Red","floor":12.0},{"not_picked":["Cleave","Flex","Second Wind"],"picked":"True Grit","floor":14.0},{"not_picked":["Brutality+1","MostiFishMod:PerfectStrikeMKII","Berserk+1"],"picked":"MostiFishMod:#F4004","floor":16.0},{"not_picked":["Havoc","Feel No Pain+1","Dark Embrace+1"],"picked":"Sword Boomerang","floor":18.0},{"not_picked":["Carnage","Sever Soul","Sentinel+1"],"picked":"Whirlwind","floor":19.0},{"not_picked":["Iron Wave","Cleave","Dropkick","Thunderclap"],"picked":"SKIP","floor":20.0},{"not_picked":["Anger","Sword Boomerang","True Grit+1"],"picked":"AT_Dispersion+1","floor":21.0},{"not_picked":["True Grit","Anger","Heavy Blade"],"picked":"AT_IchimonjiDouble","floor":22.0},{"not_picked":["Headbutt","Searing Blow","Warcry"],"picked":"Shockwave","floor":24.0},{"not_picked":["Flex","Hemokinesis","Sever Soul","Armaments"],"picked":"SKIP","floor":25.0},{"not_picked":["Thunderclap","Anger","Rupture+1","Evolve+1"],"picked":"SKIP","floor":28.0},{"not_picked":["Carnage","Bloodletting","Entrench"],"picked":"Sentinel+1","floor":29.0},{"not_picked":["Havoc","True Grit","Twin Strike"],"picked":"AT_ShrugMaster+1","floor":30.0},{"not_picked":["Perfected Strike","Flex","Headbutt"],"picked":"Power Through","floor":31.0},{"not_picked":["MostiFishMod:404NotFound","Immolate","MostiFishMod:TemporaryOutbreak+1"],"picked":"AT_Dispersion+1","floor":33.0}],"player_experience":277981,"relics_obtained":[{"floor":1.0,"key":"Question Card"},{"floor":7.0,"key":"Frozen Egg 2"},{"floor":12.0,"key":"Tiny Chest"},{"floor":14.0,"key":"Dota2Spire:BlackKingBar"},{"floor":16.0,"key":"ImportantClient"},{"floor":24.0,"key":"Gremlin Horn"},{"floor":26.0,"key":"MawBank"},{"floor":28.0,"key":"Red Skull"},{"floor":30.0,"key":"Champion Belt"}],"event_choices":[{"damage_healed":0.0,"max_hp_gain":0.0,"max_hp_loss":0.0,"gold_gain":0.0,"event_name":"Golden Idol","player_choice":"Take Damage","floor":6.0,"gold_loss":0.0,"damage_taken":26.0,"relics_obtained":["Golden Idol"]}],"is_beta":false,"boss_relics":[{"not_picked":["Black Blood","Cursed Key"],"picked":"AT_MortalBlade"}],"items_purged_floors":[],"is_endless":false,"potions_floor_spawned":[7,10,11,16,18,19,21,24,25],"ascension_level":20}}