{"host":"0fmi5fguj5lvt8pf","time":1608404260,"event":{"mods":["BaseMod","BetterRewards","Colored Map","Curses Come First","Downfall","Minty Spire (QoL Compilation)","Permanent Neow","StSLib","Waifu the Spire"],"gold_per_floor":[199,262,262,712,729,729,729,297,297,323,340,355,88,88,108,208,208,208,208,240,257,271,271,298,310,342,354,376,400,431,443,443],"floor_reached":31,"playtime":2254,"items_purged":["Slimebound:Icky","Slimebound:Icky"],"score":300,"play_id":"4237c06a-e5d6-47f4-9193-4248c601c628","local_time":"20201219105740","is_ascension_mode":false,"campfire_choices":[{"floor":1,"key":"RECALL"},{"data":"Guardian:CurlUp","floor":3,"key":"SMITH"},{"floor":9,"key":"REST"},{"data":"Guardian:Suspension","floor":18,"key":"SMITH"},{"data":"Guardian:MultiBeam","floor":23,"key":"SMITH"},{"data":"Guardian:Planning","floor":25,"key":"SMITH"}],"circlet_count":0,"master_deck":["Guardian:Strike_Guardian","Guardian:Strike_Guardian","Guardian:Strike_Guardian","Guardian:Strike_Guardian","Guardian:Defend_Guardian","Guardian:Defend_Guardian","Guardian:Defend_Guardian","Guardian:Defend_Guardian","Guardian:CurlUp+1","Guardian:TwinSlam","Slimebound:Icky","Guardian:Reroute","Guardian:ShieldSpikes","Guardian:StasisEngine","Guardian:Suspension+1","Guardian:Planning+1","Guardian:MultiBeam+1","Guardian:PrimingBeam","Guardian:StasisEngine","Guardian:Gem_Crimson","Guardian:Gem_Lightblue","Guardian:Preprogram+1","Guardian:Gem_Lightblue","Guardian:Gem_Lightblue","Guardian:Gem_Synthetic","Guardian:PrismaticBarrier"],"relics":["Guardian:ModeShifter","Centennial Puzzle","TungstenRod","Regal Pillow","Lantern","Guardian:BottledStasis","Shovel","MawBank"],"acts_visited":["Exordium","TheCity"],"potions_floor_usage":[4,15,16,20,26,27,29,31],"damage_taken":[{"damage":64,"enemies":"Lagavulin Event","floor":2,"turns":12},{"damage":0,"enemies":"Cultist","floor":5,"turns":4},{"damage":2,"enemies":"downfall:FleeingMerchant","floor":8,"turns":4},{"damage":17,"enemies":"3 Sentries","floor":10,"turns":12},{"damage":4,"enemies":"Jaw Worm","floor":11,"turns":5},{"damage":7,"enemies":"2 Louse","floor":12,"turns":3},{"damage":0,"enemies":"downfall:FleeingMerchant","floor":13,"turns":4},{"damage":2,"enemies":"Red Slaver","floor":15,"turns":5},{"damage":22,"enemies":"downfall:Defect","floor":16,"turns":7},{"damage":19,"enemies":"Slavers","floor":20,"turns":5},{"damage":0,"enemies":"3 Byrds","floor":21,"turns":4},{"damage":8,"enemies":"Chosen and Byrds","floor":22,"turns":5},{"damage":8,"enemies":"Snake Plant","floor":26,"turns":4},{"damage":22,"enemies":"Book of Stabbing","floor":27,"turns":4},{"damage":11,"enemies":"Centurion and Healer","floor":28,"turns":6},{"damage":0,"enemies":"Snecko","floor":29,"turns":3},{"damage":11,"enemies":"Snake Plant","floor":30,"turns":4},{"damage":7,"enemies":"Chosen and Byrds","floor":31,"turns":3}],"seed_played":"-7421693515664825204","potions_obtained":[{"floor":2,"key":"Fruit Juice"},{"floor":5,"key":"Block Potion"},{"floor":10,"key":"Strength Potion"},{"floor":14,"key":"SmokeBomb"},{"floor":16,"key":"Guardian:DefensiveModePotion"},{"floor":22,"key":"AttackPotion"},{"floor":28,"key":"AttackPotion"},{"floor":30,"key":"AttackPotion"}],"is_trial":false,"path_per_floor":["R","?","R","?","M","?","T","$","R","E","M","M","$","?","M","B",null,"R","?","E","M","M","R","T","R","M","E","M","M","M","M"],"character_chosen":"GUARDIAN","items_purchased":["Regal Pillow","Guardian:StasisEngine","Guardian:Suspension","Guardian:BottledStasis"],"campfire_rested":1,"item_purchase_floors":[8,8,8,13],"current_hp_per_floor":[80,16,16,21,21,21,21,19,59,42,38,31,31,31,29,7,85,85,85,66,66,58,58,58,58,50,28,17,17,6,0,0],"gold":443,"neow_bonus":"HUNDRED_GOLD","is_daily":false,"chose_seed":false,"campfire_upgraded":4,"win_rate":0.0,"timestamp":1608404260,"path_taken":["R","?","R","?","M","?","T","$","R","E","M","?","$","?","M","BOSS","R","?","E","M","M","R","T","R","M","E","M","M","M","?"],"items_purchased_type":["Relic","Card","Card","Relic"],"build_version":"2020-12-13","purchased_purges":2,"victory":false,"max_hp_per_floor":[80,80,80,85,85,85,85,85,85,85,85,85,85,85,85,85,85,85,85,85,85,85,85,85,85,85,85,85,85,85,85,85],"card_choices":[{"not_picked":["Guardian:Gem_Crimson","Guardian:TimeCapacitor"],"picked":"Guardian:Gem_Lightblue","floor":2},{"not_picked":["Guardian:Gem_Crimson","Guardian:Gem_Red"],"picked":"Guardian:Reroute","floor":5},{"not_picked":["Guardian:Incinerate","Guardian:TimeBomb"],"picked":"Guardian:ShieldSpikes","floor":8},{"not_picked":["Guardian:Reroute","Guardian:DonusPower"],"picked":"Guardian:Gem_Green","floor":10},{"not_picked":["Guardian:Gem_Red","Guardian:Gem_Green"],"picked":"Guardian:Planning","floor":11},{"not_picked":["Guardian:EvasiveProtocol","Guardian:Clone"],"picked":"Guardian:Gem_Cyan","floor":12},{"not_picked":["Guardian:FierceBash","Guardian:TemporalStrike"],"picked":"Guardian:MultiBeam","floor":13},{"not_picked":["Guardian:EvasiveProtocol","Guardian:WalkerClaw"],"picked":"Guardian:PrimingBeam","floor":15},{"not_picked":["Guardian:FastForward","Guardian:SphericShield"],"picked":"Guardian:StasisEngine","floor":16},{"not_picked":["Guardian:Reroute+1","Guardian:ShieldCharger","Guardian:TemporalStrike"],"picked":"SKIP","floor":20},{"not_picked":["Guardian:Gem_Red","Guardian:PrismaticBarrier+1"],"picked":"Guardian:Preprogram+1","floor":21},{"not_picked":["Guardian:CrystalBeam","Guardian:Gem_Green"],"picked":"Guardian:Gem_Lightblue","floor":22},{"not_picked":["Guardian:WalkerClaw","Guardian:ShieldCharger+1"],"picked":"Guardian:Gem_Lightblue","floor":26},{"not_picked":["Guardian:Emergency","Guardian:Gem_Lightblue"],"picked":"Guardian:Gem_Synthetic","floor":28},{"not_picked":["Guardian:PolyBeam","Guardian:Gem_Red"],"picked":"Guardian:PrismaticBarrier","floor":29},{"not_picked":["Guardian:Preprogram","Guardian:ChargeCore","Guardian:Gem_Lightblue"],"picked":"SKIP","floor":30}],"player_experience":1190277,"relics_obtained":[{"floor":2,"key":"Centennial Puzzle"},{"floor":7,"key":"TungstenRod"},{"floor":10,"key":"Lantern"},{"floor":20,"key":"Shovel"},{"floor":24,"key":"MawBank"}],"event_choices":[{"damage_healed":0,"gold_gain":0,"player_choice":"Got Potions","damage_taken":0,"max_hp_gain":0,"max_hp_loss":0,"event_name":"Lab","floor":14,"gold_loss":0}],"is_beta":false,"boss_relics":[{"not_picked":["Guardian:StasisSlotReductionRelic","Runic Pyramid","Coffee Dripper"]}],"items_purged_floors":[8,13],"is_endless":false,"potions_floor_spawned":[2,5,10,16,22,27,28,30],"killed_by":"Chosen and Byrds","ascension_level":0}}