{"host":"7krnriczr1b2ou5r","time":1608354477,"event":{"mods":["BaseMod","Keyboard Shortcuts","Minty Spire (QoL Compilation)","Relic Stats","StSLib","The Dragon Tamer","The Poker Player"],"gold_per_floor":[116,131,149,164,89,89,117,117,117,117,145,145,185,204,204,327,327,352,352,126,151,171,212,65,65,65,80,100,100,0,0,0,0,0,0],"floor_reached":33,"playtime":1362,"items_purged":["DTMod:Strike","DTMod:ComboAttack"],"score":455,"play_id":"aa3e003a-b269-422f-a5cb-96bfb3b60009","local_time":"20201219140757","is_ascension_mode":true,"metric_token":479,"campfire_choices":[{"data":"DTMod:Training","floor":6,"key":"SMITH"},{"data":"DTMod:SwitchingTactic","floor":8,"key":"SMITH"},{"data":"DTMod:BuildUp","floor":10,"key":"SMITH"},{"data":"DTMod:TagTeam","floor":15,"key":"SMITH"},{"data":"DTMod:Shift","floor":25,"key":"SMITH"},{"floor":29,"key":"REST"},{"data":"DTMod:ShadowImage","floor":32,"key":"SMITH"}],"dtmod_dragon_data":[12,50,3,-1,2,0],"circlet_count":0,"master_deck":["DTMod:DoubleHit","DTMod:TargetDefense","DTMod:TargetDefense","DTMod:SwitchingTactic+1","DTMod:ComboAttack","DTMod:Training+1","DTMod:BuildUp+1","DTMod:BlazingStrike+1","DTMod:TagTeam+1","DTMod:BurningEnergy","DTMod:OpeningTactic+1","DTMod:InvisibleFlame+1","DTMod:CrossStep+1","DTMod:FlameSlash+1","DTMod:HeatWave+1","DTMod:Dissolve","DTMod:MagiciansMark+1","DTMod:ResonanceForm","DTMod:Coolant","DTMod:Shift+1","DTMod:TagTeam+1","DTMod:CleansingStrike+1","DTMod:SneakAttack+1","DTMod:BurningForce+1","DTMod:ShadowImage+1","Shame"],"relics":["DTMod:PactStone","Odd Mushroom","Pear","Molten Egg 2","Golden Idol","Question Card","Astrolabe","Orrery","Happy Flower","Lee\u0027s Waffle","Blue Candle"],"acts_visited":["Exordium","TheCity"],"potions_floor_usage":[18,21,22,33],"damage_taken":[{"damage":0,"enemies":"Small Slimes","floor":1,"turns":3},{"damage":0,"enemies":"Jaw Worm","floor":2,"turns":3},{"damage":0,"enemies":"2 Louse","floor":3,"turns":2},{"damage":8,"enemies":"Blue Slaver","floor":4,"turns":3},{"damage":0,"enemies":"The Mushroom Lair","floor":7,"turns":4},{"damage":8,"enemies":"Lagavulin","floor":11,"turns":5},{"damage":7,"enemies":"3 Sentries","floor":13,"turns":4},{"damage":0,"enemies":"Large Slime","floor":14,"turns":3},{"damage":0,"enemies":"Hexaghost","floor":16,"turns":8},{"damage":0,"enemies":"3 Byrds","floor":18,"turns":4},{"damage":0,"enemies":"Chosen","floor":21,"turns":5},{"damage":13,"enemies":"Snecko","floor":22,"turns":4},{"damage":6,"enemies":"Slavers","floor":23,"turns":5},{"damage":43,"enemies":"Snake Plant","floor":27,"turns":4},{"damage":3,"enemies":"Centurion and Healer","floor":28,"turns":7},{"damage":22,"enemies":"Automaton","floor":33,"turns":6}],"seed_played":"6542452471597398947","potions_obtained":[{"floor":4,"key":"Ancient Potion"},{"floor":11,"key":"SkillPotion"},{"floor":14,"key":"SpeedPotion"},{"floor":16,"key":"Block Potion"},{"floor":18,"key":"GamblersBrew"},{"floor":21,"key":"LiquidBronze"},{"floor":28,"key":"AttackPotion"}],"is_trial":false,"path_per_floor":["M","M","M","M","$","R","?","R","T","R","E","?","E","M","R","B",null,"M","?","$","M","M","E","$","R","T","M","M","R","$","?","R","B"],"character_chosen":"THE_DT","items_purchased":["DTMod:MagiciansMark+1","Orrery","Lee\u0027s Waffle"],"campfire_rested":1,"item_purchase_floors":[20,20,24],"current_hp_per_floor":[41,41,41,33,33,33,33,33,43,43,35,35,28,28,28,28,42,42,42,42,42,29,23,54,54,54,11,8,24,24,24,24,2,2,2],"gold":0,"neow_bonus":"REMOVE_TWO","is_daily":false,"chose_seed":false,"campfire_upgraded":6,"win_rate":0.0,"timestamp":1608354477,"path_taken":["M","M","M","M","$","R","?","R","T","R","E","?","E","M","R","BOSS","M","?","$","M","M","E","$","R","T","M","M","R","$","?","R","BOSS"],"items_purchased_type":["Card","Relic","Relic"],"build_version":"2020-12-13","purchased_purges":2,"victory":false,"max_hp_per_floor":[41,41,41,41,41,41,41,41,51,51,51,47,47,47,47,47,47,47,47,47,47,47,47,54,54,54,54,54,54,54,54,54,54,54,54],"relic_stats":{"Lee\u0027s Waffle":31,"Happy Flower":[5],"counters":[16,70],"Golden Idol":66,"Astrolabe":["DTMod:InvisibleFlame","DTMod:CrossStep","DTMod:FlameSlash"],"Blue Candle":[1],"Question Card":13,"obtain_stats":[{"Lee\u0027s Waffle":24,"Pear":9,"DTMod:PactStone":0,"Happy Flower":23,"Golden Idol":12,"Astrolabe":17,"Blue Candle":31,"Orrery":20,"Molten Egg 2":11,"Odd Mushroom":7,"Question Card":13},{"Lee\u0027s Waffle":13,"Pear":5,"DTMod:PactStone":0,"Happy Flower":13,"Golden Idol":6,"Astrolabe":9,"Blue Candle":15,"Orrery":10,"Molten Egg 2":6,"Odd Mushroom":5,"Question Card":7},{"Lee\u0027s Waffle":53,"Pear":15,"DTMod:PactStone":0,"Happy Flower":53,"Golden Idol":20,"Astrolabe":35,"Blue Candle":64,"Orrery":39,"Molten Egg 2":20,"Odd Mushroom":15,"Question Card":24}]},"card_choices":[{"not_picked":["DTMod:MasterPlan","DTMod:HeatWave"],"picked":"DTMod:ComboAttack","floor":1},{"not_picked":["DTMod:BreakAttack","DTMod:StunTrap"],"picked":"DTMod:ComboAttack","floor":2},{"not_picked":["DTMod:DarkBreath","DTMod:Hide"],"picked":"DTMod:Training","floor":3},{"not_picked":["DTMod:Weaken","DTMod:MasterPlan","DTMod:ShieldDrain"],"picked":"SKIP","floor":4},{"not_picked":["DTMod:CleansingStrike","DTMod:Threaten"],"picked":"DTMod:BuildUp","floor":7},{"not_picked":["DTMod:PurifyingFlame+1","DTMod:ForkedFire+1"],"picked":"DTMod:BlazingStrike+1","floor":11},{"not_picked":["DTMod:Adaptation","DTMod:CleansingStrike+1"],"picked":"DTMod:TagTeam","floor":13},{"not_picked":["DTMod:QuickFly+1","DTMod:Overwhelm","DTMod:BizarreTactic"],"picked":"DTMod:BurningEnergy","floor":14},{"not_picked":["DTMod:StunTrap","DTMod:SealedStrike+1","DTMod:GearUp"],"picked":"DTMod:OpeningTactic+1","floor":16},{"not_picked":["DTMod:Feint+1","DTMod:DeepFocus","DTMod:CrossStep"],"picked":"DTMod:HeatWave+1","floor":18},{"not_picked":["DTMod:Feint+1","DTMod:Hide","DTMod:BizarreTactic"],"picked":"DTMod:ResonanceForm","floor":20},{"not_picked":["DTMod:BuildUp+1","DTMod:TauntingStrike+1","DTMod:MagicField"],"picked":"DTMod:Coolant","floor":20},{"not_picked":["DTMod:ComboAttack+1","DTMod:DarkBreath+1","DTMod:MagicField"],"picked":"DTMod:Shift","floor":20},{"not_picked":["DTMod:MagicField","DTMod:Threaten","DTMod:Safeguard"],"picked":"DTMod:TagTeam+1","floor":20},{"not_picked":["DTMod:Cover","DTMod:HeatWave+1","DTMod:BlazingStrike+1"],"picked":"DTMod:CleansingStrike+1","floor":21},{"not_picked":["DTMod:BuildUp+1","DTMod:BizarreTactic","DTMod:Threaten","DTMod:Punisher+1"],"picked":"SKIP","floor":22},{"not_picked":["DTMod:BuildUp+1","DTMod:BizarreTactic","DTMod:Threaten","DTMod:Punisher+1"],"picked":"SKIP","floor":22},{"not_picked":["DTMod:Threaten","DTMod:FlameSlash+1","DTMod:MagicField"],"picked":"DTMod:SneakAttack+1","floor":23},{"not_picked":["DTMod:Training","DTMod:MagicField+1","DTMod:Hide"],"picked":"DTMod:BurningForce+1","floor":27},{"not_picked":["DTMod:Threaten+1","DTMod:Training","DTMod:HeatWave+1"],"picked":"DTMod:ShadowImage","floor":28}],"player_experience":1115594,"relics_obtained":[{"floor":7,"key":"Odd Mushroom"},{"floor":9,"key":"Pear"},{"floor":11,"key":"Molten Egg 2"},{"floor":13,"key":"Question Card"},{"floor":23,"key":"Happy Flower"}],"event_choices":[{"damage_healed":0,"gold_gain":0,"player_choice":"Fought Mushrooms","damage_taken":0,"max_hp_gain":0,"max_hp_loss":0,"event_name":"Mushrooms","floor":7,"gold_loss":0},{"damage_healed":0,"gold_gain":0,"player_choice":"Lose Max HP","damage_taken":0,"relics_obtained":["Golden Idol"],"max_hp_gain":0,"max_hp_loss":4,"event_name":"Golden Idol","floor":12,"gold_loss":0},{"damage_healed":0,"gold_gain":0,"player_choice":"Read","damage_taken":0,"max_hp_gain":0,"max_hp_loss":0,"event_name":"The Library","floor":19,"gold_loss":0,"cards_obtained":["DTMod:Dissolve"]},{"damage_healed":0,"gold_gain":0,"player_choice":"Stole Relic","damage_taken":0,"relics_obtained":["Blue Candle"],"max_hp_gain":0,"max_hp_loss":0,"event_name":"Addict","floor":31,"gold_loss":0,"cards_obtained":["Shame"]}],"is_beta":false,"boss_relics":[{"not_picked":["Philosopher\u0027s Stone","DTMod:MagicStone"],"picked":"Astrolabe"}],"items_purged_floors":[5,30],"is_endless":false,"potions_floor_spawned":[4,11,14,16,18,21,28],"killed_by":"Automaton","ascension_level":8}}