{"host":"ml80p9p157c7xd90","time":1608336007,"event":{"mods":["2.2 Compatiblity","Act Like it!","Ascension Unlocker","Aspiration","BaseMod","Better Altar","Better Match","Better Note","Better Sensory Stone","Better Skull","Better Third Choice","CapriCore","Colored Map","Conspire","Friendly Minions","Gensokyo","Halation","Minty Spire (QoL Compilation)","Pale of the Ancients","Replay The Spire","StSLib","TheBandit","Wandering Minibosses"],"gold_per_floor":[116,116,116,41,59,89,150,185,185,219,119,119,148,165,165,243,243,256,256,256,292,433,463,463,491,491,525,525,557,594,594,594,674,774,786,836,868,544,544,578,616,669,669,714,714,744,763,797,797,801,813,829,854,854,536,536,657,657,466,466,479,479,479],"floor_reached":61,"playtime":3206,"items_purged":["wariomod:ChargeForth+1","wariomod:DropBash","Sickly"],"score":3063,"play_id":"192c8490-a229-4960-8e66-5915ff1648fc","local_time":"20201218170007","daily_mods":["SealedDeck","DeadlyEvents","Elite Swarm","Terminal"],"is_ascension_mode":true,"campfire_choices":[{"data":"wariomod:GoAgain","floor":12,"key":"SMITH"},{"data":"wariomod:Goblast","floor":15,"key":"SMITH"},{"data":"wariomod:ChargeForth","floor":28,"key":"SMITH"},{"data":"wariomod:ChargeForth","floor":32,"key":"SMITH"},{"data":"Pain","floor":45,"key":"PURGE"},{"data":"betterMatch:CurseCard","floor":49,"key":"PURGE"},{"data":"Deep Breath","floor":56,"key":"SMITH"},{"data":"wariomod:Goblast","floor":56,"key":"SMITH"},{"data":"Hallucinations","floor":58,"key":"PURGE"}],"circlet_count":0,"master_deck":["AscendersBane","wariomod:Leapslam","wariomod:ChargeForth+1","wariomod:ChargeForth+1","wariomod:Game","wariomod:Game","wariomod:Goblast+1","wariomod:ChargeForth+1","wariomod:GoAgain+1","wariomod:SpacialMastery+1","wariomod:Hopshield+1","wariomod:DeadlyDash+1","wariomod:WipeClean+1","wariomod:GoAgain+1","wariomod:Goblast+1","wariomod:DeadlyDash+1","wariomod:DeadlyDash+1","Clumsy","wariomod:OctoJump+1","wariomod:GoAgain+1","wariomod:GoAgain+1","wariomod:RacingSpeed+1","wariomod:VeryLongJump+1","wariomod:Hopshield","wariomod:DropBash+1","wariomod:NullJump","Master of Strategy+1","Deep Breath+1","Sickly","Deep Breath+1","Deep Breath+1","ReplayTheSpireMod:Brewmster+1"],"relics":["wariomod:TheHat","replay:Trail_Library","Happy Flower","ReplayTheSpireMod:Shallot","Onion Ring","Durian","Divine Protection","Golden Egg","halation:IllGainedPizza","Black Star","Gensokyo:SongOfSouls","halation:WeightlessCrab","War Paint","MealTicket","halation:OrihimeAndHikoboshiSamaAndTears","Snack Pack","Ginger","aspiration:StickyExplosives_weak","Peace Pipe","Pocketwatch","Replay:Multitool","Unceasing Top","Girya","Frozen Egg 2","halation:EternalFortune","Replay:Grab Bag","Replay:Wanted Poster","Replay:Bronze Core","conspire:RunicOctahedron","Empty Cage","Ring of Greed","Tiny Chest","MawBank","Ring of Searing","Strawberry","halation:SelfBoilingWater","Akabeko","Blue Doll","Lizard Tail","HornCleat","Blood Vial","Replay:Arrowhead","Art of War","halation:Toothbrush","Question Card","Nunchaku","Turnip","Mercury Hourglass","paleoftheancients:Timepiece","Anchor","CultistMask","paleoftheancients:SoulOfTheWatcher","wariomod:AngryHat","ReplayTheSpireMod:CursedCoin","wanderingMiniBosses:LockLocket"],"acts_visited":["Gensokyo:Gensokyo","Gensokyo:Gensokyoer","TheBeyond","paleoftheancients:PaleOfTheAncients"],"potions_floor_usage":[21,48,50,53],"damage_taken":[{"damage":0,"enemies":"Gensokyo:2_Kodama","floor":1,"turns":1},{"damage":0,"enemies":"Gensokyo:Python","floor":5,"turns":2},{"damage":0,"enemies":"Gensokyo:Cirno","floor":6,"turns":4},{"damage":0,"enemies":"Gensokyo:3_Fairies","floor":7,"turns":5},{"damage":0,"enemies":"Gensokyo:Aya","floor":8,"turns":2},{"damage":0,"enemies":"Gensokyo:Mamizou","floor":10,"turns":5},{"damage":0,"enemies":"Gensokyo:Aya","floor":13,"turns":2},{"damage":11,"enemies":"Gensokyo:CorruptedTreant","floor":14,"turns":1},{"damage":0,"enemies":"Gensokyo:Yukari","floor":16,"turns":6},{"damage":3,"enemies":"Gensokyo:AngelMirror","floor":18,"turns":2},{"damage":0,"enemies":"Gensokyo:Tenshi","floor":21,"turns":4},{"damage":0,"enemies":"Gensokyo:2_Gloops","floor":22,"turns":5},{"damage":0,"enemies":"Gensokyo:Reisen","floor":23,"turns":4},{"damage":0,"enemies":"Gensokyo:Koishi","floor":25,"turns":4},{"damage":0,"enemies":"Gensokyo:Tenshi","floor":27,"turns":2},{"damage":10,"enemies":"Gensokyo:Reisen","floor":29,"turns":3},{"damage":0,"enemies":"Gensokyo:Koishi","floor":30,"turns":4},{"damage":12,"enemies":"Gensokyo:Eiki","floor":33,"turns":6},{"damage":1,"enemies":"3 Shapes","floor":35,"turns":2},{"damage":0,"enemies":"3 Darklings","floor":37,"turns":2},{"damage":9,"enemies":"R_Hoarder","floor":40,"turns":4},{"damage":13,"enemies":"Reptomancer","floor":41,"turns":3},{"damage":5,"enemies":"R_Hoarder","floor":44,"turns":7},{"damage":0,"enemies":"Reptomancer","floor":46,"turns":2},{"damage":7,"enemies":"Writhing Mass","floor":47,"turns":4},{"damage":38,"enemies":"Nemesis","floor":48,"turns":5},{"damage":8,"enemies":"Donu and Deca","floor":50,"turns":3},{"damage":21,"enemies":"Time Eater","floor":51,"turns":8},{"damage":36,"enemies":"Time Eater","floor":52,"turns":4},{"damage":8,"enemies":"Time Eater","floor":53,"turns":6},{"damage":0,"enemies":"Time Eater","floor":57,"turns":2},{"damage":19,"enemies":"paleoftheancients:N","floor":61,"turns":4}],"seed_played":"4727878650985625858","potions_obtained":[{"floor":7,"key":"SpeedPotion"},{"floor":13,"key":"Fire Potion"},{"floor":16,"key":"Block Potion"},{"floor":18,"key":"LifebloodPotion"},{"floor":23,"key":"FearPotion"},{"floor":25,"key":"Swift Potion"},{"floor":47,"key":"Energy Potion"},{"floor":48,"key":"SmokeBomb"},{"floor":52,"key":"Block Potion"}],"is_trial":true,"path_per_floor":["M","?","T","$","M","E","M","E","T","E","$","R","E","M","R","B",null,"M","?","?","E","M","E","T","E","T","E","R","E","E","?","R","B",null,"M","?","M","$","T","E","E","T","T","E","R","E","M","E","R","B","B","M","M","?","$","R","M","R","$","?","B"],"character_chosen":"THE_BANDIT","items_purchased":["Strawberry","wariomod:GoAgain","wariomod:AngryHat","ReplayTheSpireMod:CursedCoin","Deep Breath","ReplayTheSpireMod:Brewmster+1"],"campfire_rested":0,"item_purchase_floors":[38,38,55,55,55,59],"current_hp_per_floor":[65,65,65,65,65,65,64,68,67,66,65,64,63,52,52,52,58,55,55,56,55,54,53,52,51,50,49,48,40,46,48,47,41,45,44,43,42,48,47,41,30,30,30,29,32,39,34,23,26,24,38,29,38,38,44,43,42,44,43,42,33,33,33],"gold":479,"neow_bonus":"","is_daily":false,"chose_seed":false,"campfire_upgraded":6,"win_rate":0.0,"timestamp":1608336007,"path_taken":["M","?","?","$","?","E","?","E","T","?","?","R","E","M","R","BOSS","M","?","?","?","?","E","?","E","T","E","R","E","?","?","R","BOSS","M","?","?","$","?","E","?","?","T","E","R","E","?","E","R","BOSS","BOSS","M","M","?","$","R","M","R","$","?","BOSS"],"items_purchased_type":["Relic","Card","Relic","Relic","Card","Card"],"build_version":"2020-12-13","purchased_purges":3,"victory":false,"max_hp_per_floor":[70,69,68,67,66,65,64,68,67,66,65,64,63,62,61,60,59,58,57,56,55,54,53,52,51,50,49,48,47,46,48,47,46,45,44,43,42,48,47,47,46,45,44,43,45,47,46,45,47,46,45,44,43,42,44,43,42,44,43,42,42,42,42],"card_choices":[{"not_picked":["wariomod:EndlessBlast","wariomod:Bomblaster","wariomod:TheGrandJourney"],"picked":"SKIP","floor":1},{"not_picked":["wariomod:HappyHop","wariomod:Smackflip","wariomod:Bombshield"],"picked":"SKIP","floor":5},{"not_picked":["wariomod:PoisonBombs","wariomod:EnergizedBombs","wariomod:KeyFinisher"],"picked":"SKIP","floor":6},{"not_picked":["wariomod:PoisonBombs","wariomod:EnergizedBombs","wariomod:KeyFinisher"],"picked":"SKIP","floor":6},{"not_picked":["wariomod:BodyBlock","wariomod:ThatsNotAll","wariomod:Bombshield"],"picked":"SKIP","floor":7},{"not_picked":["wariomod:SpacialMastery","wariomod:FabulousPrizes"],"picked":"wariomod:GoAgain","floor":8},{"not_picked":["wariomod:ShipSmash","wariomod:EnergizedBombs","wariomod:BoomAndDoom"],"picked":"SKIP","floor":10},{"not_picked":["wariomod:ShipSmash","wariomod:EnergizedBombs","wariomod:PoisonBombs"],"picked":"SKIP","floor":13},{"not_picked":["wariomod:DanceDash","wariomod:SmallSprint","wariomod:Bombshield"],"picked":"SKIP","floor":14},{"not_picked":["wariomod:EnergizedBombs","wariomod:BoomAndDoom"],"picked":"wariomod:SpacialMastery","floor":16},{"not_picked":["wariomod:BoomBoom","wariomod:Immortalize"],"picked":"wariomod:Hopshield","floor":18},{"not_picked":["wariomod:BoomForm","wariomod:MassiveParty"],"picked":"wariomod:DeadlyDash","floor":21},{"not_picked":["wariomod:Smackflip+1","wariomod:Boomsmack","wariomod:Bombshield"],"picked":"SKIP","floor":22},{"not_picked":["wariomod:ShipSmash","wariomod:GoAgain"],"picked":"wariomod:WipeClean","floor":23},{"not_picked":["wariomod:KeyFinisher","wariomod:GodlyGift","wariomod:FabulousPrizes"],"picked":"SKIP","floor":25},{"not_picked":["wariomod:Enshrine","wariomod:GodlyGift"],"picked":"wariomod:GoAgain","floor":27},{"not_picked":["wariomod:MassiveParty","wariomod:FabulousPrizes"],"picked":"wariomod:DeadlyDash","floor":29},{"not_picked":["wariomod:BoomAndDoom","wariomod:FabulousPrizes"],"picked":"wariomod:DeadlyDash","floor":30},{"not_picked":["wariomod:AwfulLook","wariomod:DoubleDash","wariomod:GreaterGuard+1"],"picked":"SKIP","floor":35},{"not_picked":["wariomod:Goblast","wariomod:SmallSprint+1"],"picked":"wariomod:OctoJump+1","floor":37},{"not_picked":["wariomod:PoisonBombs+1","wariomod:Sidestep"],"picked":"wariomod:GoAgain","floor":40},{"not_picked":["wariomod:FabulousPrizes","wariomod:EnergizedBombs+1","wariomod:AbandonGame+1"],"picked":"SKIP","floor":41},{"not_picked":["wariomod:BoomAndDoom","wariomod:Sidestep"],"picked":"wariomod:VeryLongJump","floor":44},{"not_picked":["wariomod:Enshrine","wariomod:PoisonBombs+1","wariomod:BoomForm+1"],"picked":"SKIP","floor":46},{"not_picked":["wariomod:Game+1","wariomod:HastyRush","wariomod:f","wariomod:DisarmingMoves+1"],"picked":"SKIP","floor":47},{"not_picked":["wariomod:Enshrine","wariomod:EnergizedBombs+1","wariomod:AbandonGame+1","wariomod:Sidestep"],"picked":"SKIP","floor":48},{"not_picked":["wariomod:SimpleShield","wariomod:DisarmingMoves","wariomod:Immortalize"],"picked":"wariomod:DropBash+1","floor":52},{"not_picked":["wariomod:DonateDraw+1","wariomod:BlastDash+1","wariomod:ChargeForth"],"picked":"wariomod:NullJump","floor":53},{"not_picked":["ReplayTheSpireMod:Necrogeddon","Blind","Sadistic Nature+1"],"picked":"Master of Strategy","floor":54},{"not_picked":["Discovery","Good Instincts","Replay:Sssssssssstrike"],"picked":"Deep Breath","floor":54},{"not_picked":["wariomod:SelfImprison","wariomod:DoubleDash","wariomod:Bombshield","wariomod:DisarmingMoves+1"],"picked":"SKIP","floor":57}],"player_experience":375097,"relics_obtained":[{"floor":3,"key":"ReplayTheSpireMod:Shallot"},{"floor":6,"key":"Onion Ring"},{"floor":8,"key":"Durian"},{"floor":9,"key":"Divine Protection"},{"floor":10,"key":"Golden Egg"},{"floor":13,"key":"halation:IllGainedPizza"},{"floor":21,"key":"halation:WeightlessCrab"},{"floor":21,"key":"War Paint"},{"floor":23,"key":"MealTicket"},{"floor":23,"key":"halation:OrihimeAndHikoboshiSamaAndTears"},{"floor":24,"key":"Snack Pack"},{"floor":25,"key":"Ginger"},{"floor":25,"key":"aspiration:StickyExplosives_weak"},{"floor":26,"key":"Peace Pipe"},{"floor":27,"key":"Pocketwatch"},{"floor":29,"key":"Replay:Multitool"},{"floor":29,"key":"Unceasing Top"},{"floor":30,"key":"Girya"},{"floor":30,"key":"Frozen Egg 2"},{"floor":36,"key":"Ring of Greed"},{"floor":36,"key":"Tiny Chest"},{"floor":36,"key":"MawBank"},{"floor":36,"key":"Ring of Searing"},{"floor":39,"key":"halation:SelfBoilingWater"},{"floor":40,"key":"Akabeko"},{"floor":40,"key":"Blue Doll"},{"floor":41,"key":"Lizard Tail"},{"floor":41,"key":"HornCleat"},{"floor":42,"key":"Blood Vial"},{"floor":43,"key":"Replay:Arrowhead"},{"floor":44,"key":"Art of War"},{"floor":44,"key":"halation:Toothbrush"},{"floor":46,"key":"halation:EternalFortune"},{"floor":46,"key":"Question Card"},{"floor":46,"key":"Nunchaku"},{"floor":48,"key":"Turnip"},{"floor":48,"key":"Mercury Hourglass"},{"floor":53,"key":"paleoftheancients:SoulOfTheWatcher"},{"floor":57,"key":"wanderingMiniBosses:LockLocket"}],"event_choices":[{"damage_healed":1,"gold_gain":0,"player_choice":"LEAVE ","damage_taken":0,"relics_obtained":[],"max_hp_gain":0,"max_hp_loss":0,"event_name":"betterSkull:BetterSkull","floor":20,"gold_loss":0,"cards_upgraded":[]},{"damage_healed":0,"gold_gain":4,"player_choice":"1","damage_taken":0,"max_hp_gain":0,"max_hp_loss":0,"event_name":"betterStone:BetterStone","floor":54,"gold_loss":0}],"is_beta":false,"boss_relics":[{"not_picked":["aspiration:IroncladSkillbook","Ring of Chaos"],"picked":"Black Star"},{"not_picked":["halation:SmartPhone","halation:CatFaceCupcake"],"picked":"Replay:Grab Bag"},{"not_picked":["Coffee Dripper","Philosopher\u0027s Stone"],"picked":"Replay:Wanted Poster"},{"not_picked":["ReplayTheSpireMod:DimensionalGlitch","conspire:SeveredTorchhead"],"picked":"Replay:Bronze Core"},{"not_picked":["halation:LoveArrow","halation:Risk"],"picked":"conspire:RunicOctahedron"},{"not_picked":["Snecko Eye","aspiration:SecretTechniqueScroll"],"picked":"Empty Cage"}],"items_purged_floors":[4,11,55],"is_endless":false,"potions_floor_spawned":[7,13,16,18,23,25,30,33,35,44,47,48,52],"killed_by":"paleoftheancients:N","ascension_level":20}}