{"host":"15dd7v8o90xso62x","time":1608402136,"event":{"mods":["BaseMod","Minty Spire (QoL Compilation)","Quick Restart","StSLib"],"gold_per_floor":[110,110,123,123,54,86,103,121,121,134,189,189,208,208,208,303,303,317,417,430,450,450,450,450,450,530,555,566,506,506,506],"floor_reached":30,"playtime":557,"items_purged":["Defend_P"],"score":255,"play_id":"c6378b68-66eb-48a1-b01a-427cd1848239","local_time":"20201220032216","is_ascension_mode":false,"campfire_choices":[{"data":"Eruption","floor":12.0,"key":"SMITH"},{"data":"WheelKick","floor":15.0,"key":"SMITH"},{"data":"CrushJoints","floor":23,"key":"SMITH"}],"circlet_count":0,"master_deck":["Strike_P+1","Defend_P","Eruption+1","Vigilance","InnerPeace","Judgement","SignatureMove","CrushJoints+1","Adaptation+1","WheelKick+1","MentalFortress","Tantrum+1","DeceiveReality","DeceiveReality"],"relics":["PureWater","NeowsBlessing","Oddly Smooth Stone","The Courier","Happy Flower","Empty Cage","Blue Candle","PreservedInsect","Blood Vial"],"acts_visited":["Exordium","TheCity"],"potions_floor_usage":[20,20],"damage_taken":[{"damage":0.0,"enemies":"Cultist","floor":1.0,"turns":1.0},{"damage":0.0,"enemies":"Jaw Worm","floor":3.0,"turns":1.0},{"damage":0.0,"enemies":"3 Sentries","floor":6.0,"turns":1.0},{"damage":0.0,"enemies":"Small Slimes","floor":7.0,"turns":2.0},{"damage":0.0,"enemies":"3 Louse","floor":8.0,"turns":2.0},{"damage":0.0,"enemies":"Gremlin Gang","floor":10.0,"turns":2.0},{"damage":0.0,"enemies":"Gremlin Nob","floor":11.0,"turns":2.0},{"damage":0.0,"enemies":"2 Fungi Beasts","floor":13.0,"turns":1.0},{"damage":8.0,"enemies":"The Guardian","floor":16.0,"turns":10.0},{"damage":0.0,"enemies":"Spheric Guardian","floor":18.0,"turns":2.0},{"damage":10,"enemies":"3 Byrds","floor":20,"turns":5},{"damage":0,"enemies":"Snecko","floor":21,"turns":2},{"damage":2,"enemies":"Centurion and Healer","floor":28,"turns":3}],"seed_played":"550966978409732973","potions_obtained":[{"floor":6.0,"key":"SpeedPotion"},{"floor":7.0,"key":"StancePotion"},{"floor":8.0,"key":"FearPotion"},{"floor":11.0,"key":"AttackPotion"},{"floor":13.0,"key":"PowerPotion"},{"floor":28,"key":"LiquidMemories"}],"is_trial":false,"path_per_floor":["M","?","M","?","$","E","M","M","T","M","?","R","M","?","R","B",null,"M","?","M","M","?","R","?","?","T","T","M","$","?"],"character_chosen":"WATCHER","items_purchased":["SignatureMove"],"campfire_rested":0,"item_purchase_floors":[5],"current_hp_per_floor":[72,54,54,54,54,54,54,54,54,54,54,54,54,40,40,32,72,72,72,62,62,62,62,62,49,49,49,47,47,47,47],"gold":506,"neow_bonus":"THREE_ENEMY_KILL","is_daily":false,"chose_seed":false,"campfire_upgraded":3,"win_rate":0.0,"timestamp":1608402136,"path_taken":["M","?","M","?","$","E","M","M","T","M","?","R","M","?","R","BOSS","M","?","M","?","?","R","?","?","T","?","M","?","?"],"items_purchased_type":["Card"],"build_version":"2020-12-13","purchased_purges":1,"victory":false,"max_hp_per_floor":[72,72,72,72,72,72,72,72,72,72,72,72,72,72,72,72,72,72,72,72,72,72,72,72,77,77,77,77,77,77,77],"card_choices":[{"not_picked":["ThirdEye","Protect","Study"],"picked":"SKIP","floor":1.0},{"not_picked":["CutThroughFate","Protect"],"picked":"InnerPeace","floor":3.0},{"not_picked":["DeceiveReality","Weave"],"picked":"CrushJoints","floor":6.0},{"not_picked":["EmptyBody","PathToVictory","MasterReality"],"picked":"SKIP","floor":7.0},{"not_picked":["BowlingBash","ForeignInfluence"],"picked":"Adaptation","floor":8.0},{"not_picked":["Evaluate","CutThroughFate","Meditate"],"picked":"SKIP","floor":10.0},{"not_picked":["EmptyFist","CutThroughFate"],"picked":"WheelKick","floor":11.0},{"not_picked":["Fasting2","CrushJoints","SashWhip"],"picked":"SKIP","floor":13.0},{"not_picked":["CutThroughFate","Crescendo"],"picked":"MentalFortress","floor":18.0},{"not_picked":["CutThroughFate","Pray"],"picked":"Tantrum+1","floor":20},{"not_picked":["ThirdEye","Crescendo","InnerPeace"],"picked":"SKIP","floor":21},{"not_picked":["CrushJoints","SashWhip","Study+1"],"picked":"SKIP","floor":28}],"player_experience":925682,"relics_obtained":[{"floor":9.0,"key":"The Courier"},{"floor":11.0,"key":"Happy Flower"},{"floor":26,"key":"Blue Candle"},{"floor":27,"key":"PreservedInsect"}],"event_choices":[{"damage_healed":0.0,"max_hp_gain":0.0,"max_hp_loss":0.0,"gold_gain":0.0,"event_name":"Scrap Ooze","player_choice":"Success","floor":2.0,"gold_loss":0.0,"damage_taken":18.0,"relics_obtained":["Oddly Smooth Stone"]},{"damage_healed":0.0,"max_hp_gain":0.0,"max_hp_loss":0.0,"gold_gain":0.0,"cards_transformed":["Defend_P"],"event_name":"Living Wall","player_choice":"Change","floor":4.0,"gold_loss":0.0,"damage_taken":0.0,"cards_obtained":["Judgement"]},{"damage_healed":0.0,"max_hp_gain":0.0,"max_hp_loss":0.0,"gold_gain":30.0,"event_name":"Dead Adventurer","player_choice":"Searched \u00273\u0027 times","floor":11.0,"gold_loss":0.0,"damage_taken":0.0},{"damage_healed":0.0,"max_hp_gain":0.0,"max_hp_loss":0.0,"gold_gain":0.0,"event_name":"Shining Light","player_choice":"Entered Light","floor":14.0,"gold_loss":0.0,"damage_taken":14.0,"cards_upgraded":["Adaptation","Strike_P"]},{"damage_healed":0.0,"max_hp_gain":0.0,"max_hp_loss":0.0,"gold_gain":100.0,"event_name":"Golden Shrine","player_choice":"Pray","floor":19.0,"gold_loss":0.0,"damage_taken":0.0},{"damage_healed":0,"gold_gain":0,"player_choice":"Ignored","damage_taken":0,"max_hp_gain":0,"max_hp_loss":0,"event_name":"Ghosts","floor":22,"gold_loss":0},{"damage_healed":0,"gold_gain":0,"cards_transformed":["Strike_P","Defend_P"],"player_choice":"Became Test Subject","damage_taken":0,"max_hp_gain":0,"max_hp_loss":0,"event_name":"Drug Dealer","floor":24,"gold_loss":0,"cards_obtained":["DeceiveReality","DeceiveReality"]},{"damage_healed":0,"gold_gain":0,"player_choice":"Shed Blood","damage_taken":18,"max_hp_gain":5,"max_hp_loss":0,"event_name":"Forgotten Altar","floor":25,"gold_loss":0},{"damage_healed":0,"gold_gain":0,"player_choice":"Opened","damage_taken":0,"relics_obtained":["Blood Vial"],"max_hp_gain":0,"max_hp_loss":0,"event_name":"The Mausoleum","floor":30,"gold_loss":0}],"is_beta":false,"boss_relics":[{"not_picked":["Astrolabe","Runic Pyramid"],"picked":"Empty Cage"}],"items_purged_floors":[29],"is_endless":false,"potions_floor_spawned":[6,7,8,11,13,18,28],"ascension_level":0}}