{"host":"gsgpu9obojnqwpp0","time":1608360294,"event":{"mods":["AchievementEnabler","BaseMod","Block Reminder","DeckTracker","Minty Spire (QoL Compilation)","Permanent Neow"],"gold_per_floor":[118,118,138,138,69,69,69,100,100,100,120,138,156,170,170,300,300,315,66,66,84,103,24,24,55,135,135,169,43,58,76,76,202,202,225,5,30,363,379,407,407,426,426,426,446,50,50,50,50,50,50,50,13,13,13],"floor_reached":54,"playtime":2750,"items_purged":["Strike_R"],"score":782,"play_id":"203db64b-3dee-4d6e-ae5c-3ba55c6ea4d1","local_time":"20201219014454","is_ascension_mode":false,"campfire_choices":[{"floor":6,"key":"RECALL"},{"data":"Metallicize","floor":15,"key":"SMITH"},{"floor":24,"key":"REST"},{"floor":27,"key":"REST"},{"floor":32,"key":"REST"},{"data":"Apotheosis","floor":44,"key":"SMITH"},{"data":"Demon Form","floor":49,"key":"SMITH"},{"data":"Entrench","floor":52,"key":"SMITH"}],"circlet_count":0,"master_deck":["Strike_R","Strike_R","Defend_R","Defend_R","Defend_R","Bash","Entrench+1","Metallicize+1","Shrug It Off","Metallicize","Body Slam","Carnage","Demon Form+1","Spot Weakness","Inflame","Warcry","Double Tap","Shockwave+1","Dark Embrace+1","Entrench+1","Flame Barrier","Apotheosis+1","Fire Breathing+1","Panache","Decay","Ghostly Armor"],"relics":["Burning Blood","NeowsBlessing","Gambling Chip","Torii","Busted Crown","HornCleat","Meat on the Bone","Mercury Hourglass","Blood Vial","Astrolabe","Akabeko","Anchor","Lee\u0027s Waffle","Pear"],"acts_visited":["Exordium","TheCity","TheBeyond","TheEnding"],"potions_floor_usage":[13,16,16,18,22,40,40],"damage_taken":[{"damage":0,"enemies":"Jaw Worm","floor":1,"turns":1},{"damage":0,"enemies":"Small Slimes","floor":3,"turns":1},{"damage":0,"enemies":"Lagavulin","floor":8,"turns":1},{"damage":1,"enemies":"Cultist","floor":11,"turns":5},{"damage":6,"enemies":"Lots of Slimes","floor":12,"turns":7},{"damage":0,"enemies":"Red Slaver","floor":13,"turns":6},{"damage":16,"enemies":"Exordium Wildlife","floor":14,"turns":7},{"damage":72,"enemies":"Slime Boss","floor":16,"turns":27},{"damage":1,"enemies":"Shell Parasite","floor":18,"turns":9},{"damage":7,"enemies":"Spheric Guardian","floor":21,"turns":5},{"damage":60,"enemies":"3 Cultists","floor":22,"turns":10},{"damage":22,"enemies":"Book of Stabbing","floor":25,"turns":6},{"damage":35,"enemies":"Slavers","floor":28,"turns":7},{"damage":3,"enemies":"Snecko","floor":30,"turns":6},{"damage":11,"enemies":"Centurion and Healer","floor":31,"turns":7},{"damage":53,"enemies":"Champ","floor":33,"turns":11},{"damage":32,"enemies":"3 Shapes","floor":35,"turns":5},{"damage":8,"enemies":"3 Darklings","floor":37,"turns":5},{"damage":1,"enemies":"4 Shapes","floor":39,"turns":7},{"damage":92,"enemies":"Giant Head","floor":40,"turns":9},{"damage":27,"enemies":"Spire Growth","floor":42,"turns":8},{"damage":32,"enemies":"Maw","floor":45,"turns":9},{"damage":51,"enemies":"Time Eater","floor":50,"turns":13},{"damage":109,"enemies":"Shield and Spear","floor":54,"turns":6}],"seed_played":"-1001426255775943572","potions_obtained":[{"floor":1,"key":"FearPotion"},{"floor":10,"key":"Regen Potion"},{"floor":10,"key":"HeartOfIron"},{"floor":12,"key":"FairyPotion"},{"floor":13,"key":"Energy Potion"},{"floor":16,"key":"Block Potion"},{"floor":21,"key":"ElixirPotion"},{"floor":22,"key":"BloodPotion"},{"floor":30,"key":"FearPotion"},{"floor":33,"key":"BlessingOfTheForge"},{"floor":37,"key":"Regen Potion"},{"floor":40,"key":"BlessingOfTheForge"},{"floor":42,"key":"SteroidPotion"}],"is_trial":false,"path_per_floor":["M","?","M","?","$","R","$","E","T","?","M","M","M","M","R","B",null,"M","$","T","M","M","$","R","E","T","R","E","$","M","M","R","B",null,"M","$","M","?","M","E","?","M","T","R","M","$","?","?","R","B",null,"R","$","E"],"character_chosen":"IRONCLAD","items_purchased":["Metallicize","HornCleat","Inflame","Warcry","Flame Barrier","Apotheosis","Lee\u0027s Waffle","Pear","Ghostly Armor"],"campfire_rested":3,"item_purchase_floors":[5,19,23,29,36,36,46,46,53],"current_hp_per_floor":[80,60,66,66,66,66,66,72,72,72,77,77,80,70,70,19,80,80,80,80,79,41,41,65,49,49,73,56,56,61,58,80,45,80,54,54,54,54,61,42,42,35,35,35,23,97,97,97,97,64,97,97,97,0,0],"gold":13,"neow_bonus":"THREE_ENEMY_KILL","is_daily":false,"chose_seed":false,"campfire_upgraded":4,"win_rate":0.0,"timestamp":1608360294,"path_taken":["M","?","M","?","$","R","$","E","T","?","M","M","M","M","R","BOSS","M","$","?","?","M","$","R","E","T","R","E","?","M","M","R","BOSS","M","$","M","?","M","E","?","M","T","R","M","$","?","?","R","BOSS","R","$","E"],"items_purchased_type":["Card","Relic","Card","Card","Card","Card","Relic","Relic","Card"],"build_version":"2020-12-13","purchased_purges":1,"victory":false,"max_hp_per_floor":[80,80,80,80,80,80,80,80,80,80,80,80,80,80,80,80,80,80,80,80,80,80,80,80,80,80,80,80,80,80,80,80,80,80,80,80,80,80,80,80,80,80,80,80,80,97,97,97,97,97,97,97,97,97,97],"card_choices":[{"not_picked":["Fire Breathing","Havoc"],"picked":"Entrench","floor":1},{"not_picked":["Second Wind","Armaments","Bloodletting"],"picked":"SKIP","floor":3},{"not_picked":["Battle Trance","Uppercut"],"picked":"Shrug It Off","floor":8},{"not_picked":["Shrug It Off","Twin Strike"],"picked":"Metallicize","floor":11},{"not_picked":["Evolve","Intimidate"],"picked":"Body Slam","floor":12},{"not_picked":["Seeing Red","Rage"],"picked":"Carnage","floor":13},{"not_picked":["Evolve","True Grit","Armaments"],"picked":"SKIP","floor":14},{"not_picked":["Berserk","Reaper"],"picked":"Demon Form","floor":16},{"not_picked":["Pommel Strike"],"picked":"SKIP","floor":18},{"not_picked":["Dark Embrace"],"picked":"SKIP","floor":21},{"not_picked":[],"picked":"Spot Weakness","floor":22},{"not_picked":["Uppercut"],"picked":"SKIP","floor":25},{"not_picked":["Perfected Strike"],"picked":"SKIP","floor":28},{"not_picked":["Rupture"],"picked":"SKIP","floor":30},{"not_picked":["Combust"],"picked":"SKIP","floor":31},{"not_picked":[],"picked":"Double Tap","floor":33},{"not_picked":["Shockwave"],"picked":"SKIP","floor":35},{"not_picked":[],"picked":"Fire Breathing+1","floor":37},{"not_picked":["Burning Pact"],"picked":"SKIP","floor":39},{"not_picked":["Wild Strike"],"picked":"SKIP","floor":40},{"not_picked":["Clash+1"],"picked":"SKIP","floor":42},{"not_picked":["Feel No Pain+1"],"picked":"SKIP","floor":45},{"not_picked":[],"picked":"Panache","floor":47}],"player_experience":232707,"relics_obtained":[{"floor":8,"key":"Gambling Chip"},{"floor":9,"key":"Torii"},{"floor":25,"key":"Meat on the Bone"},{"floor":26,"key":"Mercury Hourglass"},{"floor":28,"key":"Blood Vial"},{"floor":40,"key":"Akabeko"},{"floor":43,"key":"Anchor"}],"event_choices":[{"damage_healed":0,"gold_gain":0,"player_choice":"Take Damage","damage_taken":20,"relics_obtained":["Golden Idol"],"max_hp_gain":0,"max_hp_loss":0,"event_name":"Golden Idol","floor":2,"gold_loss":0},{"damage_healed":0,"gold_gain":0,"player_choice":"Ignored","damage_taken":0,"max_hp_gain":0,"max_hp_loss":0,"event_name":"Liars Game","floor":4,"gold_loss":0},{"damage_healed":0,"gold_gain":0,"player_choice":"Got Potions","damage_taken":0,"max_hp_gain":0,"max_hp_loss":0,"event_name":"Lab","floor":10,"gold_loss":0},{"damage_healed":0,"gold_gain":333,"player_choice":"Gave Idol","damage_taken":0,"max_hp_gain":0,"max_hp_loss":0,"event_name":"The Moai Head","floor":38,"relics_lost":["Golden Idol"],"gold_loss":0},{"damage_healed":0,"gold_gain":0,"player_choice":"Ignored","damage_taken":0,"max_hp_gain":0,"max_hp_loss":0,"event_name":"Mysterious Sphere","floor":41,"gold_loss":0},{"damage_healed":0,"gold_gain":0,"player_choice":"Memory 1","damage_taken":0,"max_hp_gain":0,"max_hp_loss":0,"event_name":"SensoryStone","floor":47,"gold_loss":0},{"damage_healed":0,"gold_gain":0,"player_choice":"Cursed","damage_taken":0,"max_hp_gain":0,"max_hp_loss":0,"event_name":"Wheel of Change","floor":48,"gold_loss":0,"cards_obtained":["Decay"]}],"is_beta":false,"boss_relics":[{"not_picked":["Black Blood","Calling Bell"],"picked":"Busted Crown"},{"not_picked":["Velvet Choker","Black Star"],"picked":"Astrolabe"}],"items_purged_floors":[29],"is_endless":false,"potions_floor_spawned":[1,12,13,16,21,22,30,33,37,40,42],"killed_by":"Shield and Spear","ascension_level":0}}