{"host":"002az6fcexqbqbj8","time":1608411644,"event":{"mods":["BaseMod","Colored Map","Googly Eyes","Highlight Path","Infinite Spire","Minty Spire (QoL Compilation)","Replay The Spire","StSLib"],"gold_per_floor":[111,131,199,199,213,241,241,253,277,294,294,294,294],"floor_reached":12,"playtime":759,"items_purged":[],"score":88,"play_id":"9d92c877-16fb-4607-b0e8-2d78eb0abd4c","local_time":"20201219130044","is_ascension_mode":true,"campfire_choices":[{"floor":7,"key":"RECALL"}],"circlet_count":0,"master_deck":["Strike_P","Strike_P","Strike_P","Strike_P","Defend_P","Defend_P","Defend_P","Eruption","Vigilance","ReachHeaven","EmptyFist","Evaluate","SandsOfTime","Consecrate","Conclude"],"relics":["Replay:M_StaffOfTheSnake","NeowsBlessing","Orichalcum","infinitespire:Cubic Diamond"],"acts_visited":["Exordium"],"potions_floor_usage":[12,12],"damage_taken":[{"damage":0,"enemies":"Small Slimes","floor":1,"turns":1},{"damage":0,"enemies":"Jaw Worm","floor":2,"turns":1},{"damage":0,"enemies":"Cultist","floor":5,"turns":1},{"damage":26,"enemies":"Lagavulin","floor":6,"turns":7},{"damage":10,"enemies":"Large Slime","floor":8,"turns":4},{"damage":16,"enemies":"Exordium Thugs","floor":10,"turns":5},{"damage":0,"enemies":"Gremlin Nob","floor":12,"turns":3}],"seed_played":"-5141561641401191747","potions_obtained":[{"floor":1,"key":"SpeedPotion"},{"floor":8,"key":"SteroidPotion"},{"floor":10,"key":"PowerPotion"}],"is_trial":false,"path_per_floor":["M","M","?","?","M","E","R","M","T","M","?","E"],"character_chosen":"WATCHER","items_purchased":[],"campfire_rested":0,"item_purchase_floors":[],"current_hp_per_floor":[72,72,72,72,72,46,46,36,36,20,20,20,20],"gold":294,"neow_bonus":"THREE_ENEMY_KILL","is_daily":false,"chose_seed":false,"campfire_upgraded":0,"win_rate":0.0,"timestamp":1608411644,"path_taken":["M","M","?","?","?","E","R","M","T","M","?","E"],"items_purchased_type":[],"build_version":"2020-12-13","purchased_purges":0,"victory":false,"max_hp_per_floor":[72,72,72,72,72,72,72,72,72,72,72,72,72],"card_choices":[{"not_picked":["Replay:Anticipation","CutThroughFate"],"picked":"ReachHeaven","floor":1},{"not_picked":["ThirdEye","Replay:Battleflow"],"picked":"EmptyFist","floor":2},{"not_picked":["SashWhip","FlyingSleeves"],"picked":"Evaluate","floor":5},{"not_picked":["BowlingBash","Study"],"picked":"SandsOfTime","floor":6},{"not_picked":["Halt","JustLucky"],"picked":"Consecrate","floor":8},{"not_picked":["EmptyFist","Replay:ManipulateFuture"],"picked":"Conclude","floor":10}],"player_experience":92705,"relics_obtained":[{"floor":6,"key":"Orichalcum"}],"event_choices":[{"damage_healed":0,"gold_gain":68,"player_choice":"Gained Gold","damage_taken":0,"max_hp_gain":0,"max_hp_loss":0,"event_name":"Golden Wing","floor":3,"gold_loss":0},{"cards_removed":["Defend_P"],"damage_healed":0,"gold_gain":0,"player_choice":"Purged","damage_taken":0,"max_hp_gain":0,"max_hp_loss":0,"event_name":"Purifier","floor":4,"gold_loss":0}],"is_beta":false,"boss_relics":[],"items_purged_floors":[],"is_endless":false,"potions_floor_spawned":[1,8,10],"killed_by":"Gremlin Nob","ascension_level":2}}