{"host":"enfgzo6yn4zdbao9","time":1608420545,"event":{"mods":["AchievementEnabler","BaseMod","Colored Powertips","Minty Spire (QoL Compilation)","Relic Stats","StSLib","slay the spire mod where everything is the same but ironclad has a cowboy hat"],"gold_per_floor":[110,127,127,140,155,183,183,210,210,210,239,258,258,277,277,277,277],"floor_reached":16,"playtime":849,"items_purged":[],"score":208,"play_id":"2c5efb95-fd5e-45b0-ae94-982b169ec7bb","local_time":"20201219152905","is_ascension_mode":true,"campfire_choices":[{"floor":7,"key":"REST"},{"floor":13,"key":"REST"},{"floor":15,"key":"DIG"}],"circlet_count":0,"master_deck":["AscendersBane","Strike_R","Strike_R","Strike_R","Strike_R","Defend_R","Defend_R","Defend_R","Defend_R","Bash","Anger","Flex","Feed","Cleave","Sword Boomerang","Power Through","Flame Barrier","Pommel Strike","Dropkick"],"relics":["SlaversCollar","Shovel","HornCleat","Paper Frog","Ancient Tea Set","Meat on the Bone"],"acts_visited":["Exordium"],"potions_floor_usage":[8,11,16,16,16],"damage_taken":[{"damage":0,"enemies":"2 Louse","floor":1,"turns":3},{"damage":13,"enemies":"Jaw Worm","floor":2,"turns":4},{"damage":6,"enemies":"Cultist","floor":4,"turns":4},{"damage":19,"enemies":"Lots of Slimes","floor":5,"turns":5},{"damage":30,"enemies":"3 Sentries","floor":6,"turns":7},{"damage":31,"enemies":"Lagavulin","floor":8,"turns":8},{"damage":11,"enemies":"Gremlin Nob","floor":11,"turns":5},{"damage":0,"enemies":"Looter","floor":12,"turns":3},{"damage":13,"enemies":"Blue Slaver","floor":14,"turns":2},{"damage":53,"enemies":"The Guardian","floor":16,"turns":9}],"seed_played":"6954304786697074302","potions_obtained":[{"floor":4,"key":"Block Potion"},{"floor":6,"key":"Dexterity Potion"},{"floor":8,"key":"Block Potion"},{"floor":12,"key":"Fruit Juice"},{"floor":14,"key":"ColorlessPotion"}],"is_trial":false,"path_per_floor":["M","M","?","M","M","E","R","E","T","?","E","M","R","M","R","B"],"character_chosen":"IRONCLAD","items_purchased":[],"campfire_rested":2,"item_purchase_floors":[],"current_hp_per_floor":[72,59,59,53,37,10,35,4,4,32,24,27,54,41,41,0,0],"gold":277,"neow_bonus":"BOSS_RELIC","is_daily":false,"chose_seed":false,"campfire_upgraded":0,"win_rate":0.0,"timestamp":1608420545,"path_taken":["M","M","?","M","M","E","R","E","T","?","E","M","R","M","R","BOSS"],"items_purchased_type":[],"build_version":"2020-12-13","purchased_purges":0,"victory":false,"max_hp_per_floor":[80,80,80,80,83,86,86,86,86,86,89,92,92,92,92,97,97],"relic_stats":{"Shovel":1,"counters":[10,50],"obtain_stats":[{"SlaversCollar":0,"Shovel":6,"HornCleat":8,"Ancient Tea Set":11,"Burning Blood":0,"Paper Frog":9,"Meat on the Bone":15},{"SlaversCollar":0,"Shovel":5,"HornCleat":6,"Ancient Tea Set":7,"Burning Blood":0,"Paper Frog":6,"Meat on the Bone":9},{"SlaversCollar":0,"Shovel":23,"HornCleat":31,"Ancient Tea Set":36,"Burning Blood":0,"Paper Frog":31,"Meat on the Bone":41}],"Meat on the Bone":0},"card_choices":[{"not_picked":["Sword Boomerang","Rage"],"picked":"Anger","floor":1},{"not_picked":["Seeing Red","Warcry"],"picked":"Flex","floor":2},{"not_picked":["Ghostly Armor","Shrug It Off"],"picked":"Feed","floor":4},{"not_picked":["Anger","Sword Boomerang"],"picked":"Cleave","floor":5},{"not_picked":["Wild Strike","Intimidate"],"picked":"Sword Boomerang","floor":6},{"not_picked":["Clothesline","Sword Boomerang"],"picked":"Power Through","floor":8},{"not_picked":["Clash","Whirlwind"],"picked":"Flame Barrier","floor":11},{"not_picked":["Clash","Warcry"],"picked":"Pommel Strike","floor":12},{"not_picked":["Heavy Blade","Cleave"],"picked":"Dropkick","floor":14}],"player_experience":425951,"relics_obtained":[{"floor":6,"key":"Shovel"},{"floor":8,"key":"HornCleat"},{"floor":9,"key":"Paper Frog"},{"floor":11,"key":"Ancient Tea Set"},{"floor":15,"key":"Meat on the Bone"}],"event_choices":[{"cards_removed":["Strike_R"],"damage_healed":0,"gold_gain":0,"player_choice":"Forget","damage_taken":0,"max_hp_gain":0,"max_hp_loss":0,"event_name":"Living Wall","floor":3,"gold_loss":0},{"damage_healed":28,"gold_gain":0,"player_choice":"Banana","damage_taken":0,"max_hp_gain":0,"max_hp_loss":0,"event_name":"Big Fish","floor":10,"gold_loss":0}],"is_beta":false,"boss_relics":[],"items_purged_floors":[],"is_endless":false,"potions_floor_spawned":[4,6,8,12,14],"killed_by":"The Guardian","ascension_level":10}}