{"host":"dx8mnueonnkh60qu","time":1608370023,"event":{"mods":["AchievementEnabler","Act Like it!","Aspiration","BaseMod","Better Silent Start","Better Third Choice","Defuse TimeMaze Blight","Dota2Spire","Downfall","Hubris","Marked Mod","Minty Spire (QoL Compilation)","Rare Cards Sparkle","Relic Stats","Robot Space Explorer","Spicy Shops","Spikes Relics","StSLib","SuperFastMode","The Blue Laboratory"],"gold_per_floor":[99,110,210,210,227,227,307,324,324,352,371,390,390,404,424,424,424],"floor_reached":16,"playtime":812,"items_purged":[],"score":104,"play_id":"72030652-4111-463f-b24b-6a4f896ff811","local_time":"20201219042703","is_ascension_mode":false,"campfire_choices":[{"data":"hexamod:Float","floor":1,"key":"SMITH"},{"floor":6,"key":"REST"},{"data":"hexamod:GhostOfSpirePast","floor":9,"key":"SMITH"}],"circlet_count":0,"master_deck":["hexamod:Strike","hexamod:Strike","hexamod:Strike","hexamod:Strike","hexamod:Defend+1","hexamod:Defend","hexamod:Defend","hexamod:Defend","hexamod:Sear","hexamod:Float+1","hexamod:Hexaguard","hexamod:GhostOfSpirePast+1","hexamod:SpectersWail+1","hexamod:ParanormalForm+1","hexamod:GhostShield","hexamod:InspiringFlames","Regret","hexamod:ExtraCrispy"],"relics":["hexamod:SpiritBrand","hexamod:BolsterEngine","downfall:ShatteredFragment","aspiration:StickyExplosives_weak","Shovel"],"acts_visited":["Exordium"],"potions_floor_usage":[16],"damage_taken":[{"damage":0,"enemies":"Small Slimes","floor":2,"turns":3},{"damage":0,"enemies":"Jaw Worm","floor":5,"turns":3},{"damage":0,"enemies":"2 Louse","floor":8,"turns":3},{"damage":9,"enemies":"3 Sentries","floor":10,"turns":9},{"damage":0,"enemies":"2 Fungi Beasts","floor":11,"turns":3},{"damage":10,"enemies":"Large Slime","floor":12,"turns":5},{"damage":3,"enemies":"Gremlin Gang","floor":14,"turns":2},{"damage":0,"enemies":"2 Fungi Beasts","floor":15,"turns":3},{"damage":50,"enemies":"downfall:Silent","floor":16,"turns":8}],"seed_played":"4846198549238020189","potions_obtained":[{"floor":2,"key":"sneckomod:MuddlingPotion"},{"floor":5,"key":"blueLaboratory:BottleOfRum"}],"is_trial":false,"path_per_floor":["R","M","?","?","M","R","T","M","R","E","M","M","?","M","M","B"],"character_chosen":"THE_SPIRIT","items_purchased":[],"campfire_rested":1,"item_purchase_floors":[],"current_hp_per_floor":[70,70,70,49,49,70,70,70,70,61,61,51,51,48,48,0,0],"gold":424,"neow_bonus":"RANDOM_COMMON_RELIC","is_daily":false,"chose_seed":false,"campfire_upgraded":2,"win_rate":0.0,"timestamp":1608370023,"path_taken":["R","M","?","?","M","R","T","M","R","E","M","M","?","?","M","BOSS"],"items_purchased_type":[],"build_version":"2020-12-13","purchased_purges":0,"victory":false,"max_hp_per_floor":[70,70,70,70,70,70,70,70,70,70,70,70,70,70,70,70,70],"relic_stats":{"Shovel":0,"counters":[9,39],"obtain_stats":[{"downfall:ShatteredFragment":4,"Shovel":10,"hexamod:BolsterEngine":0,"hexamod:SpiritBrand":0,"aspiration:StickyExplosives_weak":7},{"downfall:ShatteredFragment":1,"Shovel":4,"hexamod:BolsterEngine":0,"hexamod:SpiritBrand":0,"aspiration:StickyExplosives_weak":2},{"downfall:ShatteredFragment":3,"Shovel":18,"hexamod:BolsterEngine":0,"hexamod:SpiritBrand":0,"aspiration:StickyExplosives_weak":6}]},"card_choices":[{"not_picked":["hexamod:CatchUp","hexamod:ShieldOfDarkness"],"picked":"hexamod:Hexaguard","floor":2},{"not_picked":["hexamod:BurningTouch","hexamod:RainOfEmbers"],"picked":"hexamod:GhostOfSpirePast","floor":5},{"not_picked":["hexamod:RainOfEmbers","hexamod:UnleashSpirits"],"picked":"hexamod:SpectersWail","floor":8},{"not_picked":["hexamod:GhostOfSpirePast","hexamod:RainOfEmbers"],"picked":"hexamod:ParanormalForm","floor":10},{"not_picked":["hexamod:DynamicBlow","hexamod:NightmareGuise"],"picked":"hexamod:GhostShield","floor":11},{"not_picked":["hexamod:BurningTouch","hexamod:Hexaguard"],"picked":"hexamod:InspiringFlames","floor":12},{"not_picked":["hexamod:ChargedBarrage","hexamod:InspiringFlames","hexamod:ThermalTransfer"],"picked":"SKIP","floor":14},{"not_picked":["hexamod:NightmareStrike","hexamod:ChargedBarrage"],"picked":"hexamod:ExtraCrispy","floor":15}],"player_experience":565178,"relics_obtained":[{"floor":7,"key":"aspiration:StickyExplosives_weak"},{"floor":10,"key":"Shovel"}],"event_choices":[],"is_beta":false,"boss_relics":[],"items_purged_floors":[],"is_endless":false,"potions_floor_spawned":[2,5],"killed_by":"downfall:Silent","ascension_level":0}}