{"host":"8g24zuco0epbjwbo","time":1608422246,"event":{"mods":["Act Like it!","BaseMod","Hallownest","Minty Spire (QoL Compilation)","Relic Stats","StSLib","The Blue Laboratory","The Bug Knight"],"gold_per_floor":[118,118,129,54,54,54,88,102,102,136,136,154,183,183,183,183,183],"floor_reached":16,"playtime":886,"items_purged":[],"score":122,"play_id":"54b8baf8-78f6-4799-abd4-647b6c74c3f5","local_time":"20201219185726","is_ascension_mode":true,"campfire_choices":[{"data":"Hallownest:skillGreenpathMap","floor":6,"key":"SMITH"},{"data":"HollowMod:MothsMistake","floor":11,"key":"SMITH"},{"data":"1","floor":15,"key":"LIFT"}],"circlet_count":0,"master_deck":["HollowMod:NailStrikeStart","HollowMod:NailStrikeStart","HollowMod:NailStrikeStart","HollowMod:QuickDashStart","HollowMod:QuickDashStart","HollowMod:QuickDashStart","HollowMod:QuickDashStart","HollowMod:FocusHealStart","HollowMod:PogoStrike","HollowMod:WhiteLadysBlessing","HollowMod:HowlingWraiths","HollowMod:PerfectDash","Hallownest:skillGreenpathMap+1","HollowMod:VengefulVoid","HollowMod:CornifersMapStart","HollowMod:MothsMistake+1","HollowMod:ShadowDash"],"relics":["HollowMod:VesselMask","Hallownest:DreamNailRelic","Meat on the Bone","Mummified Hand","HollowMod:MantisClawRelic","Girya","Hallownest:TeacherSealRelic"],"acts_visited":["Exordium"],"potions_floor_usage":[],"damage_taken":[{"damage":0,"enemies":"Hallownest:2_Baldur","floor":1,"turns":3},{"damage":0,"enemies":"Hallownest:2_Tiktiks_and_1_Crawlid","floor":3,"turns":2},{"damage":25,"enemies":"Hallownest:eliteCrystalGuardian","floor":7,"turns":8},{"damage":0,"enemies":"Hallownest:2_MossCreeps","floor":8,"turns":6},{"damage":16,"enemies":"Hallownest:eliteMossKnight","floor":10,"turns":20},{"damage":4,"enemies":"Hallownest:1_Baldur_1_Crawlid_1_Warrior","floor":12,"turns":4},{"damage":38,"enemies":"Hallownest:eliteCrystalGuardian","floor":13,"turns":6},{"damage":66,"enemies":"Hallownest:BossHornet","floor":16,"turns":10}],"seed_played":"2569281078737925304","potions_obtained":[{"floor":3,"key":"blueLaboratory:LouseDecoction"}],"is_trial":false,"path_per_floor":["M","?","M","?","?","R","E","M","T","E","R","M","E","?","R","B"],"character_chosen":"THE_BUGKNIGHT","items_purchased":[],"campfire_rested":0,"item_purchase_floors":[],"current_hp_per_floor":[75,75,75,75,75,75,62,74,74,63,63,65,45,45,45,0,0],"gold":183,"neow_bonus":"ONE_RANDOM_RARE_CARD","is_daily":false,"chose_seed":false,"campfire_upgraded":2,"win_rate":0.0,"timestamp":1608422246,"path_taken":["M","?","M","?","?","R","E","?","T","E","R","M","E","?","R","BOSS"],"items_purchased_type":[],"build_version":"2020-12-13","purchased_purges":0,"victory":false,"max_hp_per_floor":[75,75,75,75,75,75,75,75,75,75,75,75,75,75,75,75,75],"relic_stats":{"counters":[8,59],"Mummified Hand":[7],"obtain_stats":[{"Girya":13,"Mummified Hand":9,"HollowMod:VesselMask":0,"Hallownest:DreamNailRelic":5,"HollowMod:MantisClawRelic":10,"Hallownest:TeacherSealRelic":14,"Meat on the Bone":7},{"Girya":7,"Mummified Hand":4,"HollowMod:VesselMask":0,"Hallownest:DreamNailRelic":2,"HollowMod:MantisClawRelic":5,"Hallownest:TeacherSealRelic":7,"Meat on the Bone":3},{"Girya":49,"Mummified Hand":19,"HollowMod:VesselMask":0,"Hallownest:DreamNailRelic":5,"HollowMod:MantisClawRelic":39,"Hallownest:TeacherSealRelic":49,"Meat on the Bone":13}],"Meat on the Bone":12},"card_choices":[{"not_picked":["HollowMod:GrimmsGift","HollowMod:SoulSplash"],"picked":"HollowMod:HowlingWraiths","floor":1},{"not_picked":["HollowMod:HeavyBlow","HollowMod:AbyssShriek"],"picked":"HollowMod:PerfectDash","floor":3},{"not_picked":["HollowMod:Grubsong","HollowMod:NewGlowingWomb"],"picked":"HollowMod:VengefulVoid","floor":7},{"not_picked":["HollowMod:SoulSplash","HollowMod:NewLittleFool"],"picked":"HollowMod:CornifersMapStart","floor":8},{"not_picked":["HollowMod:BaldurShell","HollowMod:MantisMark"],"picked":"HollowMod:MothsMistake","floor":10},{"not_picked":["HollowMod:BaldurShell","HollowMod:PaleKingsBlessing","HollowMod:DreamGate"],"picked":"SKIP","floor":12},{"not_picked":["HollowMod:HeavyBlow","HollowMod:SoulStrike"],"picked":"HollowMod:ShadowDash","floor":13}],"player_experience":362975,"relics_obtained":[{"floor":7,"key":"Meat on the Bone"},{"floor":9,"key":"Mummified Hand"},{"floor":10,"key":"HollowMod:MantisClawRelic"},{"floor":13,"key":"Girya"}],"event_choices":[],"is_beta":false,"boss_relics":[],"items_purged_floors":[],"is_endless":false,"potions_floor_spawned":[3],"killed_by":"Hallownest:BossHornet","ascension_level":1}}