{"host":"dntw6kil9p09eemm","time":1608346038,"event":{"mods":["Act Like it!","Aspiration","BaseMod","BetterRewards","Colored Powertips","Downfall","Hallownest","Hermit","Hubris","Minty Spire (QoL Compilation)","Permanent Neow","Shop Mod","Spicy Shops","StSLib","The Runesmith","Waifu the Spire"],"gold_per_floor":[119,131,145,145,98,129,129,145,169,169,169,182,77,90,90,186,186,204,224,224,28,28,54,54,67,67,81,94,94,113,132,132,228,228,241,241,260,280,292,292,292,292],"floor_reached":41,"playtime":6808,"items_purged":[],"score":444,"play_id":"253ad88b-7e16-4c56-aca3-6a460eb03e41","local_time":"20201219114718","is_ascension_mode":false,"campfire_choices":[{"data":"hexamod:Float","floor":11.0,"key":"SMITH"},{"data":"hexamod:FastForward","floor":15.0,"key":"SMITH"},{"data":"hexamod:FastForward","floor":24.0,"key":"SMITH"},{"floor":29.0,"key":"REST"},{"data":"hexamod:FastForward","floor":32.0,"key":"SMITH"},{"floor":40,"key":"REST"}],"circlet_count":0,"master_deck":["hexamod:Strike","hexamod:Strike","hexamod:Strike","hexamod:Strike","hexamod:Defend","hexamod:Defend","hexamod:Defend","hexamod:Defend","hexamod:Sear","hexamod:Float+1","hexamod:GhostOfSpireFuture","hexamod:Firestarter","hexamod:FastForward+1","hexamod:StepThrough","hexamod:GhostflameInferno","hexamod:FastForward+1","hexamod:EmpoweredFlame","hexamod:TimeWarp","hexamod:BurningTouch+1","hexamod:FastForward+1","hexamod:CatchUp","hexamod:Incineration+1","hexamod:ExtraCrispy","hexamod:ThermalTransfer","hexamod:SoulSteal","hexamod:TimeWarp","hexamod:SoulSteal+1"],"relics":["hexamod:SpiritBrand","aspiration:Nostalgia","PureWater","hexamod:CandleOfCauterizing","Hallownest:DreamNailRelic","MerchantsRug","hubris:VirtuousBlindfold","hexamod:SoulConsumer","Vajra","MealTicket","hexamod:IceCube"],"acts_visited":["Exordium","Hallownest:Greenpath","Hallownest:CityofTears"],"potions_floor_usage":[39,39],"damage_taken":[{"damage":0.0,"enemies":"2_ Uuma","floor":1.0,"turns":4.0},{"damage":0.0,"enemies":"Hallownest:2_Baldur","floor":2.0,"turns":3.0},{"damage":0.0,"enemies":"Hallownest:monsterHuskWarrior","floor":3.0,"turns":3.0},{"damage":8.0,"enemies":"Hallownest:eliteVengeflyKing","floor":6.0,"turns":7.0},{"damage":0.0,"enemies":"Hallownest:Wandering_and_Horned","floor":8.0,"turns":4.0},{"damage":0.0,"enemies":"Hallownest:monsterMossCharger","floor":12.0,"turns":3.0},{"damage":2.0,"enemies":"Hallownest:1_Baldur_1_Crawlid_1_Warrior","floor":14.0,"turns":5.0},{"damage":45.0,"enemies":"Hallownest:BossBrokenVessel","floor":16.0,"turns":9.0},{"damage":3.0,"enemies":"Hallownest:2_Mistakes","floor":18.0,"turns":5.0},{"damage":5.0,"enemies":"Hallownest:Guard_and_Sentry","floor":19.0,"turns":4.0},{"damage":0.0,"enemies":"Hallownest:Nosk","floor":23.0,"turns":6.0},{"damage":4.0,"enemies":"Hallownest:3_Mistakes","floor":25.0,"turns":5.0},{"damage":9.0,"enemies":"Hallownest:2_Flukemon","floor":27.0,"turns":6.0},{"damage":10.0,"enemies":"Hallownest:2_Husk_Sentries","floor":28.0,"turns":4.0},{"damage":6.0,"enemies":"Hallownest:monsterShrumalOgre","floor":30.0,"turns":4.0},{"damage":0.0,"enemies":"Hallownest:monsterMisterMushroom","floor":31.0,"turns":3.0},{"damage":51.0,"enemies":"Hallownest:BossMantisLord","floor":33.0,"turns":6.0},{"damage":45.0,"enemies":"Hallownest:2_Littles","floor":35.0,"turns":5.0},{"damage":8.0,"enemies":"Hallownest:Shield_Heavy","floor":37.0,"turns":4.0},{"damage":6,"enemies":"Hallownest:Shield_Sturdy","floor":38,"turns":4},{"damage":10,"enemies":"Hallownest:2_Soldiers_and_1_Guardian","floor":39,"turns":6},{"damage":24,"enemies":"Hallownest:eliteCollector","floor":41,"turns":6}],"seed_played":"-1721558416553103637","potions_obtained":[{"floor":1.0,"key":"Ancient Potion"},{"floor":3.0,"key":"SteroidPotion"},{"floor":6.0,"key":"hexamod:EctoCoolerPotion"},{"floor":18.0,"key":"Explosive Potion"},{"floor":27.0,"key":"sneckomod:MuddlingPotion"},{"floor":28.0,"key":"Block Potion"},{"floor":31.0,"key":"Dexterity Potion"},{"floor":33.0,"key":"Energy Potion"},{"floor":38,"key":"Block Potion"}],"is_trial":false,"path_per_floor":["M","M","M","?","$","E","?","M","T","?","R","M","$","M","R","B",null,"M","M","?","$","?","E","R","M","T","M","M","R","M","M","R","B",null,"M","?","M","M","M","R","E"],"character_chosen":"THE_SPIRIT","items_purchased":["hexamod:FastForward","MerchantsRug","hexamod:SoulConsumer"],"campfire_rested":2,"item_purchase_floors":[5,13,21],"current_hp_per_floor":[70,70,70,70,70,62,53,53,53,53,53,53,53,51,51,6,70,67,62,62,62,62,62,62,58,58,49,39,60,54,54,54,3,70,25,25,17,11,1,22,0,0],"gold":292,"neow_bonus":"NOSTALGIA","is_daily":false,"chose_seed":false,"campfire_upgraded":4,"win_rate":0.0,"timestamp":1608346038,"path_taken":["M","M","M","?","$","E","?","M","T","?","R","?","$","?","R","BOSS","M","M","?","$","?","E","R","M","T","M","M","R","?","M","R","BOSS","M","?","M","M","?","R","E"],"items_purchased_type":["Card","Relic","Relic"],"build_version":"2020-12-13","purchased_purges":0,"victory":false,"max_hp_per_floor":[70,70,70,70,70,70,70,70,70,70,70,70,70,70,70,70,70,70,70,70,70,70,70,70,70,70,70,70,70,70,70,70,70,70,70,70,70,70,70,70,70,70],"card_choices":[{"not_picked":["hexamod:NightmareStrike","hexamod:FirstSeal"],"picked":"hexamod:GhostOfSpireFuture","floor":1.0},{"not_picked":["hexamod:NightmareGuise","hexamod:GhostLash","hexamod:InspiringFlames"],"picked":"SKIP","floor":2.0},{"not_picked":["hexamod:SpectersWail","hexamod:SkipABeat"],"picked":"hexamod:Firestarter","floor":3.0},{"not_picked":["hexamod:SwordOfDarkness","hexamod:RainOfEmbers"],"picked":"hexamod:StepThrough","floor":6.0},{"not_picked":["hexamod:ChargedBarrage","hexamod:BacktrackSmack"],"picked":"hexamod:GhostflameInferno","floor":8.0},{"not_picked":["hexamod:SwordOfDarkness","hexamod:StepThrough"],"picked":"hexamod:FastForward","floor":12.0},{"not_picked":["hexamod:ShieldOfDarkness","hexamod:HeatShield"],"picked":"hexamod:EmpoweredFlame","floor":14.0},{"not_picked":["hexamod:SixthSeal","hexamod:TurnItUp"],"picked":"hexamod:TimeWarp","floor":16.0},{"not_picked":["hexamod:NightmareStrike","hexamod:RainOfEmbers"],"picked":"hexamod:BurningTouch+1","floor":18.0},{"not_picked":["hexamod:NightmareStrike+1","hexamod:SwordOfDarkness"],"picked":"hexamod:FastForward","floor":19.0},{"not_picked":["hexamod:RecurringNightmare","hexamod:NightmareStrike"],"picked":"hexamod:Incineration+1","floor":23.0},{"not_picked":["hexamod:BurningTouch","hexamod:HauntingEcho","hexamod:GhostOfSpirePresent"],"picked":"SKIP","floor":25.0},{"not_picked":["hexamod:SwordOfDarkness","hexamod:HeatCrush+1","hexamod:GhostShield"],"picked":"SKIP","floor":27.0},{"not_picked":["hexamod:GhostOfSpirePast","hexamod:WildfireWeapon"],"picked":"hexamod:ExtraCrispy","floor":28.0},{"not_picked":["hexamod:BacktrackSmack","hexamod:Again"],"picked":"hexamod:ThermalTransfer","floor":30.0},{"not_picked":["hexamod:Rewind","hexamod:ShieldOfDarkness"],"picked":"hexamod:SoulSteal","floor":31.0},{"not_picked":["hexamod:Toasty","hexamod:FifthSeal"],"picked":"hexamod:TimeWarp","floor":33.0},{"not_picked":["hexamod:ThirdSeal","hexamod:Firestarter","hexamod:ShieldOfDarkness"],"picked":"SKIP","floor":35.0},{"not_picked":["hexamod:PhantomCloak","hexamod:SwordOfDarkness+1"],"picked":"hexamod:SoulSteal+1","floor":37.0},{"not_picked":["hexamod:ShieldOfDarkness","hexamod:NightmareStrike+1","hexamod:GhostOfSpirePast"],"picked":"SKIP","floor":38},{"not_picked":["hexamod:InspiringFlames","hexamod:Hexaguard","hexamod:AdvancingGuard"],"picked":"SKIP","floor":39}],"player_experience":396152,"relics_obtained":[{"floor":6.0,"key":"hexamod:CandleOfCauterizing"},{"floor":9.0,"key":"Bag of Preparation"},{"floor":23.0,"key":"Vajra"},{"floor":26.0,"key":"MealTicket"}],"event_choices":[],"is_beta":false,"boss_relics":[{"not_picked":["Fusion Hammer","aspiration:FutureDiary"],"picked":"hubris:VirtuousBlindfold"},{"not_picked":["hubris:Stopwatch","Philosopher\u0027s Stone"],"picked":"hexamod:IceCube"}],"items_purged_floors":[],"is_endless":false,"potions_floor_spawned":[1,3,6,18,27,28,31,33,38],"killed_by":"Hallownest:eliteCollector","ascension_level":0}}