{"host":"qm4rv4rkpk76sbxu","time":1608373737,"event":{"mods":["BaseMod","Bestiary","Block Reminder","DeckTracker","Filter the Spire","Keyboard Shortcuts","Minty Spire (QoL Compilation)","MonsterHotkey","Potion Indicator Mod","Quick Restart","Random Character Button","Relic Stats","Slay-I","StSLib","ojb\u0027s Better Paths Mod"],"gold_per_floor":[109,120,120,120,120,152,117,143,194,215,246,246,256,268,268,347,347,365,225,260,279,194,194,221,12,12,12,41,41,55,86,86,158,158,169,183,183,183,202,235,235,265,292,292,292,1,28,38,38,38,38,38],"floor_reached":51,"playtime":3018,"items_purged":["Doubt"],"score":1504,"play_id":"910e51c4-7b2a-4c1b-9fc3-cf8f60ca6cf2","local_time":"20201219112857","is_ascension_mode":true,"campfire_choices":[{"floor":12.0,"key":"REST"},{"data":"Zap","floor":15.0,"key":"SMITH"},{"floor":23.0,"key":"REST"},{"floor":27.0,"key":"REST"},{"data":"Fusion","floor":29.0,"key":"SMITH"},{"data":"Capacitor","floor":32.0,"key":"SMITH"},{"data":"Coolheaded","floor":41.0,"key":"SMITH"},{"data":"Electrodynamics","floor":44.0,"key":"SMITH"},{"floor":49.0,"key":"RECALL"}],"circlet_count":0,"master_deck":["AscendersBane","Strike_B","Strike_B","Strike_B","Defend_B","Defend_B","Defend_B","Defend_B","Zap+1","Dualcast","Clumsy","Defragment+1","Ball Lightning","BootSequence","Coolheaded+1","Cold Snap","Electrodynamics+1","FTL+1","Core Surge+1","Lockon+1","Compile Driver+1","Fusion+1","Capacitor+1","Thunder Strike+1","Ball Lightning+1","Hologram+1","Conserve Battery","Panacea","Static Discharge+1","Seek"],"relics":["Cracked Core","Juzu Bracelet","Singing Bowl","PreservedInsect","Centennial Puzzle","Odd Mushroom","Molten Egg 2","SlaversCollar","Red Mask","Sundial","Meat on the Bone","Bird Faced Urn","Emotion Chip","Prayer Wheel","Snecko Eye","TungstenRod","Ice Cream","Blood Vial","Strange Spoon","Art of War"],"acts_visited":["Exordium","TheCity","TheBeyond"],"potions_floor_usage":[51,51],"damage_taken":[{"damage":6.0,"enemies":"2 Louse","floor":1.0,"turns":4.0},{"damage":11.0,"enemies":"Small Slimes","floor":2.0,"turns":4.0},{"damage":20.0,"enemies":"Lagavulin","floor":6.0,"turns":5.0},{"damage":31.0,"enemies":"Gremlin Nob","floor":8.0,"turns":4.0},{"damage":0.0,"enemies":"The Mushroom Lair","floor":10.0,"turns":4.0},{"damage":6.0,"enemies":"3 Sentries","floor":11.0,"turns":5.0},{"damage":0.0,"enemies":"Cultist","floor":13.0,"turns":4.0},{"damage":1.0,"enemies":"Blue Slaver","floor":14.0,"turns":3.0},{"damage":28.0,"enemies":"Hexaghost","floor":16.0,"turns":9.0},{"damage":23.0,"enemies":"3 Byrds","floor":18.0,"turns":3.0},{"damage":22.0,"enemies":"Masked Bandits","floor":20.0,"turns":3.0},{"damage":10.0,"enemies":"Spheric Guardian","floor":21.0,"turns":5.0},{"damage":15.0,"enemies":"Book of Stabbing","floor":24.0,"turns":3.0},{"damage":29.0,"enemies":"Slavers","floor":28.0,"turns":4.0},{"damage":18.0,"enemies":"Centurion and Healer","floor":30.0,"turns":6.0},{"damage":19.0,"enemies":"Book of Stabbing","floor":31.0,"turns":4.0},{"damage":17.0,"enemies":"Champ","floor":33.0,"turns":8.0},{"damage":35.0,"enemies":"3 Darklings","floor":35.0,"turns":4.0},{"damage":5.0,"enemies":"3 Shapes","floor":36.0,"turns":4.0},{"damage":43.0,"enemies":"Spire Growth","floor":39.0,"turns":6.0},{"damage":8.0,"enemies":"Giant Head","floor":40.0,"turns":5.0},{"damage":45.0,"enemies":"Nemesis","floor":42.0,"turns":5.0},{"damage":9.0,"enemies":"4 Shapes","floor":48.0,"turns":4.0},{"damage":72.0,"enemies":"Time Eater","floor":50.0,"turns":5.0},{"damage":69,"enemies":"Awakened One","floor":51,"turns":5}],"seed_played":"-8076706984422814800","potions_obtained":[{"floor":1.0,"key":"Fire Potion"},{"floor":8.0,"key":"FearPotion"},{"floor":20.0,"key":"EssenceOfDarkness"},{"floor":24.0,"key":"Fruit Juice"},{"floor":31.0,"key":"Swift Potion"},{"floor":36.0,"key":"Weak Potion"},{"floor":39.0,"key":"Block Potion"},{"floor":48.0,"key":"SpeedPotion"}],"is_trial":false,"path_per_floor":["M","M","?","?","?","E","?","E","T","?","E","R","M","M","R","B",null,"M","$","?","M","?","R","E","$","T","R","E","R","M","E","R","B",null,"M","M","?","?","M","E","R","E","T","R","?","$","T","M","R","B","B"],"character_chosen":"DEFECT","items_purchased":["Lockon+1","PowerPotion","Capacitor","Thunder Strike+1","Strange Spoon","AttackPotion"],"campfire_rested":3,"item_purchase_floors":[19,19,25,25,46,46],"current_hp_per_floor":[72,61,50,43,43,23,44,13,13,13,7,32,34,33,33,5,67,46,46,26,16,16,43,28,28,28,61,52,52,54,53,53,56,91,64,67,61,61,38,52,52,29,29,29,116,116,116,113,113,62,0,0],"gold":38,"neow_bonus":"TWENTY_PERCENT_HP_BONUS","is_daily":false,"chose_seed":false,"campfire_upgraded":5,"win_rate":0.0,"timestamp":1608373737,"path_taken":["M","M","?","?","?","E","?","E","T","?","E","R","M","M","R","BOSS","M","$","?","M","?","R","E","?","T","R","E","R","M","E","R","BOSS","M","M","?","?","M","E","R","E","T","R","?","$","?","M","R","BOSS","BOSS"],"items_purchased_type":["Card","Potion","Card","Card","Relic","Potion"],"build_version":"2020-12-13","purchased_purges":1,"victory":false,"max_hp_per_floor":[85,85,85,85,85,85,85,85,85,85,85,85,87,87,87,87,87,89,89,91,91,91,91,91,91,91,96,98,98,100,100,100,102,102,104,106,110,110,112,114,114,116,116,116,116,116,116,118,118,118,118,118],"relic_stats":{"Singing Bowl":28,"counters":[25,116],"PreservedInsect":341,"Juzu Bracelet":2,"Blood Vial":4,"Strange Spoon":[5],"Centennial Puzzle":[57],"Emotion Chip":[92,64,19,1,8],"Sundial":[8],"Bird Faced Urn":[71],"Snecko Eye":[74,82,68,66],"Prayer Wheel":4,"Art of War":[4],"obtain_stats":[{"Ice Cream":40,"Singing Bowl":6,"PreservedInsect":8,"Juzu Bracelet":3,"Odd Mushroom":10,"Blood Vial":42,"SlaversCollar":17,"Strange Spoon":46,"Centennial Puzzle":9,"Emotion Chip":28,"Sundial":22,"Bird Faced Urn":26,"Snecko Eye":34,"Molten Egg 2":11,"Prayer Wheel":31,"Red Mask":20,"Art of War":47,"Cracked Core":0,"TungstenRod":38,"Meat on the Bone":24},{"Ice Cream":21,"Singing Bowl":3,"PreservedInsect":4,"Juzu Bracelet":2,"Odd Mushroom":5,"Blood Vial":22,"SlaversCollar":9,"Strange Spoon":22,"Centennial Puzzle":4,"Emotion Chip":14,"Sundial":12,"Bird Faced Urn":13,"Snecko Eye":17,"Molten Egg 2":6,"Prayer Wheel":16,"Red Mask":11,"Art of War":22,"Cracked Core":0,"TungstenRod":19,"Meat on the Bone":13},{"Ice Cream":97,"Singing Bowl":13,"PreservedInsect":17,"Juzu Bracelet":8,"Odd Mushroom":21,"Blood Vial":102,"SlaversCollar":42,"Strange Spoon":102,"Centennial Puzzle":17,"Emotion Chip":60,"Sundial":53,"Bird Faced Urn":56,"Snecko Eye":78,"Molten Egg 2":26,"Prayer Wheel":70,"Red Mask":48,"Art of War":102,"Cracked Core":0,"TungstenRod":86,"Meat on the Bone":56}],"TungstenRod":25,"Meat on the Bone":96},"card_choices":[{"not_picked":["Coolheaded","Chaos"],"picked":"Defragment","floor":1.0},{"not_picked":["Rebound","Conserve Battery"],"picked":"Ball Lightning","floor":2.0},{"not_picked":["Rainbow","Meteor Strike"],"picked":"BootSequence","floor":6.0},{"not_picked":["FTL","Redo"],"picked":"Coolheaded","floor":8.0},{"not_picked":["Barrage","Ball Lightning"],"picked":"Cold Snap","floor":10.0},{"not_picked":["Redo","Reprogram"],"picked":"Electrodynamics","floor":11.0},{"not_picked":["Redo","Skim","Loop"],"picked":"Singing Bowl","floor":13.0},{"not_picked":["Barrage+1","Leap"],"picked":"FTL+1","floor":14.0},{"not_picked":["Hyperbeam+1","Thunder Strike+1"],"picked":"Core Surge+1","floor":16.0},{"not_picked":["Hello World","Doom and Gloom+1","Recycle"],"picked":"Singing Bowl","floor":18.0},{"not_picked":["Chaos","Sunder+1","Coolheaded+1"],"picked":"Singing Bowl","floor":20.0},{"not_picked":["Streamline+1","Rebound+1"],"picked":"Compile Driver+1","floor":21.0},{"not_picked":["Gash+1","Steam"],"picked":"Fusion","floor":24.0},{"not_picked":["Reprogram+1","Steam","Coolheaded"],"picked":"Singing Bowl","floor":28.0},{"not_picked":["Compile Driver+1","Meteor Strike+1","Skim"],"picked":"Singing Bowl","floor":30.0},{"not_picked":["Sweeping Beam+1","Leap"],"picked":"Ball Lightning+1","floor":31.0},{"not_picked":["Creative AI","Multi-Cast","Hyperbeam+1"],"picked":"Singing Bowl","floor":33.0},{"not_picked":["Turbo","Redo","Skim"],"picked":"Singing Bowl","floor":35.0},{"not_picked":["Steam+1","Fusion+1"],"picked":"Hologram+1","floor":35.0},{"not_picked":["Seek","Consume","Rebound+1"],"picked":"Singing Bowl","floor":36.0},{"not_picked":["Compile Driver+1","Recycle"],"picked":"Conserve Battery","floor":36.0},{"not_picked":["Enlightenment","Dark Shackles","Bandage Up"],"picked":"Singing Bowl","floor":37.0},{"not_picked":["Good Instincts","Madness","Jack Of All Trades"],"picked":"Singing Bowl","floor":37.0},{"not_picked":["Thinking Ahead","The Bomb"],"picked":"Panacea","floor":37.0},{"not_picked":["Leap","Chaos+1"],"picked":"Static Discharge+1","floor":39.0},{"not_picked":["Reprogram","Go for the Eyes+1","Stack"],"picked":"Singing Bowl","floor":39.0},{"not_picked":["Loop","Ball Lightning+1","BootSequence"],"picked":"Singing Bowl","floor":40.0},{"not_picked":["Loop","Gash+1","Leap"],"picked":"Singing Bowl","floor":42.0},{"not_picked":["Turbo","Gash+1","Sweeping Beam+1"],"picked":"Singing Bowl","floor":48.0},{"not_picked":["Hologram","Loop"],"picked":"Seek","floor":48.0}],"player_experience":1061564,"relics_obtained":[{"floor":6.0,"key":"Singing Bowl"},{"floor":8.0,"key":"PreservedInsect"},{"floor":9.0,"key":"Centennial Puzzle"},{"floor":10.0,"key":"Odd Mushroom"},{"floor":11.0,"key":"Molten Egg 2"},{"floor":20.0,"key":"Red Mask"},{"floor":24.0,"key":"Meat on the Bone"},{"floor":26.0,"key":"Bird Faced Urn"},{"floor":28.0,"key":"Emotion Chip"},{"floor":31.0,"key":"Prayer Wheel"},{"floor":40.0,"key":"Ice Cream"},{"floor":42.0,"key":"Blood Vial"},{"floor":47.0,"key":"Art of War"}],"event_choices":[{"damage_healed":0.0,"max_hp_gain":0.0,"max_hp_loss":0.0,"gold_gain":0.0,"event_name":"Scrap Ooze","player_choice":"Success","floor":3.0,"gold_loss":0.0,"damage_taken":11.0,"relics_obtained":["Juzu Bracelet"]},{"cards_removed":["Strike_B"],"damage_healed":0.0,"max_hp_gain":0.0,"max_hp_loss":0.0,"gold_gain":0.0,"event_name":"Golden Wing","player_choice":"Card Removal","floor":4.0,"gold_loss":0.0,"damage_taken":7.0},{"damage_healed":0.0,"max_hp_gain":0.0,"max_hp_loss":0.0,"gold_gain":0.0,"event_name":"Upgrade Shrine","player_choice":"Upgraded","floor":5.0,"gold_loss":0.0,"damage_taken":0.0,"cards_upgraded":["Defragment"]},{"damage_healed":21.0,"max_hp_gain":0.0,"max_hp_loss":0.0,"gold_gain":0.0,"event_name":"The Cleric","player_choice":"Healed","floor":7.0,"gold_loss":35.0,"damage_taken":0.0},{"damage_healed":0.0,"max_hp_gain":0.0,"max_hp_loss":0.0,"gold_gain":0.0,"event_name":"Mushrooms","player_choice":"Fought Mushrooms","floor":10.0,"gold_loss":0.0,"damage_taken":0.0},{"damage_healed":0.0,"max_hp_gain":0.0,"max_hp_loss":0.0,"gold_gain":0.0,"event_name":"Masked Bandits","player_choice":"Fought Bandits","floor":20.0,"gold_loss":0.0,"damage_taken":0.0},{"damage_healed":0.0,"max_hp_gain":0.0,"max_hp_loss":0.0,"gold_gain":0.0,"event_name":"Addict","player_choice":"Obtained Relic","floor":22.0,"gold_loss":85.0,"damage_taken":0.0,"relics_obtained":["Sundial"]},{"damage_healed":0.0,"max_hp_gain":0.0,"max_hp_loss":0.0,"gold_gain":0.0,"event_name":"SensoryStone","player_choice":"Memory 3","floor":37.0,"gold_loss":0.0,"damage_taken":10.0},{"damage_healed":0.0,"max_hp_gain":0.0,"max_hp_loss":0.0,"gold_gain":0.0,"event_name":"WeMeetAgain","player_choice":"Gave Potion","floor":38.0,"gold_loss":0.0,"damage_taken":0.0,"relics_obtained":["TungstenRod"]},{"damage_healed":87.0,"max_hp_gain":0.0,"max_hp_loss":0.0,"gold_gain":0.0,"event_name":"MindBloom","player_choice":"Heal","floor":45.0,"gold_loss":0.0,"damage_taken":0.0,"cards_obtained":["Doubt"]}],"is_beta":false,"boss_relics":[{"not_picked":["Cursed Key","Busted Crown"],"picked":"SlaversCollar"},{"not_picked":["SacredBark","Tiny House"],"picked":"Snecko Eye"}],"items_purged_floors":[46],"is_endless":false,"potions_floor_spawned":[1,8,20,24,31,36,39,48],"killed_by":"Awakened One","ascension_level":20}}