{"host":"cf32014d19ld5mat","time":1608381058,"event":{"mods":["AchievementEnabler","BaseMod","Block Reminder","Minty Spire (QoL Compilation)","Random Character Button","Relic Stats","StSLib"],"gold_per_floor":[113,126,145,164,179,210,230,230,230,250,269,304,327,337,337,409,409,419,419,419,419,419],"floor_reached":21,"playtime":795,"items_purged":[],"score":440,"play_id":"a89021a7-b6a2-4a70-90b0-ad56035ef590","local_time":"20201219123058","is_ascension_mode":true,"campfire_choices":[{"floor":8,"key":"REST"},{"data":"Conclude","floor":15,"key":"SMITH"}],"circlet_count":0,"master_deck":["AscendersBane","Eruption","Vigilance","BattleHymn","Wireheading","FlurryOfBlows","EmptyBody","FlurryOfBlows","Halt","WaveOfTheHand","Conclude+1","Wallop","LikeWater","LikeWater","DevaForm","Establishment","Vengeance","Alpha","WheelKick","CutThroughFate","Brilliance","DevaForm","Fasting2"],"relics":["VioletLotus","Ornamental Fan","TeardropLocket","Tiny Chest","Art of War","Pandora\u0027s Box"],"acts_visited":["Exordium","TheCity"],"potions_floor_usage":[6,7,16],"damage_taken":[{"damage":0,"enemies":"Cultist","floor":1,"turns":4},{"damage":14,"enemies":"2 Louse","floor":2,"turns":2},{"damage":7,"enemies":"Jaw Worm","floor":3,"turns":3},{"damage":5,"enemies":"2 Fungi Beasts","floor":4,"turns":4},{"damage":3,"enemies":"Blue Slaver","floor":5,"turns":3},{"damage":8,"enemies":"Gremlin Nob","floor":6,"turns":3},{"damage":22,"enemies":"Gremlin Gang","floor":7,"turns":5},{"damage":10,"enemies":"Exordium Thugs","floor":10,"turns":5},{"damage":0,"enemies":"2 Fungi Beasts","floor":11,"turns":3},{"damage":0,"enemies":"Lagavulin","floor":12,"turns":6},{"damage":0,"enemies":"Blue Slaver","floor":14,"turns":3},{"damage":10,"enemies":"Slime Boss","floor":16,"turns":7},{"damage":39,"enemies":"3 Byrds","floor":18,"turns":5},{"damage":0,"enemies":"Shell Parasite","floor":21,"turns":1}],"seed_played":"-2716601103576225099","potions_obtained":[{"floor":4,"key":"ColorlessPotion"},{"floor":5,"key":"Weak Potion"},{"floor":6,"key":"FearPotion"},{"floor":11,"key":"BottledMiracle"}],"is_trial":false,"path_per_floor":["M","M","M","M","M","E","M","R","T","M","M","E","T","M","R","B",null,"M","?","?","M"],"character_chosen":"WATCHER","items_purchased":[],"campfire_rested":1,"item_purchase_floors":[],"current_hp_per_floor":[61,47,40,35,32,24,2,22,22,12,12,12,12,12,12,2,52,13,13,13,13,13],"gold":419,"neow_bonus":"BOSS_RELIC","is_daily":false,"chose_seed":false,"campfire_upgraded":1,"win_rate":0.0,"timestamp":1608381058,"path_taken":["M","?","M","M","M","E","?","R","T","M","M","E","?","M","R","BOSS","M","?","?","M"],"items_purchased_type":[],"build_version":"2020-12-13","purchased_purges":0,"victory":false,"max_hp_per_floor":[68,68,68,68,68,68,68,68,68,68,68,68,68,68,68,68,68,68,68,68,68,68],"relic_stats":{"counters":[14,54],"Ornamental Fan":[48],"Tiny Chest":0,"Pandora\u0027s Box":["Establishment","ForeignInfluence","Vengeance","Alpha","WheelKick","CutThroughFate","Brilliance","DevaForm"],"VioletLotus":[16],"Art of War":[4],"obtain_stats":[{"Ornamental Fan":6,"Tiny Chest":12,"Pandora\u0027s Box":17,"VioletLotus":0,"Art of War":13,"TeardropLocket":9,"PureWater":0},{"Ornamental Fan":6,"Tiny Chest":10,"Pandora\u0027s Box":12,"VioletLotus":0,"Art of War":10,"TeardropLocket":7,"PureWater":0},{"Ornamental Fan":19,"Tiny Chest":38,"Pandora\u0027s Box":48,"VioletLotus":0,"Art of War":38,"TeardropLocket":24,"PureWater":0}]},"card_choices":[{"not_picked":["FollowUp","ThirdEye"],"picked":"BattleHymn","floor":1},{"not_picked":["DeceiveReality","ThirdEye"],"picked":"Wireheading","floor":2},{"not_picked":["InnerPeace","PathToVictory"],"picked":"FlurryOfBlows","floor":3},{"not_picked":["Protect","BowlingBash"],"picked":"EmptyBody","floor":4},{"not_picked":["Crescendo","Protect"],"picked":"FlurryOfBlows","floor":5},{"not_picked":["EmptyBody","FlurryOfBlows"],"picked":"Halt","floor":6},{"not_picked":["EmptyBody","Study"],"picked":"WaveOfTheHand","floor":7},{"not_picked":["EmptyFist","PathToVictory"],"picked":"Conclude","floor":10},{"not_picked":["Fasting2","MasterReality"],"picked":"Wallop","floor":11},{"not_picked":["Perseverance","CutThroughFate"],"picked":"LikeWater","floor":12},{"not_picked":["ThirdEye","PathToVictory"],"picked":"LikeWater","floor":14},{"not_picked":["Brilliance","Wish"],"picked":"DevaForm","floor":16},{"not_picked":["JustLucky","CutThroughFate"],"picked":"Fasting2","floor":18}],"player_experience":957039,"relics_obtained":[{"floor":6,"key":"Ornamental Fan"},{"floor":9,"key":"TeardropLocket"},{"floor":12,"key":"Tiny Chest"},{"floor":13,"key":"Art of War"}],"event_choices":[{"cards_removed":["ForeignInfluence"],"damage_healed":0,"gold_gain":0,"player_choice":"Elegance","damage_taken":0,"max_hp_gain":0,"max_hp_loss":0,"event_name":"Back to Basics","floor":19,"gold_loss":0},{"damage_healed":0,"gold_gain":0,"player_choice":"Ignored","damage_taken":0,"max_hp_gain":0,"max_hp_loss":0,"event_name":"Vampires","floor":20,"gold_loss":0}],"is_beta":false,"boss_relics":[{"not_picked":["Tiny House","Empty Cage"],"picked":"Pandora\u0027s Box"}],"items_purged_floors":[],"is_endless":false,"potions_floor_spawned":[4,5,6,11,14],"killed_by":"Shell Parasite","ascension_level":20}}