{"host":"2hea6pl5vmah38iy","time":1608366475,"event":{"mods":["AchievementEnabler","BaseMod","Colored Map","DeckTracker","Keyboard Shortcuts","Minty Spire (QoL Compilation)","Rare Cards Sparkle","StSLib","SuperFastMode","everything is the same but u backflip on backflip"],"gold_per_floor":[369,389,2,20,20,20,48,48,48,82,82,96,128,146,146,220,220,234,248,74,89,89,119,69,69,94,94,94],"floor_reached":27,"playtime":1753,"items_purged":["Strike_R","Strike_R","Rage+1"],"score":427,"play_id":"7ab36a8b-577f-47fc-a517-47f51bf98f94","local_time":"20201219172755","is_ascension_mode":true,"campfire_choices":[{"data":"Body Slam","floor":6.0,"key":"SMITH"},{"data":"Rage","floor":8.0,"key":"SMITH"},{"data":"Bash","floor":11.0,"key":"SMITH"},{"data":"Barricade","floor":15.0,"key":"SMITH"},{"data":"Sentinel","floor":25.0,"key":"SMITH"}],"circlet_count":0,"master_deck":["AscendersBane","Strike_R+1","Strike_R+1","Defend_R+1","Defend_R+1","Defend_R+1","Defend_R+1","Bash+1","Twin Strike","Body Slam+1","Headbutt","Barricade+1","Power Through","Warcry","Offering","Burning Pact","Evolve","Shrug It Off","True Grit","Sentinel+1"],"relics":["Burning Blood","Question Card","Strawberry","Blue Candle","Oddly Smooth Stone","Turnip","Black Star","Kunai","Smiling Mask","Happy Flower"],"acts_visited":["Exordium","TheCity"],"potions_floor_usage":[],"damage_taken":[{"damage":1.0,"enemies":"Cultist","floor":1.0,"turns":4.0},{"damage":2.0,"enemies":"2 Louse","floor":2.0,"turns":2.0},{"damage":4.0,"enemies":"Small Slimes","floor":4.0,"turns":4.0},{"damage":16.0,"enemies":"Gremlin Nob","floor":7.0,"turns":3.0},{"damage":11.0,"enemies":"Lagavulin","floor":10.0,"turns":6.0},{"damage":0.0,"enemies":"Exordium Wildlife","floor":12.0,"turns":4.0},{"damage":24.0,"enemies":"3 Sentries","floor":13.0,"turns":10.0},{"damage":0.0,"enemies":"3 Louse","floor":14.0,"turns":3.0},{"damage":43.0,"enemies":"Slime Boss","floor":16.0,"turns":22.0},{"damage":6.0,"enemies":"3 Byrds","floor":18.0,"turns":5.0},{"damage":6.0,"enemies":"Shell Parasite","floor":19.0,"turns":7.0},{"damage":16.0,"enemies":"Snake Plant","floor":21.0,"turns":14.0},{"damage":24.0,"enemies":"Gremlin Leader","floor":23.0,"turns":10.0},{"damage":33,"enemies":"3 Cultists","floor":27,"turns":6}],"seed_played":"6089943110133298440","potions_obtained":[{"floor":1.0,"key":"Strength Potion"},{"floor":2.0,"key":"ColorlessPotion"},{"floor":4.0,"key":"LiquidMemories"},{"floor":14.0,"key":"BlessingOfTheForge"},{"floor":16.0,"key":"SkillPotion"},{"floor":18.0,"key":"Energy Potion"},{"floor":19.0,"key":"EssenceOfSteel"}],"is_trial":false,"path_per_floor":["M","M","$","M","?","R","E","R","T","E","R","M","E","M","R","B",null,"M","M","$","M","?","E","$","R","T","M"],"character_chosen":"IRONCLAD","items_purchased":["Question Card","Body Slam","Shrug It Off","True Grit"],"campfire_rested":0,"item_purchase_floors":[3,3,20,20],"current_hp_per_floor":[55,59,59,61,61,61,58,58,58,53,53,59,41,47,47,10,64,64,64,64,54,54,36,36,36,36,3,3],"gold":94,"neow_bonus":"TWO_FIFTY_GOLD","is_daily":false,"chose_seed":false,"campfire_upgraded":5,"win_rate":0.0,"timestamp":1608366475,"path_taken":["M","?","$","M","?","R","E","R","T","E","R","?","E","M","R","BOSS","M","M","$","M","?","E","$","R","T","M"],"items_purchased_type":["Relic","Card","Card","Card"],"build_version":"2020-12-13","purchased_purges":3,"victory":false,"max_hp_per_floor":[75,75,75,75,75,75,82,82,82,82,82,82,82,82,82,82,82,82,82,82,82,82,82,82,82,82,82,82],"card_choices":[{"not_picked":["Second Wind","Intimidate","Thunderclap"],"picked":"SKIP","floor":1.0},{"not_picked":["Anger","True Grit"],"picked":"Twin Strike","floor":2.0},{"not_picked":["Flex","Fiend Fire","Second Wind"],"picked":"Headbutt","floor":4.0},{"not_picked":["Thunderclap","Heavy Blade","Wild Strike"],"picked":"Rage","floor":7.0},{"not_picked":["Thunderclap","Iron Wave","Twin Strike","Seeing Red"],"picked":"SKIP","floor":10.0},{"not_picked":["Warcry","Wild Strike","Intimidate"],"picked":"Barricade","floor":12.0},{"not_picked":["Rampage","Headbutt","Clash"],"picked":"Power Through","floor":13.0},{"not_picked":["Fire Breathing","Body Slam","Limit Break"],"picked":"Warcry","floor":14.0},{"not_picked":["Demon Form","Double Tap","Corruption"],"picked":"Offering","floor":16.0},{"not_picked":["Sword Boomerang","Dual Wield","Perfected Strike"],"picked":"Burning Pact","floor":18.0},{"not_picked":["Thunderclap","Clothesline","Sword Boomerang"],"picked":"Evolve","floor":19.0},{"not_picked":["Clash","Warcry","Double Tap","Evolve"],"picked":"SKIP","floor":21.0},{"not_picked":["Heavy Blade","Headbutt","Feed"],"picked":"Sentinel","floor":23.0}],"player_experience":427355,"relics_obtained":[{"floor":7.0,"key":"Strawberry"},{"floor":9.0,"key":"Blue Candle"},{"floor":10.0,"key":"Oddly Smooth Stone"},{"floor":13.0,"key":"Turnip"},{"floor":23.0,"key":"Kunai"},{"floor":23.0,"key":"Smiling Mask"},{"floor":26.0,"key":"Happy Flower"}],"event_choices":[{"cards_removed":["Strike_R"],"damage_healed":0.0,"max_hp_gain":0.0,"max_hp_loss":0.0,"gold_gain":0.0,"event_name":"Purifier","player_choice":"Purged","floor":5.0,"gold_loss":0.0,"damage_taken":0.0},{"damage_healed":0.0,"max_hp_gain":0.0,"max_hp_loss":0.0,"gold_gain":0.0,"event_name":"Back to Basics","player_choice":"Simplicity","floor":22.0,"gold_loss":0.0,"damage_taken":0.0,"cards_upgraded":["Strike_R","Strike_R","Defend_R","Defend_R","Defend_R","Defend_R"]}],"is_beta":false,"boss_relics":[{"not_picked":["Coffee Dripper","Fusion Hammer"],"picked":"Black Star"}],"items_purged_floors":[3,20,24],"is_endless":false,"potions_floor_spawned":[1,2,4,14,16,18,19,21],"killed_by":"3 Cultists","ascension_level":14}}