{"host":"suiwkanob7hjg5qv","time":1608394712,"event":{"mods":["Act Like it!","Aspiration","BaseMod","Conspire","Downfall","Hallownest","Hermit","Hubris","Infinite Spire","Jorbs\u0027s Wanderer Trilogy","Marisa????????","Minty Spire (QoL Compilation)","Replay The Spire","Shade Mod","Spicy Shops","StSLib","The Bladedancer","The Blue Laboratory","The Cursed","The Elementalist","The Poker Player","The Valiant","Uncapped","vexMod"],"gold_per_floor":[14,29,29,29,43,73,87,87,142,157,157,82,98,118,118,221,221,221,221,221],"floor_reached":18,"playtime":1195,"items_purged":["PokerPlayerMod:TrumpStrike"],"score":164,"play_id":"a9e68cb2-33d8-420d-a0bf-a5b1c5017786","local_time":"20201219111832","is_ascension_mode":false,"metric_token":1554,"campfire_choices":[{"data":"PokerPlayerMod:Mulligan","floor":11,"key":"SMITH"},{"floor":15,"key":"DIG"}],"circlet_count":0,"master_deck":["PokerPlayerMod:Diamond1","PokerPlayerMod:Diamond2","PokerPlayerMod:Diamond3","PokerPlayerMod:Diamond4","PokerPlayerMod:Diamond5","PokerPlayerMod:Spade1","PokerPlayerMod:Spade2","PokerPlayerMod:Spade3","PokerPlayerMod:Spade4","PokerPlayerMod:Club1","PokerPlayerMod:Club2","PokerPlayerMod:Heart3","PokerPlayerMod:BadJoker","PokerPlayerMod:Mulligan+1","Thinking Ahead","PokerPlayerMod:Spade3","PokerPlayerMod:Spade4","PokerPlayerMod:Diamond8","PokerPlayerMod:Diamond6","PokerPlayerMod:Diamond8","CurseOfTheBell"],"relics":["PokerPlayerMod:DeckCase","hubris:Reverence","hubris:PeanutButter","infinitespire:Joker Card","Tiny Chest","Pantograph","Calling Bell","Omamori","Darkstone Periapt","Girya"],"acts_visited":["Exordium","TheCity"],"potions_floor_usage":[],"damage_taken":[{"damage":0,"enemies":"Cultist","floor":1,"turns":3},{"damage":0,"enemies":"Small Slimes","floor":2,"turns":2},{"damage":0,"enemies":"Jaw Worm","floor":5,"turns":3},{"damage":6,"enemies":"Gremlin Nob","floor":6,"turns":4},{"damage":0,"enemies":"conspire:2 RoseBushes","floor":7,"turns":3},{"damage":0,"enemies":"3 Louse","floor":10,"turns":1},{"damage":0,"enemies":"Large Slime","floor":13,"turns":4},{"damage":0,"enemies":"conspire:2 RoseBushes","floor":14,"turns":2},{"damage":11,"enemies":"The Guardian","floor":16,"turns":9},{"damage":0,"enemies":"Spheric Guardian","floor":18,"turns":2}],"seed_played":"-6520461504727719244","potions_obtained":[{"floor":1,"key":"blueLaboratory:AbyssPotion"},{"floor":6,"key":"blueLaboratory:RememoryPotion"},{"floor":7,"key":"Adrenaline Potion"},{"floor":13,"key":"BlessingOfTheForge"}],"is_trial":false,"path_per_floor":["M","M","T","?","M","E","M","T","T","M","R","$","M","M","R","B",null,"M"],"character_chosen":"THE_POKER_PLAYER","items_purchased":[],"campfire_rested":0,"item_purchase_floors":[],"current_hp_per_floor":[52,52,52,52,52,46,46,46,46,46,46,46,46,46,46,41,52,52,52,52],"gold":221,"neow_bonus":"RANDOM_COLORLESS_2","is_daily":false,"chose_seed":false,"campfire_upgraded":1,"win_rate":0.0,"timestamp":1608394712,"path_taken":["M","M","?","?","?","E","M","?","T","M","R","$","M","M","R","BOSS","M"],"items_purchased_type":[],"build_version":"2020-12-13","purchased_purges":1,"victory":false,"max_hp_per_floor":[52,52,52,52,52,52,52,52,52,52,52,52,52,52,52,52,52,52,52,52],"card_choices":[{"not_picked":["ReplayTheSpireMod:Brewmster","vexMod:StairwayStrike"],"picked":"Thinking Ahead","floor":0},{"not_picked":["PokerPlayerMod:DiamondStrike","PokerPlayerMod:Fold","PokerPlayerMod:ClubDance"],"picked":"SKIP","floor":1},{"not_picked":["PokerPlayerMod:Diamond5","PokerPlayerMod:Trickery"],"picked":"PokerPlayerMod:Spade3","floor":2},{"not_picked":["PokerPlayerMod:JackOfSpades","PokerPlayerMod:DartThrow"],"picked":"PokerPlayerMod:Spade4","floor":5},{"not_picked":["PokerPlayerMod:CardBurn","PokerPlayerMod:Configure"],"picked":"PokerPlayerMod:Diamond8","floor":6},{"not_picked":["PokerPlayerMod:Diamond2","PokerPlayerMod:Raise"],"picked":"PokerPlayerMod:Diamond6","floor":7},{"not_picked":["PokerPlayerMod:Heart2","PokerPlayerMod:Spade3","PokerPlayerMod:Configure"],"picked":"SKIP","floor":10},{"not_picked":["PokerPlayerMod:MagicTrick","PokerPlayerMod:CardPrinter","PokerPlayerMod:Spade4"],"picked":"SKIP","floor":13},{"not_picked":["PokerPlayerMod:MagicTrick","PokerPlayerMod:CardPrinter","PokerPlayerMod:Spade4"],"picked":"SKIP","floor":13},{"not_picked":["PokerPlayerMod:Spade5","PokerPlayerMod:DiamondStrike","PokerPlayerMod:CardBurn"],"picked":"SKIP","floor":14},{"not_picked":["PokerPlayerMod:WasteCollection","PokerPlayerMod:GamblerForm"],"picked":"PokerPlayerMod:Diamond8","floor":16}],"player_experience":443212,"relics_obtained":[{"floor":3,"key":"hubris:Reverence"},{"floor":6,"key":"hubris:PeanutButter"},{"floor":8,"key":"infinitespire:Joker Card"},{"floor":9,"key":"Tiny Chest"},{"floor":15,"key":"Pantograph"},{"floor":17,"key":"Omamori"},{"floor":17,"key":"Darkstone Periapt"},{"floor":17,"key":"Girya"}],"event_choices":[{"damage_healed":0,"gold_gain":0,"player_choice":"Forge","damage_taken":0,"max_hp_gain":0,"max_hp_loss":0,"event_name":"Accursed Blacksmith","floor":4,"gold_loss":0,"cards_upgraded":["PokerPlayerMod:Heart3"]}],"is_beta":false,"boss_relics":[{"not_picked":["conspire:RunicOctahedron","Replay:Ancient Bell"],"picked":"Calling Bell"}],"items_purged_floors":[12],"is_endless":false,"potions_floor_spawned":[1,6,7,13],"killed_by":"Spheric Guardian","ascension_level":0}}