{"host":"jm9833yuloeli2yd","time":1608339943,"event":{"mods":["AchievementEnabler","BaseMod","Better Altar","Better Match","Better Note","Better Sensory Stone","Better Skull","Better Vampires","Colored Map","Colored Powertips","DeckTracker","Minty Spire (QoL Compilation)","Permanent Neow","Quick Restart","Replay The Spire","StSLib","SuperFastMode"],"gold_per_floor":[113,125,125,51,65,65,100,100,100,115,134,160,178,178,178,251,251,264,283,333,248,168,168,186,186,186],"floor_reached":25,"playtime":731,"items_purged":[],"score":426,"play_id":"e509cc17-80fd-498c-9e15-ab60b51cee3c","local_time":"20201218200543","is_ascension_mode":true,"campfire_choices":[{"data":"Defragment","floor":6.0,"key":"SMITH"},{"floor":8.0,"key":"REST"},{"floor":15.0,"key":"REST"},{"floor":23.0,"key":"REST"}],"circlet_count":0,"master_deck":["AscendersBane","Strike_B","Strike_B","Strike_B","Strike_B","Defend_B","Defend_B","Defend_B","Defend_B","Zap","Dualcast","Defend_P","Defend_P","FIFO Queue","Glacier","Gash","Defragment+1","Beam Cell","Barrage","Hologram","Reinforced Body","Echo Form","Compile Driver","Consume","Amplify","AbeCurse","Glacier+1","Conserve Battery","Chill","Tempest+1"],"relics":["Cracked Core","Prayer Wheel","Replay:Bottled Snecko","Replay:WaspNest","Nunchaku","Chameleon Ring","Abe\u0027s Treasure","Ornamental Fan"],"acts_visited":["Exordium","TheCity"],"potions_floor_usage":[],"damage_taken":[{"damage":8.0,"enemies":"Cultist","floor":1.0,"turns":5.0},{"damage":5.0,"enemies":"Small Slimes","floor":2.0,"turns":4.0},{"damage":3.0,"enemies":"2 Louse","floor":5.0,"turns":3.0},{"damage":32.0,"enemies":"Gremlin Nob","floor":7.0,"turns":6.0},{"damage":6.0,"enemies":"Exordium Wildlife","floor":10.0,"turns":4.0},{"damage":3.0,"enemies":"Exordium Thugs","floor":11.0,"turns":4.0},{"damage":14.0,"enemies":"3 Sentries","floor":12.0,"turns":9.0},{"damage":4.0,"enemies":"Large Slime","floor":13.0,"turns":7.0},{"damage":50.0,"enemies":"Fading Forest","floor":16.0,"turns":13.0},{"damage":17.0,"enemies":"3 Byrds","floor":18.0,"turns":3.0},{"damage":16.0,"enemies":"Shell Parasite","floor":19.0,"turns":5.0},{"damage":20.0,"enemies":"Sentry and Sphere","floor":24.0,"turns":7.0},{"damage":31,"enemies":"3 Cultists","floor":25,"turns":4}],"seed_played":"-6214085383924796653","potions_obtained":[{"floor":2.0,"key":"FearPotion"},{"floor":3.0,"key":"Doom Potion"},{"floor":13.0,"key":"Toxic Potion"},{"floor":24.0,"key":"LiquidBronze"}],"is_trial":false,"path_per_floor":["M","M","?","$","M","R","E","R","T","M","M","E","M","T","R","B",null,"M","M","?","?","?","R","M","M"],"character_chosen":"DEFECT","items_purchased":["Defragment"],"campfire_rested":3,"item_purchase_floors":[4],"current_hp_per_floor":[56,51,51,51,48,48,16,37,37,31,28,14,10,10,31,7,55,38,22,22,22,22,43,23,0,0],"gold":186,"neow_bonus":"THREE_RARE_CARDS","is_daily":false,"chose_seed":false,"campfire_upgraded":1,"win_rate":0.0,"timestamp":1608339943,"path_taken":["M","?","?","$","?","R","E","R","T","M","M","E","M","?","R","BOSS","M","?","?","?","?","R","?","M"],"items_purchased_type":["Card"],"build_version":"2020-12-13","purchased_purges":0,"victory":false,"max_hp_per_floor":[71,71,71,71,71,71,71,71,71,71,71,71,71,71,71,71,71,71,71,71,71,71,71,71,71,71],"card_choices":[{"not_picked":["Creative AI","Electrodynamics"],"picked":"ReplayTheSpireMod:Fabricate Wheel","floor":0.0},{"not_picked":["Sweeping Beam","Coolheaded"],"picked":"FIFO Queue","floor":1.0},{"not_picked":["Panic Button","BasicCrystalCard","Hologram"],"picked":"SKIP","floor":1.0},{"not_picked":["Lockon","Ball Lightning"],"picked":"Glacier","floor":2.0},{"not_picked":["Streamline","Leap"],"picked":"Gash","floor":2.0},{"not_picked":["Hologram","ReplayTheSpireMod:Reroute Power"],"picked":"Beam Cell","floor":5.0},{"not_picked":["Fusion","BasicCrystalCard","Reprogram"],"picked":"SKIP","floor":5.0},{"not_picked":["Creative AI","Reprogram"],"picked":"Barrage","floor":7.0},{"not_picked":["Go for the Eyes","Turbo"],"picked":"Hologram","floor":10.0},{"not_picked":["Steam","Rebound"],"picked":"Reinforced Body","floor":10.0},{"not_picked":["Auto Shields","Redo"],"picked":"Echo Form","floor":11.0},{"not_picked":["Crystallizer","ReplayTheSpireMod:System Scan","BasicCrystalCard"],"picked":"SKIP","floor":11.0},{"not_picked":["Leap","Redo"],"picked":"Compile Driver","floor":12.0},{"not_picked":["Hologram","Go for the Eyes"],"picked":"Consume","floor":13.0},{"not_picked":["Conserve Battery","Beam Cell","Darkness"],"picked":"SKIP","floor":13.0},{"not_picked":["Buffer","Thunder Strike"],"picked":"Amplify","floor":16.0},{"not_picked":["Redo","Rebound"],"picked":"Glacier+1","floor":18.0},{"not_picked":["Barrage","Redo","Rebound"],"picked":"SKIP","floor":18.0},{"not_picked":["Storm","ReplaySort"],"picked":"Conserve Battery","floor":19.0},{"not_picked":["Go for the Eyes","Ball Lightning","Creative AI"],"picked":"SKIP","floor":19.0},{"not_picked":["BasicCrystalCard","BootSequence"],"picked":"Chill","floor":24.0},{"not_picked":["Heatsinks","Redo"],"picked":"Tempest+1","floor":24.0}],"player_experience":1117298,"relics_obtained":[{"floor":7.0,"key":"Replay:Bottled Snecko"},{"floor":9.0,"key":"Replay:WaspNest"},{"floor":12.0,"key":"Nunchaku"},{"floor":14.0,"key":"Chameleon Ring"}],"event_choices":[{"damage_healed":0.0,"max_hp_gain":0.0,"max_hp_loss":0.0,"gold_gain":0.0,"event_name":"Lab","player_choice":"Got Potions","floor":3.0,"gold_loss":0.0,"damage_taken":0.0},{"damage_healed":0.0,"max_hp_gain":0.0,"max_hp_loss":0.0,"gold_gain":50.0,"event_name":"Nest","player_choice":"Stole From Cult","floor":20.0,"gold_loss":0.0,"damage_taken":0.0},{"damage_healed":0.0,"max_hp_gain":0.0,"max_hp_loss":0.0,"gold_gain":0.0,"event_name":"Addict","player_choice":"Obtained Relic","floor":21.0,"gold_loss":85.0,"damage_taken":0.0,"relics_obtained":["Ornamental Fan"]}],"is_beta":false,"boss_relics":[{"not_picked":["Replay:Grab Bag","Calling Bell"],"picked":"Abe\u0027s Treasure"}],"items_purged_floors":[],"is_endless":false,"potions_floor_spawned":[2,5,11,13,18,24],"killed_by":"3 Cultists","ascension_level":20}}