{"host":"n4f6h2mlrt4e12he","time":1608404417,"event":{"mods":["2.2 Compatiblity","BaseMod","Colored Map","Downfall","Highlight Path","Hubris","Minty Spire (QoL Compilation)","Shop Mod","StSLib"],"gold_per_floor":[99,126,126,152,77,94,94,105,33,33,33,33,18,29,48,147,147,147,175,175,190,207,140,164,164,205,225,236,236,249,262,272,370,370,295,310,329,349,349,349,349,274,187,209,88,111,138,138,163,163],"floor_reached":51,"playtime":5997,"items_purged":["hexamod:Defend","Parasite"],"score":706,"play_id":"5b68a193-dd42-4a61-a97c-e52d810a4b8b","local_time":"20201219140017","is_ascension_mode":false,"campfire_choices":[{"floor":1.0,"key":"RECALL"},{"data":"hexamod:NecessarySacrifice","floor":5.0,"key":"SMITH"},{"data":"hexamod:NightmareGuise","floor":10.0,"key":"SMITH"},{"data":"hexamod:TimeOfNeed","floor":18.0,"key":"SMITH"},{"floor":20.0,"key":"REST"},{"data":"hexamod:EmpoweringStance","floor":35,"key":"SMITH"},{"data":"hexamod:VolcanoVisage","floor":42,"key":"SMITH"}],"circlet_count":0,"master_deck":["Guardian:ExploitGems","hexamod:Strike+1","hexamod:Strike","hexamod:Strike","hexamod:Strike","hexamod:Defend","hexamod:Defend","hexamod:Defend","hexamod:Sear","hexamod:Float","hexamod:NecessarySacrifice+1","hexamod:NightmareGuise+1","hexamod:NightmareGuise","hexamod:GhostLash","hexamod:Hexaguard","hexamod:SpectersWail+1","hexamod:TimeOfNeed+1","hexamod:EmpoweringStance+1","hexamod:GhostShield+1","hexamod:Hexaguard+1","hexamod:FirstSeal","hexamod:GhostOfSpireFuture+1","hexamod:NightmareStrike+1","hexamod:WildfireWeapon","hexamod:VolcanoVisage+1","hexamod:SecondSeal","hexamod:Haunt","hexamod:AdvancingGuard+1","hexamod:CrushingStance"],"relics":["hexamod:SpiritBrand","downfall:HeartsMalice","The Courier","Calipers","downfall:HeartBlessingRed","StrikeDummy","hubris:Icosahedron","hexamod:IceCube","Red Mask","Anchor","hexamod:TheBrokenSeal","Pantograph","SlaversCollar","downfall:HeartBlessingGreen","downfall:HeartBlessingBlue"],"acts_visited":["Exordium","TheCity","TheBeyond"],"potions_floor_usage":[28],"damage_taken":[{"damage":0.0,"enemies":"Gremlin Nob","floor":2.0,"turns":1.0},{"damage":0.0,"enemies":"Small Slimes","floor":3.0,"turns":1.0},{"damage":0.0,"enemies":"Lagavulin","floor":4.0,"turns":1.0},{"damage":0.0,"enemies":"Jaw Worm","floor":6.0,"turns":3.0},{"damage":0.0,"enemies":"2 Louse","floor":8.0,"turns":1.0},{"damage":0.0,"enemies":"downfall:FleeingMerchant","floor":9.0,"turns":4.0},{"damage":0.0,"enemies":"downfall:FleeingMerchant","floor":13.0,"turns":4.0},{"damage":2.0,"enemies":"Exordium Thugs","floor":14.0,"turns":6.0},{"damage":0.0,"enemies":"3 Louse","floor":15.0,"turns":3.0},{"damage":18.0,"enemies":"downfall:Watcher","floor":16.0,"turns":6.0},{"damage":46.0,"enemies":"Masked Bandits","floor":19.0,"turns":6.0},{"damage":0.0,"enemies":"Shell Parasite","floor":21.0,"turns":6.0},{"damage":3.0,"enemies":"3 Byrds","floor":22.0,"turns":6.0},{"damage":12.0,"enemies":"downfall:FleeingMerchant","floor":23.0,"turns":4.0},{"damage":43.0,"enemies":"Gremlin Leader","floor":26.0,"turns":9.0},{"damage":0.0,"enemies":"Snecko","floor":27.0,"turns":4.0},{"damage":0,"enemies":"Sentry and Sphere","floor":28,"turns":6},{"damage":0,"enemies":"Snake Plant","floor":30,"turns":5},{"damage":0,"enemies":"Chosen and Byrds","floor":31,"turns":5},{"damage":0,"enemies":"Centurion and Healer","floor":32,"turns":5},{"damage":48,"enemies":"downfall:Silent","floor":33,"turns":10},{"damage":0,"enemies":"3 Shapes","floor":36,"turns":4},{"damage":0,"enemies":"3 Darklings","floor":37,"turns":5},{"damage":3,"enemies":"Writhing Mass","floor":38,"turns":5},{"damage":0,"enemies":"downfall:FleeingMerchant","floor":43,"turns":4},{"damage":0,"enemies":"Sphere and 2 Shapes","floor":44,"turns":5},{"damage":0,"enemies":"downfall:FleeingMerchant","floor":45,"turns":4},{"damage":1,"enemies":"4 Shapes","floor":46,"turns":5},{"damage":0,"enemies":"Jaw Worm Horde","floor":47,"turns":6},{"damage":2,"enemies":"Sphere and 2 Shapes","floor":49,"turns":7},{"damage":31,"enemies":"downfall:Ironclad","floor":50,"turns":11}],"seed_played":"-8595832711449498756","potions_obtained":[{"floor":4.0,"key":"ColorlessPotion"},{"floor":8.0,"key":"hexamod:InfernoChargePotion"},{"floor":14.0,"key":"hexamod:EctoCoolerPotion"},{"floor":16.0,"key":"Swift Potion"},{"floor":19.0,"key":"Ancient Potion"},{"floor":21.0,"key":"Dexterity Potion"},{"floor":26.0,"key":"Regen Potion"},{"floor":27.0,"key":"Block Potion"},{"floor":28,"key":"sneckomod:MuddlingPotion"},{"floor":37,"key":"FairyPotion"}],"is_trial":false,"path_per_floor":["R","E","M","E","R","M","T","M","$","R","?","?","$","M","M","B",null,"R","?","R","M","M","$","T","?","E","M","M","?","M","M","M","B",null,"R","M","M","M","?","?","T","R","$","M","$","M","M","?","M","B",null],"character_chosen":"THE_SPIRIT","items_purchased":["hexamod:FifthSeal","hexamod:CrushingStance"],"campfire_rested":1,"item_purchase_floors":[9,45],"current_hp_per_floor":[70,70,70,70,70,70,70,70,70,70,70,70,70,68,68,50,70,70,31,52,59,63,65,65,65,67,74,80,80,80,80,80,39,80,80,80,80,80,80,80,80,90,87,87,87,87,87,87,87,63],"gold":163,"neow_bonus":"THREE_ENEMY_KILL","is_daily":false,"chose_seed":false,"campfire_upgraded":5,"win_rate":0.0,"timestamp":1608404417,"path_taken":["R","E","M","E","R","M","T","M","$","R","?","?","?","M","M","BOSS","R","?","R","M","M","$","T","?","E","M","?","?","M","M","M","BOSS","R","M","M","M","?","?","T","R","$","M","$","M","M","?","M","BOSS"],"items_purchased_type":["Card","Card"],"build_version":"2020-12-13","purchased_purges":2,"victory":true,"max_hp_per_floor":[70,70,70,70,70,70,70,70,70,70,70,70,70,70,70,70,70,70,70,70,70,70,70,70,70,80,80,80,80,80,80,80,80,80,80,80,80,80,80,80,80,90,87,87,87,87,87,87,87,87],"card_choices":[{"not_picked":["hexamod:RainOfEmbers","hexamod:RetreatToShadows"],"picked":"hexamod:NecessarySacrifice","floor":2.0},{"not_picked":["hexamod:GhostShield","hexamod:SkipABeat"],"picked":"hexamod:NightmareGuise","floor":3.0},{"not_picked":["hexamod:NightmareStrike","hexamod:RainOfEmbers"],"picked":"hexamod:NightmareGuise","floor":4.0},{"not_picked":["hexamod:Incineration","hexamod:NightmareStrike"],"picked":"hexamod:GhostLash","floor":6.0},{"not_picked":["hexamod:NightmareStrike","hexamod:HauntingEcho"],"picked":"hexamod:Hexaguard","floor":8.0},{"not_picked":["hexamod:BurningTouch","hexamod:GhostOfSpirePast","hexamod:Incineration"],"picked":"SKIP","floor":9.0},{"not_picked":["hexamod:Again","hexamod:BacktrackSmack"],"picked":"hexamod:FourthSeal","floor":13.0},{"not_picked":["hexamod:FirstSeal","hexamod:SecondSeal"],"picked":"hexamod:ThirdSeal","floor":14.0},{"not_picked":["hexamod:StepThrough","hexamod:Firestarter"],"picked":"hexamod:SpectersWail","floor":14.0},{"not_picked":["hexamod:NecessarySacrifice","hexamod:FourthSeal","hexamod:GhostLash"],"picked":"SKIP","floor":15.0},{"not_picked":["hexamod:FourthSeal","hexamod:SecondSeal"],"picked":"hexamod:SixthSeal","floor":16.0},{"not_picked":["hexamod:FourthSeal","hexamod:SixthSeal"],"picked":"hexamod:FirstSeal","floor":16.0},{"not_picked":["hexamod:FifthSeal","hexamod:ParanormalForm"],"picked":"hexamod:TimeOfNeed","floor":16.0},{"not_picked":["hexamod:TurnItUp","hexamod:CrushingStance"],"picked":"hexamod:EmpoweringStance","floor":16.0},{"not_picked":["hexamod:Again","hexamod:FourthSeal"],"picked":"hexamod:GhostShield+1","floor":19.0},{"not_picked":["hexamod:HeatMetal","hexamod:SkipABeat"],"picked":"hexamod:Hexaguard+1","floor":19.0},{"not_picked":["hexamod:FastForward","hexamod:ShieldOfDarkness","hexamod:RainOfEmbers+1"],"picked":"SKIP","floor":21.0},{"not_picked":["hexamod:SixthSeal","hexamod:FourthSeal","hexamod:ThirdSeal"],"picked":"SKIP","floor":21.0},{"not_picked":["hexamod:ExtraCrispy","hexamod:InspiringFlames+1","hexamod:ThermalTransfer"],"picked":"SKIP","floor":21.0},{"not_picked":["hexamod:FourthSeal","hexamod:ThirdSeal"],"picked":"hexamod:FirstSeal","floor":22.0},{"not_picked":["hexamod:RadiantFlame","hexamod:CrushingStance"],"picked":"hexamod:SecondSeal","floor":22.0},{"not_picked":["hexamod:AdvancingGuard+1","hexamod:HauntingEcho","hexamod:PhantomFireball"],"picked":"SKIP","floor":22.0},{"not_picked":["hexamod:SecondSeal","hexamod:SixthSeal","hexamod:FirstSeal"],"picked":"SKIP","floor":23.0},{"not_picked":["hexamod:DynamicBlow","hexamod:GhostShield+1","hexamod:SwordOfDarkness"],"picked":"SKIP","floor":23.0},{"not_picked":["hexamod:DynamicBlow","hexamod:SpectersWail","hexamod:Hexaguard"],"picked":"SKIP","floor":23.0},{"not_picked":["hexamod:RadiantFlame","hexamod:FirstSeal","hexamod:StepThrough"],"picked":"SKIP","floor":26.0},{"not_picked":["hexamod:ThermalTransfer+1","hexamod:BacktrackSmack","hexamod:GhostOfSpirePresent"],"picked":"SKIP","floor":27.0},{"not_picked":["hexamod:ThermalTransfer+1","hexamod:BacktrackSmack","hexamod:GhostOfSpirePresent"],"picked":"SKIP","floor":27.0},{"not_picked":["hexamod:InspiringFlames","hexamod:TurnItUp","hexamod:ChargedBarrage"],"picked":"SKIP","floor":28},{"not_picked":["hexamod:FastForward","hexamod:GhostLash","hexamod:HeatMetal"],"picked":"SKIP","floor":30},{"not_picked":["hexamod:BurningTouch","hexamod:Firestarter+1"],"picked":"hexamod:GhostOfSpireFuture+1","floor":31},{"not_picked":["hexamod:Hexaguard","hexamod:NecessarySacrifice"],"picked":"hexamod:NightmareStrike+1","floor":32},{"not_picked":["hexamod:CrushingStance","hexamod:SearingWound"],"picked":"hexamod:WildfireWeapon","floor":33},{"not_picked":["hexamod:ThermalTransfer+1","hexamod:InspiringFlames+1","hexamod:BurningTouch+1"],"picked":"SKIP","floor":36},{"not_picked":["hexamod:Incineration","hexamod:SkipABeat"],"picked":"hexamod:VolcanoVisage","floor":37},{"not_picked":["hexamod:HauntingEcho","hexamod:Hexaguard+1"],"picked":"hexamod:SecondSeal","floor":38},{"not_picked":["hexamod:Rewind","hexamod:SkipABeat+1"],"picked":"hexamod:Haunt","floor":43},{"not_picked":["hexamod:RadiantFlame","hexamod:Firestarter+1"],"picked":"hexamod:AdvancingGuard+1","floor":44},{"not_picked":["hexamod:FourthSeal","hexamod:Firestarter","hexamod:SpectralAdrenaline+1"],"picked":"SKIP","floor":45},{"not_picked":["hexamod:InspiringFlames","hexamod:SpectersWail+1","hexamod:NightmareStrike"],"picked":"SKIP","floor":46},{"not_picked":["hexamod:BacktrackSmack","hexamod:GhostShield","hexamod:ExtraCrispy"],"picked":"SKIP","floor":47},{"not_picked":["hexamod:ThermalTransfer","hexamod:GhostShield+1","hexamod:BurningTouch"],"picked":"SKIP","floor":49}],"player_experience":1331674,"relics_obtained":[{"floor":2.0,"key":"The Courier"},{"floor":4.0,"key":"Calipers"},{"floor":7.0,"key":"StrikeDummy"},{"floor":19.0,"key":"Red Mask"},{"floor":24.0,"key":"Anchor"},{"floor":26.0,"key":"Pantograph"}],"event_choices":[{"damage_healed":0.0,"max_hp_gain":0.0,"max_hp_loss":0.0,"gold_gain":0.0,"event_name":"Masked Bandits","player_choice":"Fought Bandits","floor":19.0,"gold_loss":0.0,"damage_taken":0.0},{"damage_healed":0,"gold_gain":0,"player_choice":"Ignored","damage_taken":0,"max_hp_gain":0,"max_hp_loss":0,"event_name":"Vampires","floor":29,"gold_loss":0},{"damage_healed":0,"gold_gain":0,"player_choice":"Ignored","damage_taken":0,"max_hp_gain":0,"max_hp_loss":0,"event_name":"Mysterious Sphere","floor":40,"gold_loss":0}],"is_beta":false,"boss_relics":[{"not_picked":["hubris:GrandSneckoEye","hubris:RunicObelisk"],"picked":"hexamod:IceCube"},{"not_picked":["Pandora\u0027s Box","Runic Pyramid"],"picked":"SlaversCollar"}],"items_purged_floors":[23,43],"is_endless":false,"potions_floor_spawned":[4,8,14,27,28,30,31,32,37,38,47,49],"ascension_level":0}}