{"host":"gp6kafy53r5vaktt","time":1608384072,"event":{"mods":["BaseMod","Colored Map","Highlight Path","Minty Spire (QoL Compilation)"],"gold_per_floor":[114,40,55,65,140,167,167,196,196,214,214,232,407,418,418,514,514,534,361,345,445,464,464,464],"floor_reached":23,"playtime":1486,"items_purged":["Doubt"],"score":213,"play_id":"498cceca-0cf8-4120-b53b-5a1d5d8adf71","local_time":"20201219152112","is_ascension_mode":true,"campfire_choices":[{"data":"Berserk","floor":7.0,"key":"SMITH"},{"data":"Rage","floor":11,"key":"SMITH"},{"data":"Demon Form","floor":15,"key":"SMITH"}],"circlet_count":0,"master_deck":["Strike_R","Strike_R","Strike_R","Strike_R","Strike_R","Defend_R","Defend_R","Defend_R","Defend_R","Bash","Iron Wave","Metallicize","Rage+1","Berserk+1","Cleave","Pommel Strike","Demon Form+1","Offering","Shrug It Off","True Grit","Ghostly Armor+1"],"relics":["Burning Blood","Shuriken","Gambling Chip","Black Star"],"acts_visited":["Exordium","TheCity"],"potions_floor_usage":[12,14,22,23],"damage_taken":[{"damage":1.0,"enemies":"Cultist","floor":1.0,"turns":4.0},{"damage":1.0,"enemies":"Jaw Worm","floor":3.0,"turns":5.0},{"damage":0.0,"enemies":"2 Louse","floor":4.0,"turns":5.0},{"damage":21.0,"enemies":"Gremlin Nob","floor":6.0,"turns":5.0},{"damage":2.0,"enemies":"3 Sentries","floor":8.0,"turns":7.0},{"damage":10,"enemies":"Gremlin Gang","floor":10,"turns":4},{"damage":14,"enemies":"Exordium Thugs","floor":12,"turns":6},{"damage":9,"enemies":"2 Fungi Beasts","floor":14,"turns":3},{"damage":22,"enemies":"Slime Boss","floor":16,"turns":8},{"damage":28,"enemies":"Shell Parasite","floor":18,"turns":7},{"damage":21,"enemies":"2 Thieves","floor":20,"turns":4},{"damage":16,"enemies":"Cultist and Chosen","floor":22,"turns":9},{"damage":57,"enemies":"Gremlin Leader","floor":23,"turns":6}],"seed_played":"-5802597856838101866","potions_obtained":[{"floor":4.0,"key":"Energy Potion"},{"floor":6.0,"key":"ColorlessPotion"},{"floor":10,"key":"Fruit Juice"},{"floor":12,"key":"FearPotion"},{"floor":20,"key":"DistilledChaos"},{"floor":22,"key":"Weak Potion"}],"is_trial":false,"path_per_floor":["M","$","M","M","?","E","R","E","T","M","R","M","?","M","R","B",null,"M","$","M","?","M","E"],"character_chosen":"IRONCLAD","items_purchased":["Metallicize","Shrug It Off","True Grit"],"campfire_rested":0,"item_purchase_floors":[2,19,19],"current_hp_per_floor":[88,88,88,88,80,65,65,69,69,65,65,62,62,59,59,43,93,71,71,56,56,46,0,0],"gold":464,"neow_bonus":"TEN_PERCENT_HP_BONUS","is_daily":false,"chose_seed":false,"campfire_upgraded":3,"win_rate":0.0,"timestamp":1608384072,"path_taken":["M","?","M","M","?","E","R","E","T","M","R","?","?","M","R","BOSS","M","$","M","?","?","E"],"items_purchased_type":["Card","Card","Card"],"build_version":"2020-12-13","purchased_purges":1,"victory":false,"max_hp_per_floor":[88,88,88,88,88,88,88,88,88,88,88,93,93,93,93,93,93,93,93,93,93,93,93,93],"card_choices":[{"not_picked":["Body Slam","Sword Boomerang"],"picked":"Iron Wave","floor":1.0},{"not_picked":["Disarm","Headbutt"],"picked":"Rage","floor":3.0},{"not_picked":["Heavy Blade","Carnage"],"picked":"Berserk","floor":4.0},{"not_picked":["Clothesline","Spot Weakness"],"picked":"Cleave","floor":6.0},{"not_picked":["Shockwave","Burning Pact","Disarm"],"picked":"SKIP","floor":8.0},{"not_picked":["Headbutt","Sever Soul","Sword Boomerang"],"picked":"SKIP","floor":10},{"not_picked":["Bloodletting","Carnage"],"picked":"Pommel Strike","floor":12},{"not_picked":["Clash","Twin Strike"],"picked":"Demon Form","floor":14},{"not_picked":["Corruption","Double Tap"],"picked":"Offering","floor":16},{"not_picked":["Pommel Strike","Wild Strike","Clash+1"],"picked":"SKIP","floor":18},{"not_picked":["Blood for Blood","Clothesline"],"picked":"Ghostly Armor+1","floor":20},{"not_picked":["Pummel+1","Searing Blow+1","Havoc"],"picked":"SKIP","floor":22}],"player_experience":55879,"relics_obtained":[{"floor":6.0,"key":"Shuriken"},{"floor":8.0,"key":"Gambling Chip"}],"event_choices":[{"damage_healed":0.0,"max_hp_gain":0.0,"max_hp_loss":0.0,"gold_gain":75.0,"event_name":"FaceTrader","player_choice":"Touch","floor":5.0,"gold_loss":0.0,"damage_taken":8.0},{"damage_healed":0,"gold_gain":175,"player_choice":"AGREE","damage_taken":0,"max_hp_gain":0,"max_hp_loss":0,"event_name":"Liars Game","floor":13,"gold_loss":0,"cards_obtained":["Doubt"]},{"damage_healed":0,"gold_gain":100,"player_choice":"Pray","damage_taken":0,"max_hp_gain":0,"max_hp_loss":0,"event_name":"Golden Shrine","floor":21,"gold_loss":0}],"is_beta":false,"boss_relics":[{"not_picked":["Pandora\u0027s Box","Snecko Eye"],"picked":"Black Star"}],"items_purged_floors":[19],"is_endless":false,"potions_floor_spawned":[4,6,10,12,20,22],"killed_by":"Gremlin Leader","ascension_level":1}}