{"host":"wjjo3y19ggvj12sc","time":1608345025,"event":{"mods":["AchievementEnabler","Ascension Reborn","Ascension Unlocker","Bard","BaseMod","Beaked The Cultist","BetterRewards","Conspire","Downfall","Duelist Mod","GifTheSpireLib","Googly Eyes","Gremlin Mod","Hermit","Hubris","Infinite Spire","Jorbs\u0027s Wanderer Trilogy","Mad Scientist","Marisa????????","Minty Spire (QoL Compilation)","Random Character Button","Random Character Mod","Relic Sorter","Relic Stats","Remilia??????","Replay The Spire","Spicy Shops","StSLib","Td1madao Mod","The Bladedancer","The Bug Knight","The Construct","The Cursed","The Disciple","The Gatherer","The Hierophant","The Mystic","The Necromancer","The Poker Player","The Runesmith","The Servant 0.9.4"],"gold_per_floor":[117,150,66,82,28,54,54,72,124,142,162,174,189,218,218,316,316,316,316],"floor_reached":18,"playtime":2013,"items_purged":[],"score":174,"play_id":"1021469b-1f35-4eee-8c43-5e2b66bb5488","local_time":"20201218213025","is_ascension_mode":false,"campfire_choices":[{"data":"beaked:Ceremony","floor":7,"key":"SMITH"},{"data":"beaked:Ceremony","floor":15,"key":"SMITH"}],"circlet_count":0,"master_deck":["beaked:Strike_Y","beaked:Strike_Y","beaked:Strike_Y","beaked:Strike_Y","beaked:Strike_Y","beaked:Strike_Y","beaked:Defend_Y","beaked:Defend_Y","beaked:Defend_Y","beaked:Defend_Y","beaked:Ceremony+1","beaked:Ceremony+1","beaked:Ceremony+1","beaked:BraceForImpact","beaked:MimicWarrior","beaked:BraceForImpact","beaked:Evade","beaked:FeelMyPain","beaked:Insight","beaked:DigDeep","beaked:CrazyRituals","beaked:MachineSpirit","beaked:ScreechingChant","beaked:VigorBurst","beaked:Windmill","beaked:MachineEssence","beaked:AwakenedForm"],"relics":["beaked:MendingPlumage","Blue Doll","Happy Flower","ScarletDevilRocket","conspire:SeveredTorchhead"],"acts_visited":["Exordium","TheCity"],"potions_floor_usage":[],"damage_taken":[{"damage":6,"enemies":"2 Louse","floor":1,"turns":4},{"damage":25,"enemies":"conspire:MimicChest","floor":2,"turns":7},{"damage":17,"enemies":"Cultist","floor":4,"turns":6},{"damage":43,"enemies":"HollowMod:MossKnight","floor":6,"turns":8},{"damage":7,"enemies":"conspire:RoseBush","floor":8,"turns":5},{"damage":59,"enemies":"Gremlin Gang","floor":10,"turns":6},{"damage":21,"enemies":"Blue Slaver","floor":11,"turns":6},{"damage":45,"enemies":"Large Slime","floor":12,"turns":6},{"damage":31,"enemies":"2 Fungi Beasts","floor":13,"turns":4},{"damage":54,"enemies":"3 Sentries","floor":14,"turns":11},{"damage":65,"enemies":"Hexaghost","floor":16,"turns":10},{"damage":76,"enemies":"3 Byrds","floor":18,"turns":5}],"seed_played":"-7079787876332756192","potions_obtained":[{"floor":1,"key":"DuplicationPotion"},{"floor":6,"key":"FearPotion"},{"floor":10,"key":"Weak Potion"},{"floor":11,"key":"Flashbang"}],"is_trial":false,"path_per_floor":["M","?","$","M","$","E","R","M","T","M","M","M","M","E","R","B",null,"M"],"character_chosen":"BEAKED_THE_CULTIST","items_purchased":["beaked:BraceForImpact","beaked:Evade","beaked:Insight"],"campfire_rested":0,"item_purchase_floors":[3,3,5],"current_hp_per_floor":[50,39,39,41,41,26,26,47,47,13,30,33,42,38,38,48,55,0,0],"gold":316,"neow_bonus":"UPGRADE_CARD","is_daily":false,"chose_seed":false,"campfire_upgraded":2,"win_rate":0.0,"timestamp":1608345025,"path_taken":["M","?","$","M","?","E","R","M","T","M","?","M","M","E","R","BOSS","M"],"items_purchased_type":["Card","Card","Card"],"build_version":"2020-12-13","purchased_purges":0,"victory":false,"max_hp_per_floor":[50,50,50,50,50,50,50,50,50,50,50,55,55,55,55,55,55,55,55],"relic_stats":{"Happy Flower":[17],"counters":[12,78],"obtain_stats":[{"conspire:SeveredTorchhead":17,"ScarletDevilRocket":14,"Happy Flower":6,"Blue Doll":2,"beaked:MendingPlumage":0},{"conspire:SeveredTorchhead":11,"ScarletDevilRocket":10,"Happy Flower":4,"Blue Doll":2,"beaked:MendingPlumage":0},{"conspire:SeveredTorchhead":73,"ScarletDevilRocket":63,"Happy Flower":25,"Blue Doll":11,"beaked:MendingPlumage":0}]},"card_choices":[{"not_picked":["beaked:DigDeep","beaked:MimicMachine"],"picked":"beaked:BraceForImpact","floor":1},{"not_picked":["beaked:VigorBurst","beaked:Negation"],"picked":"beaked:MimicWarrior","floor":2},{"not_picked":["beaked:TuckingFeathers","beaked:Tradeoff"],"picked":"beaked:FeelMyPain","floor":4},{"not_picked":["beaked:Replenish","beaked:Negation"],"picked":"beaked:DigDeep","floor":6},{"not_picked":["beaked:DigDeep","ReplayTheSpireMod:Wings of Steel"],"picked":"beaked:CrazyRituals","floor":8},{"not_picked":["beaked:Tradeoff","beaked:Redirect"],"picked":"beaked:MachineSpirit","floor":10},{"not_picked":["beaked:TuckingFeathers","beaked:RitualOfBody"],"picked":"beaked:ScreechingChant","floor":11},{"not_picked":["beaked:Flinch","beaked:Evade"],"picked":"beaked:VigorBurst","floor":12},{"not_picked":["beaked:TuckingFeathers","beaked:VigorBurst"],"picked":"beaked:Windmill","floor":13},{"not_picked":["beaked:Hexing","beaked:Redirect"],"picked":"beaked:MachineEssence","floor":14},{"not_picked":["beaked:SacrificialScars","beaked:FakeOut"],"picked":"beaked:AwakenedForm","floor":16}],"player_experience":370011,"relics_obtained":[{"floor":2,"key":"Blue Doll"},{"floor":6,"key":"Happy Flower"},{"floor":14,"key":"ScarletDevilRocket"}],"event_choices":[],"is_beta":false,"boss_relics":[{"not_picked":["Runic Pyramid","hubris:TerracottaHorce"],"picked":"conspire:SeveredTorchhead"}],"items_purged_floors":[],"is_endless":false,"potions_floor_spawned":[1,6,10,11],"killed_by":"3 Byrds","ascension_level":0}}