{"host":"m1ntkrf87179kmo6","time":1608408487,"event":{"mods":["BaseMod","Better Third Choice","Minty Spire (QoL Compilation)","Shade Mod","StSLib"],"gold_per_floor":[217,233,233,233,233,259,259,293,293,306,306,325,325,325,325,426,426,436,417,88,105,105,105,119,137,163,179,179,179,28,44,44,44,44],"floor_reached":33,"playtime":2026,"items_purged":["Pain"],"score":257,"play_id":"c0df5719-ffc5-409d-97fa-f520d8b42f4b","local_time":"20201219150807","is_ascension_mode":false,"campfire_choices":[{"floor":7.0,"key":"REST"},{"floor":11.0,"key":"REST"},{"floor":13.0,"key":"RECALL"},{"data":"Shade:Tombstone","floor":15.0,"key":"SMITH"},{"floor":23,"key":"REST"},{"data":"Shade:AncientSpear","floor":28,"key":"SMITH"},{"data":"Shade:GreyBargain","floor":32,"key":"SMITH"}],"circlet_count":0,"master_deck":["Shade:Strike_Shade","Shade:Strike_Shade","Shade:Strike_Shade","Shade:Defend_Shade+1","Shade:Defend_Shade","Shade:Defend_Shade","Shade:Defend_Shade","Shade:AnimateDead+1","Shade:CarefulCut","Shade:Bite_Shade","Shade:Asphyxiate","Shade:FleshLikeOak","Shade:Asphyxiate","Shade:ExtraLimbs","Shade:Tombstone+1","Shade:GreyBargain","Shade:ExtraLimbs","Shade:Excise","Shade:AncientSpear+1","Shade:FuneraryArmor","Shade:GreyBargain+1"],"relics":["Shade:YorickSkull","Prayer Wheel","Ancient Tea Set","Bag of Preparation","Matryoshka","WarpedTongs","HornCleat","MutagenicStrength","War Paint","Toy Ornithopter"],"acts_visited":["Exordium","TheCity"],"potions_floor_usage":[21,24,25],"damage_taken":[{"damage":2.0,"enemies":"Cultist","floor":1.0,"turns":3.0},{"damage":0.0,"enemies":"Small Slimes","floor":2.0,"turns":3.0},{"damage":43.0,"enemies":"Lagavulin","floor":6.0,"turns":7.0},{"damage":16.0,"enemies":"Gremlin Nob","floor":8.0,"turns":4.0},{"damage":0.0,"enemies":"2 Louse","floor":10.0,"turns":3.0},{"damage":0.0,"enemies":"Gremlin Gang","floor":12.0,"turns":4.0},{"damage":30.0,"enemies":"Hexaghost","floor":16.0,"turns":9.0},{"damage":2,"enemies":"Chosen","floor":18,"turns":7},{"damage":9,"enemies":"2 Thieves","floor":19,"turns":4},{"damage":18,"enemies":"3 Cultists","floor":21,"turns":5},{"damage":4,"enemies":"Centurion and Healer","floor":24,"turns":4},{"damage":0,"enemies":"Snake Plant","floor":25,"turns":5},{"damage":5,"enemies":"Chosen and Byrds","floor":27,"turns":6},{"damage":2,"enemies":"Shelled Parasite and Fungi","floor":31,"turns":4},{"damage":79,"enemies":"Automaton","floor":33,"turns":10}],"seed_played":"-135737186254446749","potions_obtained":[{"floor":2.0,"key":"Explosive Potion"},{"floor":6.0,"key":"Fruit Juice"},{"floor":8.0,"key":"Explosive Potion"},{"floor":16.0,"key":"Weak Potion"},{"floor":18,"key":"Block Potion"},{"floor":24,"key":"Fruit Juice"}],"is_trial":false,"path_per_floor":["M","M","?","?","?","E","R","E","T","M","R","M","R","?","R","B",null,"M","M","$","M","?","R","M","M","T","M","R","?","$","M","R","B"],"character_chosen":"SHADE","items_purchased":["HornCleat","Toy Ornithopter"],"campfire_rested":3,"item_purchase_floors":[20,30],"current_hp_per_floor":[63,65,65,65,65,33,54,42,42,44,65,69,69,69,69,45,70,70,61,61,47,47,68,71,71,71,68,68,68,68,66,66,0,0],"gold":44,"neow_bonus":"HUNDRED_GOLD","is_daily":false,"chose_seed":false,"campfire_upgraded":3,"win_rate":0.0,"timestamp":1608408487,"path_taken":["M","M","?","?","?","E","R","E","T","?","R","M","R","?","R","BOSS","M","?","$","?","?","R","M","M","T","M","R","?","?","M","R","BOSS"],"items_purchased_type":["Relic","Relic"],"build_version":"2020-12-13","purchased_purges":1,"victory":false,"max_hp_per_floor":[65,65,65,65,65,70,70,70,70,70,70,70,70,70,70,70,70,70,70,70,70,70,70,75,75,75,75,75,75,75,75,75,75,75],"card_choices":[{"not_picked":["Shade:WallOfFlesh","Shade:PoundOfFlesh"],"picked":"Shade:Bite_Shade","floor":1.0},{"not_picked":["Shade:Trample","Shade:FreshBones","Shade:SkeletonHug"],"picked":"SKIP","floor":2.0},{"not_picked":["Shade:Bonestorm","Shade:Haruspicy"],"picked":"Shade:Asphyxiate","floor":6.0},{"not_picked":["Shade:RitualOffering","Shade:Premonition"],"picked":"Shade:FleshLikeOak","floor":8.0},{"not_picked":["Shade:Frenzy","Shade:Patience"],"picked":"Shade:Asphyxiate","floor":10.0},{"not_picked":["Shade:Doomsay","Shade:Brains","Shade:SkeletonHug"],"picked":"SKIP","floor":10.0},{"not_picked":["Shade:PoundOfFlesh","Shade:CoffinDance"],"picked":"Shade:ExtraLimbs","floor":12.0},{"not_picked":["Shade:SkeletonArmy","Shade:CloudOfShrapnel"],"picked":"Shade:Tombstone","floor":12.0},{"not_picked":["Shade:OpenGraves+1","Shade:Brains"],"picked":"Shade:GreyBargain","floor":18},{"not_picked":["Shade:Trample","Shade:GraveStillness","Shade:PoundOfFlesh"],"picked":"SKIP","floor":18},{"not_picked":["Shade:Consume","Shade:FleshToFlesh"],"picked":"Shade:ExtraLimbs","floor":19},{"not_picked":["Shade:FreshBones","Shade:Asphyxiate","Shade:Frenzy"],"picked":"SKIP","floor":19},{"not_picked":["Shade:Awaken","Shade:CallWraith"],"picked":"Shade:Excise","floor":21},{"not_picked":["Shade:FleshOffering","Shade:FeralStrike","Shade:Patience"],"picked":"SKIP","floor":21},{"not_picked":["Shade:FingerOfDeath","Shade:DangerousRitual+1"],"picked":"Shade:AncientSpear","floor":24},{"not_picked":["Shade:StitchTogether+1","Shade:Haruspicy","Shade:FleshToFlesh"],"picked":"SKIP","floor":24},{"not_picked":["Shade:CloudOfShrapnel","Shade:AncientSpear"],"picked":"Shade:FuneraryArmor","floor":25},{"not_picked":["Shade:Frenzy","Shade:DangerousRitual","Shade:Asphyxiate+1"],"picked":"SKIP","floor":25},{"not_picked":["Shade:Brains","Shade:ExtraLimbs","Shade:AncientSpear+1"],"picked":"SKIP","floor":27},{"not_picked":["Shade:FeralStrike+1","Shade:CommandSoldier+1","Shade:CallOfTheGrave+1"],"picked":"SKIP","floor":27},{"not_picked":["Shade:ExtraLimbs","Shade:BoneShards"],"picked":"Shade:GreyBargain","floor":31},{"not_picked":["Shade:Consume","Shade:SoulToxin+1","Shade:Haruspicy"],"picked":"SKIP","floor":31}],"player_experience":1068785,"relics_obtained":[{"floor":6.0,"key":"Ancient Tea Set"},{"floor":8.0,"key":"Bag of Preparation"},{"floor":9.0,"key":"Matryoshka"},{"floor":26,"key":"War Paint"}],"event_choices":[{"damage_healed":0.0,"max_hp_gain":0.0,"max_hp_loss":0.0,"gold_gain":0.0,"event_name":"Big Fish","player_choice":"Box","floor":3.0,"gold_loss":0.0,"damage_taken":0.0,"relics_obtained":["Prayer Wheel"],"cards_obtained":["Regret"]},{"cards_removed":["Regret"],"damage_healed":0.0,"max_hp_gain":0.0,"max_hp_loss":0.0,"gold_gain":0.0,"event_name":"Living Wall","player_choice":"Forget","floor":4.0,"gold_loss":0.0,"damage_taken":0.0},{"cards_removed":["Shade:Strike_Shade"],"damage_healed":0.0,"max_hp_gain":0.0,"max_hp_loss":0.0,"gold_gain":0.0,"event_name":"Bonfire Elementals","player_choice":"Offered Basic","floor":5.0,"gold_loss":0.0,"damage_taken":0.0},{"damage_healed":0.0,"max_hp_gain":0.0,"max_hp_loss":0.0,"gold_gain":0.0,"event_name":"Accursed Blacksmith","player_choice":"Rummage","floor":14.0,"gold_loss":0.0,"damage_taken":0.0,"relics_obtained":["WarpedTongs"],"cards_obtained":["Pain"]},{"damage_healed":0,"gold_gain":0,"player_choice":"Inject Mutagens","damage_taken":0,"relics_obtained":["MutagenicStrength"],"max_hp_gain":0,"max_hp_loss":0,"event_name":"Drug Dealer","floor":22,"gold_loss":0},{"damage_healed":0,"gold_gain":0,"player_choice":"Ignored","damage_taken":0,"max_hp_gain":0,"max_hp_loss":0,"event_name":"Ghosts","floor":29,"gold_loss":0}],"is_beta":false,"boss_relics":[{"not_picked":["Snecko Eye","Cursed Key","Coffee Dripper"]}],"items_purged_floors":[20],"is_endless":false,"potions_floor_spawned":[2,6,8,16,18,24],"killed_by":"Automaton","ascension_level":0}}