{"host":"dcj2yvrgcvh5dl2s","time":1608361357,"event":{"mods":["BaseMod","Better Note","Block Reminder","Colored Powertips","DeckTracker","Minty Spire (QoL Compilation)","Quick Restart","Rare Cards Sparkle","Relic Stats","StSLib"],"gold_per_floor":[115,37,37,51,51,51,90,40,40,40,65,65,101,125,125,256,256,270,283,63,3,27,65,65,101,101,101,114,148,167,92,92,211,211,224,224,237,253,276,276,319,319,374,412,412,412,36,76,76,76],"floor_reached":51,"playtime":2222,"items_purged":["Strike_R","Decay"],"score":1327,"play_id":"3a821d3d-966d-4c53-9ce9-d2a4b580e251","local_time":"20201219170237","is_ascension_mode":true,"campfire_choices":[{"data":"Flex","floor":6.0,"key":"SMITH"},{"data":"Inflame","floor":10.0,"key":"SMITH"},{"floor":15.0,"key":"REST"},{"floor":24,"key":"REST"},{"floor":27,"key":"REST"},{"floor":32,"key":"REST"},{"floor":40,"key":"REST"},{"data":"Offering","floor":42,"key":"SMITH"},{"data":"Battle Trance","floor":49,"key":"SMITH"}],"circlet_count":0,"master_deck":["AscendersBane","Strike_R","Strike_R","Defend_R","Defend_R","Defend_R","Defend_R","Apotheosis+1","Inflame+1","Shrug It Off","Flex+1","Combust","Thunderclap","Offering+1","Metallicize+1","Heavy Blade","Battle Trance+1","Reaper","Disarm+1","Reaper","Offering+1","Heavy Blade","Shrug It Off"],"relics":["Burning Blood","Golden Idol","Red Skull","Happy Flower","Odd Mushroom","Akabeko","White Beast Statue","Busted Crown","ClockworkSouvenir","Turnip","Gambling Chip","Lantern","Orichalcum","Anchor","Cursed Key","Pen Nib","Bronze Scales","The Courier","DollysMirror","Vajra","CeramicFish"],"acts_visited":["Exordium","TheCity","TheBeyond"],"potions_floor_usage":[23,23,29,33,41,48,50,50],"damage_taken":[{"damage":11.0,"enemies":"Jaw Worm","floor":1.0,"turns":3.0},{"damage":0.0,"enemies":"Small Slimes","floor":4.0,"turns":4.0},{"damage":23.0,"enemies":"Gremlin Nob","floor":7.0,"turns":4.0},{"damage":22.0,"enemies":"The Mushroom Lair","floor":11.0,"turns":5.0},{"damage":21.0,"enemies":"Lagavulin","floor":13.0,"turns":5.0},{"damage":0.0,"enemies":"2 Louse","floor":14.0,"turns":2.0},{"damage":18.0,"enemies":"Hexaghost","floor":16.0,"turns":8.0},{"damage":7.0,"enemies":"3 Byrds","floor":18.0,"turns":4.0},{"damage":15.0,"enemies":"2 Thieves","floor":19.0,"turns":4.0},{"damage":24.0,"enemies":"Centurion and Healer","floor":22.0,"turns":3.0},{"damage":14,"enemies":"Book of Stabbing","floor":23,"turns":6},{"damage":31,"enemies":"Gremlin Leader","floor":25,"turns":5},{"damage":15,"enemies":"Chosen and Byrds","floor":28,"turns":3},{"damage":9,"enemies":"Slavers","floor":29,"turns":2},{"damage":8,"enemies":"Snecko","floor":30,"turns":4},{"damage":24,"enemies":"Collector","floor":33,"turns":5},{"damage":6,"enemies":"Orb Walker","floor":35,"turns":2},{"damage":6,"enemies":"3 Darklings","floor":37,"turns":5},{"damage":18,"enemies":"Transient","floor":38,"turns":5},{"damage":37,"enemies":"Writhing Mass","floor":39,"turns":3},{"damage":6,"enemies":"Nemesis","floor":41,"turns":3},{"damage":12,"enemies":"Reptomancer","floor":44,"turns":6},{"damage":12,"enemies":"Giant Head","floor":48,"turns":5},{"damage":46,"enemies":"Awakened One","floor":50,"turns":5}],"seed_played":"6771261751197058886","potions_obtained":[{"floor":1.0,"key":"Explosive Potion"},{"floor":13.0,"key":"Ancient Potion"},{"floor":16.0,"key":"EssenceOfSteel"},{"floor":19.0,"key":"Strength Potion"},{"floor":23,"key":"Dexterity Potion"},{"floor":25,"key":"LiquidBronze"},{"floor":28,"key":"SneckoOil"},{"floor":29,"key":"Block Potion"},{"floor":30,"key":"DuplicationPotion"},{"floor":33,"key":"AttackPotion"},{"floor":37,"key":"Strength Potion"},{"floor":41,"key":"AttackPotion"},{"floor":48,"key":"Strength Potion"}],"is_trial":false,"path_per_floor":["M","$","?","M","?","R","E","?","T","R","?","T","E","M","R","B",null,"M","M","$","?","M","E","R","E","T","R","M","E","M","?","R","B",null,"M","?","M","M","M","R","E","R","T","E","?","?","$","E","R","B",null],"character_chosen":"IRONCLAD","items_purchased":["Shrug It Off","Flex","ClockworkSouvenir","DollysMirror","Vajra","Heavy Blade","Shrug It Off"],"campfire_rested":5,"item_purchase_floors":[2,2,20,47,47,47,47],"current_hp_per_floor":[67,67,67,72,67,67,50,50,50,50,34,34,19,25,45,33,59,58,49,49,49,31,23,43,18,18,38,29,26,24,24,44,26,57,67,67,67,55,42,62,67,67,67,61,61,61,61,64,64,53],"gold":76,"neow_bonus":"RANDOM_COLORLESS_2","is_daily":false,"chose_seed":false,"campfire_upgraded":4,"win_rate":0.0,"timestamp":1608361357,"path_taken":["M","$","?","M","?","R","E","?","T","R","?","?","E","M","R","BOSS","M","?","$","?","M","E","R","E","T","R","M","E","?","?","R","BOSS","M","?","M","?","M","R","E","R","T","E","?","?","?","E","R","BOSS"],"items_purchased_type":["Card","Card","Relic","Relic","Relic","Card","Card"],"build_version":"2020-12-13","purchased_purges":2,"victory":true,"max_hp_per_floor":[72,72,72,72,67,67,67,67,67,67,67,67,67,67,67,67,67,67,67,67,67,67,67,67,67,67,67,67,67,67,67,67,67,67,67,67,67,67,67,67,67,67,67,67,67,64,64,64,64,64],"relic_stats":{"Happy Flower":[30],"counters":[24,101],"Golden Idol":180,"CeramicFish":0,"Pen Nib":[3],"Orichalcum":[48],"Cursed Key":1,"Burning Blood":119,"Busted Crown":32,"Gambling Chip":[32],"Bronze Scales":[30],"Turnip":[5],"obtain_stats":[{"Lantern":25,"Happy Flower":9,"Golden Idol":5,"CeramicFish":48,"Vajra":47,"Pen Nib":41,"The Courier":44,"Odd Mushroom":11,"Orichalcum":26,"Cursed Key":34,"Burning Blood":0,"Akabeko":12,"White Beast Statue":13,"ClockworkSouvenir":20,"Anchor":29,"Busted Crown":17,"DollysMirror":47,"Gambling Chip":23,"Bronze Scales":43,"Turnip":21,"Red Skull":7},{"Lantern":12,"Happy Flower":3,"Golden Idol":2,"CeramicFish":23,"Vajra":22,"Pen Nib":21,"The Courier":22,"Odd Mushroom":4,"Orichalcum":12,"Cursed Key":16,"Burning Blood":0,"Akabeko":4,"White Beast Statue":5,"ClockworkSouvenir":9,"Anchor":14,"Busted Crown":7,"DollysMirror":22,"Gambling Chip":11,"Bronze Scales":21,"Turnip":9,"Red Skull":3},{"Lantern":53,"Happy Flower":11,"Golden Idol":7,"CeramicFish":96,"Vajra":91,"Pen Nib":85,"The Courier":91,"Odd Mushroom":16,"Orichalcum":53,"Cursed Key":67,"Burning Blood":0,"Akabeko":16,"White Beast Statue":21,"ClockworkSouvenir":39,"Anchor":58,"Busted Crown":31,"DollysMirror":91,"Gambling Chip":48,"Bronze Scales":85,"Turnip":39,"Red Skull":11}]},"card_choices":[{"not_picked":["Sadistic Nature","Magnetism"],"picked":"Apotheosis","floor":0.0},{"not_picked":["Flame Barrier","True Grit"],"picked":"Inflame","floor":1.0},{"not_picked":["Clash","Wild Strike","Headbutt"],"picked":"SKIP","floor":4.0},{"not_picked":["Searing Blow","Evolve","Fiend Fire"],"picked":"SKIP","floor":7.0},{"not_picked":["Burning Pact","Rupture"],"picked":"Combust","floor":13.0},{"not_picked":["Clothesline","Pommel Strike"],"picked":"Thunderclap","floor":14.0},{"not_picked":["Juggernaut","Brutality"],"picked":"Offering","floor":16.0},{"not_picked":[],"picked":"Metallicize+1","floor":18.0},{"not_picked":["Dark Embrace"],"picked":"SKIP","floor":19.0},{"not_picked":["Clash"],"picked":"SKIP","floor":22.0},{"not_picked":[],"picked":"Heavy Blade","floor":23},{"not_picked":["Havoc"],"picked":"SKIP","floor":25},{"not_picked":["Clothesline"],"picked":"SKIP","floor":28},{"not_picked":[],"picked":"Battle Trance","floor":29},{"not_picked":["Warcry"],"picked":"SKIP","floor":30},{"not_picked":[],"picked":"Reaper","floor":33},{"not_picked":[],"picked":"Disarm+1","floor":35},{"not_picked":["Anger"],"picked":"SKIP","floor":37},{"not_picked":["Fire Breathing+1"],"picked":"SKIP","floor":38},{"not_picked":["Havoc"],"picked":"SKIP","floor":39},{"not_picked":["Cleave+1"],"picked":"SKIP","floor":41},{"not_picked":[],"picked":"Reaper","floor":44},{"not_picked":["Spot Weakness"],"picked":"SKIP","floor":48}],"player_experience":1990366,"relics_obtained":[{"floor":7.0,"key":"Red Skull"},{"floor":9.0,"key":"Happy Flower"},{"floor":11.0,"key":"Odd Mushroom"},{"floor":12.0,"key":"Akabeko"},{"floor":13.0,"key":"White Beast Statue"},{"floor":23,"key":"Gambling Chip"},{"floor":25,"key":"Lantern"},{"floor":26,"key":"Orichalcum"},{"floor":29,"key":"Anchor"},{"floor":41,"key":"Pen Nib"},{"floor":43,"key":"Bronze Scales"},{"floor":44,"key":"The Courier"},{"floor":48,"key":"CeramicFish"}],"event_choices":[{"damage_healed":0.0,"max_hp_gain":0.0,"max_hp_loss":0.0,"gold_gain":0.0,"event_name":"Living Wall","player_choice":"Grow","floor":3.0,"gold_loss":0.0,"damage_taken":0.0,"cards_upgraded":["Apotheosis"]},{"damage_healed":0.0,"max_hp_gain":0.0,"max_hp_loss":5.0,"gold_gain":0.0,"event_name":"Golden Idol","player_choice":"Lose Max HP","floor":5.0,"gold_loss":0.0,"damage_taken":0.0,"relics_obtained":["Golden Idol"]},{"cards_removed":["Strike_R"],"damage_healed":0.0,"max_hp_gain":0.0,"max_hp_loss":0.0,"gold_gain":0.0,"event_name":"The Cleric","player_choice":"Card Removal","floor":8.0,"gold_loss":50.0,"damage_taken":0.0},{"damage_healed":0.0,"max_hp_gain":0.0,"max_hp_loss":0.0,"gold_gain":0.0,"event_name":"Mushrooms","player_choice":"Fought Mushrooms","floor":11.0,"gold_loss":0.0,"damage_taken":0.0},{"damage_healed":0.0,"max_hp_gain":0.0,"max_hp_loss":0.0,"gold_gain":0.0,"event_name":"WeMeetAgain","player_choice":"Paid Gold","floor":21.0,"gold_loss":60.0,"damage_taken":0.0,"relics_obtained":["Turnip"]},{"cards_removed":["Strike_R"],"damage_healed":0,"gold_gain":0,"player_choice":"Gave Gold","damage_taken":0,"max_hp_gain":0,"max_hp_loss":0,"event_name":"Beggar","floor":31,"gold_loss":75},{"cards_removed":["Bash"],"damage_healed":0,"gold_gain":0,"player_choice":"Purged","damage_taken":0,"max_hp_gain":0,"max_hp_loss":0,"event_name":"Purifier","floor":36,"gold_loss":0},{"damage_healed":0,"gold_gain":0,"player_choice":"Ignored","damage_taken":0,"max_hp_gain":0,"max_hp_loss":0,"event_name":"Tomb of Lord Red Mask","floor":45,"gold_loss":0},{"damage_healed":0,"gold_gain":0,"player_choice":"Max HP","damage_taken":0,"max_hp_gain":0,"max_hp_loss":3,"event_name":"Winding Halls","floor":46,"gold_loss":0}],"is_beta":false,"boss_relics":[{"not_picked":["Fusion Hammer","Mark of Pain"],"picked":"Busted Crown"},{"not_picked":["Runic Cube","Astrolabe"],"picked":"Cursed Key"}],"items_purged_floors":[20,47],"is_endless":false,"potions_floor_spawned":[1,13,14,16,18,19,22,23,25,28,29,30,33,35,37,38,39,41,44,48],"ascension_level":11}}