{"host":"udzsrhbqdxqtlypj","time":1608410749,"event":{"mods":["BaseMod","Minty Spire (QoL Compilation)","Relic Stats"],"gold_per_floor":[110,125,143,218,218,243,243,243,243],"floor_reached":8,"playtime":399,"items_purged":[],"score":84,"play_id":"6f3f5cab-94ec-4939-a4d9-a70b269d180c","local_time":"20201219144549","is_ascension_mode":true,"campfire_choices":[{"floor":7,"key":"REST"}],"circlet_count":0,"master_deck":["AscendersBane","Strike_G","Strike_G","Strike_G","Strike_G","Strike_G","Defend_G","Defend_G","Defend_G","Defend_G","Defend_G","Survivor","Neutralize","Blade Dance","All Out Attack","Storm of Steel","Underhanded Strike"],"relics":["Snecko Eye","Bottled Lightning"],"acts_visited":["Exordium"],"potions_floor_usage":[6],"damage_taken":[{"damage":0,"enemies":"2 Louse","floor":1,"turns":3},{"damage":0,"enemies":"Jaw Worm","floor":2,"turns":3},{"damage":0,"enemies":"Cultist","floor":3,"turns":5},{"damage":44,"enemies":"Lagavulin","floor":6,"turns":8},{"damage":48,"enemies":"Gremlin Nob","floor":8,"turns":4}],"seed_played":"-5768357518495136888","potions_obtained":[{"floor":3,"key":"Swift Potion"},{"floor":6,"key":"SpeedPotion"}],"is_trial":false,"path_per_floor":["M","M","M","?","?","E","R","E"],"character_chosen":"THE_SILENT","items_purchased":[],"campfire_rested":1,"item_purchase_floors":[],"current_hp_per_floor":[63,63,63,52,52,8,29,0,0],"gold":243,"neow_bonus":"BOSS_RELIC","is_daily":false,"chose_seed":false,"campfire_upgraded":0,"win_rate":0.0,"timestamp":1608410749,"path_taken":["M","M","M","?","?","E","R","E"],"items_purchased_type":[],"build_version":"2020-12-13","purchased_purges":0,"victory":false,"max_hp_per_floor":[70,70,70,70,70,70,70,70,70],"relic_stats":{"counters":[5,23],"Snecko Eye":[42,39,36,41],"obtain_stats":[{"Snecko Eye":0,"Bottled Lightning":6,"Ring of the Snake":0},{"Snecko Eye":0,"Bottled Lightning":4,"Ring of the Snake":0},{"Snecko Eye":0,"Bottled Lightning":19,"Ring of the Snake":0}]},"card_choices":[{"not_picked":["Backflip","Endless Agony"],"picked":"Blade Dance","floor":1},{"not_picked":["Bane","Blur"],"picked":"All Out Attack","floor":2},{"not_picked":["Bane","Heel Hook"],"picked":"Storm of Steel","floor":3},{"not_picked":["Caltrops","Masterful Stab"],"picked":"Underhanded Strike","floor":6}],"player_experience":2676365,"relics_obtained":[{"floor":6,"key":"Bottled Lightning"}],"event_choices":[{"damage_healed":0,"gold_gain":75,"player_choice":"Gather Gold","damage_taken":11,"max_hp_gain":0,"max_hp_loss":0,"event_name":"World of Goop","floor":4,"gold_loss":0},{"damage_healed":0,"gold_gain":0,"player_choice":"Ignored","damage_taken":0,"max_hp_gain":0,"max_hp_loss":0,"event_name":"Liars Game","floor":5,"gold_loss":0}],"is_beta":false,"boss_relics":[],"items_purged_floors":[],"is_endless":false,"potions_floor_spawned":[3,6],"killed_by":"Gremlin Nob","ascension_level":10}}