{"host":"cb9xh4d0ss8ax8yb","time":1608373782,"event":{"mods":["BaseMod","Minty Spire (QoL Compilation)","StSLib","The Alterego","The Dragon Tamer","The Gatherer"],"gold_per_floor":[113,42,42,42,55,82,82,95,95,95,95,20,49,63,63,158,158,175,186,186,186,186,186,186,86,86,101,126,126,139,157,157,252,252,265,68,68,0,0,30,30,43,66,86,119,119,131,145,145,145],"floor_reached":51,"playtime":3908,"items_purged":["Gatherer:Strike_Gatherer","Gatherer:Strike_Gatherer","Gatherer:Strike_Gatherer"],"score":785,"play_id":"b4b97567-2182-46f6-a23b-4cea377e7840","local_time":"20201219192942","is_ascension_mode":false,"metric_token":413,"campfire_choices":[{"data":"Gatherer:FlowerBeam","floor":7,"key":"SMITH"},{"data":"Gatherer:FruitForce","floor":11,"key":"SMITH"},{"data":"Gatherer:BomberForm","floor":15,"key":"SMITH"},{"data":"Gatherer:HeartToFruit","floor":23,"key":"SMITH"},{"data":"Gatherer:FlowerBeam+2","floor":29,"key":"SMITH"},{"data":"Gatherer:BlackTea","floor":32,"key":"SMITH"},{"data":"Gatherer:FlowerWhip+2","floor":41,"key":"SMITH"},{"data":"Gatherer:BomberForm","floor":46,"key":"SMITH"},{"floor":49,"key":"REST"}],"circlet_count":0,"master_deck":["Gatherer:Strike_Gatherer+1","Gatherer:Strike_Gatherer","Gatherer:Defend_Gatherer","Gatherer:Defend_Gatherer","Gatherer:Defend_Gatherer","Gatherer:Defend_Gatherer","Gatherer:Centralize","Gatherer:FlowerWhip+3","Gatherer:Duality","Gatherer:BomberForm+1","Gatherer:FruitForce+1","Gatherer:FlowerBeam+3","Gatherer:Nutrients","Gatherer:HeartToFruit+1","Gatherer:Uplift","Gatherer:Snatch+1","Gatherer:BlackTea+1","Gatherer:BomberForm+1","Gatherer:ScherryThrow+1","Deep Breath","Panacea","Gatherer:Snatch+1","Gatherer:QuickSynthesis","Gatherer:WitheringStrike+1","Gatherer:FlowerShield+1"],"relics":["Gatherer:MiracleBag","NeowsBlessing","Pear","Akabeko","InkBottle","Ornamental Fan","Boot","MutagenicStrength","White Beast Statue","Pen Nib","SacredBark","Red Mask","Question Card","Whetstone","HornCleat"],"acts_visited":["Exordium","TheCity","TheBeyond"],"potions_floor_usage":[13,16,16,21,27,28,30,31,33,33,40,40,42,44,47,48,50,50,50,50,50,50,50],"damage_taken":[{"damage":0,"enemies":"Cultist","floor":1,"turns":1},{"damage":0,"enemies":"Jaw Worm","floor":5,"turns":1},{"damage":0,"enemies":"Lagavulin","floor":6,"turns":1},{"damage":0,"enemies":"2 Louse","floor":8,"turns":1},{"damage":9,"enemies":"3 Sentries","floor":13,"turns":3},{"damage":0,"enemies":"Large Slime","floor":14,"turns":3},{"damage":24,"enemies":"The Guardian","floor":16,"turns":7},{"damage":10,"enemies":"Chosen","floor":18,"turns":3},{"damage":13,"enemies":"3 Byrds","floor":19,"turns":4},{"damage":0,"enemies":"Snake Plant","floor":21,"turns":1},{"damage":22,"enemies":"Snecko","floor":27,"turns":5},{"damage":17,"enemies":"Slavers","floor":28,"turns":4},{"damage":4,"enemies":"Centurion and Healer","floor":30,"turns":3},{"damage":0,"enemies":"Snake Plant","floor":31,"turns":2},{"damage":42,"enemies":"Champ","floor":33,"turns":8},{"damage":4,"enemies":"Orb Walker","floor":35,"turns":3},{"damage":0,"enemies":"Reptomancer","floor":40,"turns":3},{"damage":28,"enemies":"3 Darklings","floor":42,"turns":4},{"damage":0,"enemies":"Maw","floor":44,"turns":6},{"damage":44,"enemies":"Nemesis","floor":45,"turns":4},{"damage":11,"enemies":"Sphere and 2 Shapes","floor":47,"turns":4},{"damage":0,"enemies":"4 Shapes","floor":48,"turns":4},{"damage":24,"enemies":"Time Eater","floor":50,"turns":6}],"seed_played":"-5249811277962968721","potions_obtained":[{"floor":5,"key":"Strength Potion"},{"floor":6,"key":"Explosive Potion"},{"floor":13,"key":"Block Potion"},{"floor":18,"key":"BloodPotion"},{"floor":27,"key":"BlessingOfTheForge"},{"floor":28,"key":"Explosive Potion"},{"floor":30,"key":"Block Potion"},{"floor":31,"key":"LiquidMemories"},{"floor":33,"key":"BottledMiracle"},{"floor":35,"key":"ColorlessPotion"},{"floor":40,"key":"Regen Potion"},{"floor":42,"key":"Fire Potion"},{"floor":44,"key":"EssenceOfSteel"},{"floor":45,"key":"BlessingOfTheForge"},{"floor":48,"key":"DuplicationPotion"}],"is_trial":false,"path_per_floor":["M","$","?","?","M","E","R","M","T","T","R","$","E","M","R","B",null,"M","M","?","M","?","R","?","$","T","M","E","R","M","M","R","B",null,"M","$","?","?","?","E","R","M","T","M","E","R","M","M","R","B",null],"character_chosen":"THE_GATHERER","items_purchased":["Gatherer:BomberForm","Gatherer:BalancedGrowth"],"campfire_rested":1,"item_purchase_floors":[2,36],"current_hp_per_floor":[72,72,65,65,69,79,79,79,79,79,79,79,70,70,70,46,86,76,66,66,66,49,49,49,49,49,45,32,32,32,36,36,31,106,106,106,106,106,101,101,101,94,94,94,54,54,47,57,96,72],"gold":145,"neow_bonus":"THREE_ENEMY_KILL","is_daily":false,"chose_seed":false,"campfire_upgraded":8,"win_rate":0.0,"timestamp":1608373782,"path_taken":["M","$","?","?","?","E","R","M","T","?","R","?","E","M","R","BOSS","M","M","?","M","?","R","?","$","T","?","E","R","M","M","R","BOSS","M","$","?","?","?","E","R","?","T","M","E","R","M","M","R","BOSS"],"items_purchased_type":["Card","Card"],"build_version":"2020-12-13","purchased_purges":3,"victory":true,"max_hp_per_floor":[72,72,72,72,76,86,86,86,86,86,86,86,86,86,86,86,86,86,89,89,89,94,94,94,94,94,94,98,98,102,106,106,106,106,110,110,110,110,110,110,110,114,114,114,118,118,122,132,132,132],"card_choices":[{"not_picked":["Gatherer:BambuSword","Gatherer:AcidicSpray"],"picked":"Gatherer:Duality","floor":1},{"not_picked":["Gatherer:BambuSword","Gatherer:UpgradeBag"],"picked":"Gatherer:FruitForce","floor":5},{"not_picked":["Gatherer:Frenzy","Gatherer:GatherMaterial"],"picked":"Gatherer:FlowerBeam","floor":6},{"not_picked":["Gatherer:FeelingFine","Gatherer:GatherMaterial"],"picked":"Gatherer:Nutrients","floor":8},{"not_picked":["Gatherer:ScentOfRosmari","Gatherer:WoolGloves","Gatherer:CarefulStrike"],"picked":"SKIP","floor":13},{"not_picked":["Gatherer:SmartManeuver","Gatherer:EchoOfNature","Gatherer:FragileHammer"],"picked":"SKIP","floor":14},{"not_picked":["Gatherer:ScrollOfPurity","Gatherer:StoneFence"],"picked":"Gatherer:HeartToFruit","floor":16},{"not_picked":["Gatherer:TreeGrowth+1","Gatherer:AlchemyTrial"],"picked":"Gatherer:Uplift","floor":18},{"not_picked":["Gatherer:GlowingPlant","Gatherer:Solidify"],"picked":"Gatherer:Snatch","floor":19},{"not_picked":["Gatherer:FlowerPower","Gatherer:RottenStipe","Gatherer:Convert"],"picked":"SKIP","floor":27},{"not_picked":["Gatherer:BalancedGrowth","Gatherer:GatherMaterial","Gatherer:Frenzy"],"picked":"SKIP","floor":28},{"not_picked":["Gatherer:BambuSword","Gatherer:FragileHammer"],"picked":"Gatherer:BlackTea","floor":30},{"not_picked":["Gatherer:TreeGrowth","Gatherer:DrugPower","Gatherer:FragileHammer+1"],"picked":"SKIP","floor":31},{"not_picked":["Gatherer:Bulldoze","Gatherer:PoisonMastery"],"picked":"Gatherer:BomberForm","floor":33},{"not_picked":["Gatherer:WitheringStrike","Gatherer:Duality+1"],"picked":"Gatherer:ScherryThrow+1","floor":35},{"not_picked":["Good Instincts","The Bomb"],"picked":"Deep Breath","floor":39},{"not_picked":["Metamorphosis","Purity"],"picked":"Panacea","floor":39},{"not_picked":["Gatherer:FragileHammer+1","Gatherer:FlowerShield"],"picked":"Gatherer:Snatch+1","floor":40},{"not_picked":["Gatherer:ScentOfRosmari+1","Gatherer:Enchant+1","Gatherer:AromaProtection+1"],"picked":"Gatherer:QuickSynthesis","floor":42},{"not_picked":["Gatherer:SaveValuables","Gatherer:RottenStipe+1","Gatherer:TacticalStrike+1","Gatherer:Uplift"],"picked":"SKIP","floor":44},{"not_picked":["Gatherer:ScrollOfWall","Gatherer:FragileHammer","Gatherer:Frenzy+1"],"picked":"Gatherer:WitheringStrike+1","floor":45},{"not_picked":["Gatherer:FragileHammer","Gatherer:LuckyClover","Gatherer:CollectorsShot","Gatherer:FruitForce"],"picked":"SKIP","floor":47},{"not_picked":["Gatherer:RecoveryHerb","Gatherer:FragileHammer+1","Gatherer:Duality"],"picked":"Gatherer:FlowerShield+1","floor":48}],"player_experience":425624,"relics_obtained":[{"floor":6,"key":"Pear"},{"floor":9,"key":"Akabeko"},{"floor":10,"key":"InkBottle"},{"floor":13,"key":"Ornamental Fan"},{"floor":26,"key":"White Beast Statue"},{"floor":28,"key":"Pen Nib"},{"floor":40,"key":"Question Card"},{"floor":43,"key":"Whetstone"},{"floor":45,"key":"HornCleat"}],"event_choices":[{"cards_removed":["Gatherer:Defend_Gatherer"],"damage_healed":0,"gold_gain":0,"player_choice":"Card Removal","damage_taken":7,"max_hp_gain":0,"max_hp_loss":0,"event_name":"Golden Wing","floor":3,"gold_loss":0},{"damage_healed":0,"gold_gain":0,"player_choice":"Forge","damage_taken":0,"max_hp_gain":0,"max_hp_loss":0,"event_name":"Accursed Blacksmith","floor":4,"gold_loss":0,"cards_upgraded":["Gatherer:FlowerWhip"]},{"damage_healed":0,"gold_gain":0,"player_choice":"Opened","damage_taken":0,"relics_obtained":["Boot"],"max_hp_gain":0,"max_hp_loss":0,"event_name":"The Mausoleum","floor":20,"gold_loss":0},{"damage_healed":0,"gold_gain":0,"player_choice":"Shed Blood","damage_taken":22,"max_hp_gain":5,"max_hp_loss":0,"event_name":"Forgotten Altar","floor":22,"gold_loss":0},{"damage_healed":0,"gold_gain":0,"player_choice":"Inject Mutagens","damage_taken":0,"relics_obtained":["MutagenicStrength"],"max_hp_gain":0,"max_hp_loss":0,"event_name":"Drug Dealer","floor":24,"gold_loss":0},{"cards_removed":["Gatherer:BalancedGrowth"],"damage_healed":0,"gold_gain":0,"player_choice":"Removed Power","damage_taken":0,"max_hp_gain":0,"max_hp_loss":0,"event_name":"Falling","floor":37,"gold_loss":0},{"damage_healed":0,"gold_gain":0,"player_choice":"Paid","damage_taken":0,"relics_obtained":["Red Mask"],"max_hp_gain":0,"max_hp_loss":0,"event_name":"Tomb of Lord Red Mask","floor":38,"gold_loss":68},{"damage_healed":0,"gold_gain":0,"player_choice":"Memory 2","damage_taken":5,"max_hp_gain":0,"max_hp_loss":0,"event_name":"SensoryStone","floor":39,"gold_loss":0}],"is_beta":false,"boss_relics":[{"not_picked":["SlaversCollar","Philosopher\u0027s Stone"],"picked":"Gatherer:MiracleBag"},{"not_picked":["Runic Pyramid","Cursed Key"],"picked":"SacredBark"}],"items_purged_floors":[12,25,36],"is_endless":false,"potions_floor_spawned":[5,6,13,18,21,27,28,30,31,33,35,40,42,44,45,47,48],"ascension_level":0}}