{"host":"jm9833yuloeli2yd","time":1608413420,"event":{"mods":["AchievementEnabler","BaseMod","Better Altar","Better Match","Better Note","Better Sensory Stone","Better Skull","Better Vampires","Colored Map","Colored Powertips","DeckTracker","Minty Spire (QoL Compilation)","Permanent Neow","Quick Restart","Replay The Spire","StSLib","SuperFastMode"],"gold_per_floor":[214,231,231,245,27,55,55,68,93,93,121,131,24,24,24,24,24],"floor_reached":16,"playtime":772,"items_purged":[],"score":200,"play_id":"3ede2725-17db-460b-9227-63f97d7c9d60","local_time":"20201219163020","is_ascension_mode":true,"campfire_choices":[{"floor":7,"key":"REST"},{"data":"Neutralize","floor":10,"key":"SMITH"},{"floor":15,"key":"REST"}],"circlet_count":0,"master_deck":["AscendersBane","Strike_G","Strike_G","Strike_G","Strike_G","Defend_G","Defend_G","Defend_G","Defend_G","Defend_G","Survivor","Neutralize+1","Flying Knee","Reflex+1","Skewer","Unload","Tactician","A Thousand Cuts+1","Cloak And Dagger"],"relics":["Ring of the Snake","Potion Belt","Omamori","Odd Mushroom"],"acts_visited":["Exordium"],"potions_floor_usage":[11,11,12,16,16,16],"damage_taken":[{"damage":0,"enemies":"Cultist","floor":1,"turns":4},{"damage":4,"enemies":"Jaw Worm","floor":2,"turns":6},{"damage":4,"enemies":"Small Slimes","floor":4,"turns":3},{"damage":37,"enemies":"3 Sentries","floor":6,"turns":12},{"damage":6,"enemies":"Blue Slaver","floor":8,"turns":5},{"damage":22,"enemies":"The Mushroom Lair","floor":11,"turns":4},{"damage":4,"enemies":"Exordium Wildlife","floor":12,"turns":5},{"damage":21,"enemies":"Slime Boss","floor":16,"turns":10}],"seed_played":"2691120658618161146","potions_obtained":[{"floor":2,"key":"Fire Potion"},{"floor":8,"key":"Weak Potion"},{"floor":11,"key":"Elixir"}],"is_trial":false,"path_per_floor":["M","M","?","M","$","E","R","M","T","R","?","M","$","?","R","B"],"character_chosen":"THE_SILENT","items_purchased":["Unload","SteroidPotion","Block Potion","SpeedPotion"],"campfire_rested":2,"item_purchase_floors":[5,5,13,13],"current_hp_per_floor":[59,55,55,51,51,14,33,27,27,27,5,1,1,1,20,0,0],"gold":24,"neow_bonus":"HUNDRED_GOLD","is_daily":false,"chose_seed":false,"campfire_upgraded":1,"win_rate":0.0,"timestamp":1608413420,"path_taken":["M","?","?","M","$","E","R","M","T","R","?","M","$","?","R","BOSS"],"items_purchased_type":["Card","Potion","Potion","Potion"],"build_version":"2020-12-13","purchased_purges":0,"victory":false,"max_hp_per_floor":[66,66,66,66,66,66,66,66,66,66,66,66,66,66,66,66,66],"card_choices":[{"not_picked":["Deadly Poison","Backflip","Cloak And Dagger"],"picked":"SKIP","floor":1},{"not_picked":["Cloak And Dagger","Deadly Poison"],"picked":"Flying Knee","floor":2},{"not_picked":["Flying Knee","Terror"],"picked":"Skewer","floor":4},{"not_picked":["Distraction","Concentrate"],"picked":"Tactician","floor":6},{"not_picked":["Masterful Stab","Outmaneuver"],"picked":"A Thousand Cuts","floor":8},{"not_picked":["Flying Knee","Slice"],"picked":"Cloak And Dagger","floor":11},{"not_picked":["Catalyst","Toxin Wave","Quick Slash"],"picked":"SKIP","floor":12}],"player_experience":1125405,"relics_obtained":[{"floor":6,"key":"Potion Belt"},{"floor":9,"key":"Omamori"},{"floor":11,"key":"Odd Mushroom"}],"event_choices":[{"damage_healed":0,"gold_gain":0,"player_choice":"Fought Mushrooms","damage_taken":0,"max_hp_gain":0,"max_hp_loss":0,"event_name":"Mushrooms","floor":11,"gold_loss":0},{"damage_healed":0,"gold_gain":0,"player_choice":"Grow","damage_taken":0,"max_hp_gain":0,"max_hp_loss":0,"event_name":"Living Wall","floor":14,"gold_loss":0,"cards_upgraded":["A Thousand Cuts"]}],"is_beta":false,"boss_relics":[],"items_purged_floors":[],"is_endless":false,"potions_floor_spawned":[2,8,11],"killed_by":"Slime Boss","ascension_level":20}}