{"host":"Pickles","time":1608338990,"event":{"mods":["BaseMod","Downfall","Duelist Mod","GifTheSpireLib","Hermit","Kratos Character Expansion","Marisa????????","Minty Spire (QoL Compilation)","StSLib","The Animator","The Blackbeard","The Bug Knight","The Cursed","The Exalted","The Hierophant","The Necromancer","The Runesmith","The Senshi","The Servant 0.9.4","TheWitcher"],"gold_per_floor":[144,144,189,234,279,120,120,165,190,235,280,325,325,370,370,670,670,715,161,206,251,251,341,386,431,431,126,126,126,171,261,261,561,561,606,566,611,420,465,465,510,555,580,625,670,425,425,2,2,2],"floor_reached":51,"playtime":4439,"items_purged":[],"score":1039,"play_id":"fc68cb5a-0b76-4504-83e7-4a5566e7c658","local_time":"20201219114950","daily_mods":["Cursed Run","Vintage","Midas"],"is_ascension_mode":false,"campfire_choices":[{"floor":7.0,"key":"REST"},{"floor":15.0,"key":"REST"},{"floor":29.0,"key":"REST"},{"floor":32.0,"key":"REST"},{"floor":40,"key":"REST"},{"floor":49,"key":"REST"}],"circlet_count":0,"master_deck":["Strike_W","Strike_W","Strike_W+1","Strike_W+1","Defend_W+1","Defend_W","Defend_W+1","Defend_W","Negative_Energy_Arrows+1","Bone_Wall","Decay","Toxic_Smoke_Screen","Exploit+1","Blood_for_Blood","theDuelist:DuelistAscender","Summon_Undead","Summon_Vampire_Lady","expansioncontent:Collect","Cloudkill+1","Death_Coil+1","Cloudkill+1","Negative_Energy_Mist+1","Strike_from_Beyond+1","Stop_Heart+1","Life_Drain+1","hexamod:Haunted","Cloudkill+1","Siphon_Strength+1","Negative_Energy_Javelin+1","theDuelist:CurseAnubis","Mayhem","expansioncontent:SuperHexaguard+1","expansioncontent:ChargeUp+1","Sadistic Nature+1","Mayhem","Grasp_Heart","Bone_Prison+1","Summon_Undead_Army+1","Parasite"],"relics":["Cursed Key","Darkstone Periapt","Du-Vu Doll","Strawberry","Unceasing Top","SnafuTest:BearRelic","HollowMod:LifeEnderRelic","Turnip","PreservedInsect","StrikeDummy","Dream Catcher","hexamod:BolsterEngine","Regal Pillow","Bromod:ArcaneGrace","Vajra","sneckomod:BlankCard","Bronze Scales","Membership Card","Smiling Mask","Matryoshka","Eternal Feather","Bromod:ArcaneConsequence","Pen Nib","Toxic Egg 2","theSenshi:SuperSailorFukuRelic","champ:Barbells","Bromod:ArcaneGuardian","Calipers","theSenshi:SailorFukuRelic","expansioncontent:StudyCardRelic","Oddly Smooth Stone","Orichalcum","Torii","Gambling Chip","Pear","Bag of Marbles","Question Card","Lantern","War Paint","HornCleat","HollowMod:JonisBlessing","Juzu Bracelet","TungstenRod","HandDrill"],"acts_visited":["Exordium","TheCity","TheBeyond"],"potions_floor_usage":[50,50,50],"damage_taken":[{"damage":2.0,"enemies":"Small Slimes","floor":1.0,"turns":4.0},{"damage":4.0,"enemies":"Cultist","floor":3.0,"turns":4.0},{"damage":4.0,"enemies":"2 Louse","floor":4.0,"turns":3.0},{"damage":0.0,"enemies":"Blue Slaver","floor":5.0,"turns":2.0},{"damage":14.0,"enemies":"Exordium Thugs","floor":8.0,"turns":7.0},{"damage":0.0,"enemies":"Large Slime","floor":10.0,"turns":3.0},{"damage":1.0,"enemies":"Blue Slaver","floor":11.0,"turns":3.0},{"damage":10.0,"enemies":"Gremlin Gang","floor":12.0,"turns":4.0},{"damage":1.0,"enemies":"Red Slaver","floor":14.0,"turns":4.0},{"damage":2.0,"enemies":"The Guardian","floor":16.0,"turns":8.0},{"damage":17.0,"enemies":"2 Thieves","floor":18.0,"turns":4.0},{"damage":8.0,"enemies":"3 Byrds","floor":20.0,"turns":3.0},{"damage":13.0,"enemies":"Snake Plant","floor":21.0,"turns":3.0},{"damage":21.0,"enemies":"Slavers","floor":23.0,"turns":5.0},{"damage":0.0,"enemies":"Centurion and Healer","floor":24.0,"turns":7.0},{"damage":6.0,"enemies":"3 Cultists","floor":25.0,"turns":4.0},{"damage":0.0,"enemies":"Shelled Parasite and Fungi","floor":30.0,"turns":4.0},{"damage":0.0,"enemies":"HollowMod:Nosk","floor":31.0,"turns":5.0},{"damage":11.0,"enemies":"Champ","floor":33.0,"turns":9.0},{"damage":0,"enemies":"3 Darklings","floor":35,"turns":2},{"damage":0,"enemies":"3 Shapes","floor":37,"turns":4},{"damage":0,"enemies":"Maw","floor":39,"turns":6},{"damage":34,"enemies":"Sphere and 2 Shapes","floor":41,"turns":2},{"damage":5,"enemies":"4 Shapes","floor":42,"turns":2},{"damage":0,"enemies":"Spire Growth","floor":44,"turns":3},{"damage":0,"enemies":"Maw","floor":45,"turns":5},{"damage":0,"enemies":"Time Eater","floor":50,"turns":6}],"seed_played":"4511563792049188764","potions_obtained":[{"floor":1.0,"key":"FearPotion"},{"floor":4.0,"key":"ColorlessPotion"},{"floor":8.0,"key":"DuplicationPotion"},{"floor":10.0,"key":"Guardian:BlockOnCardUsePotion"},{"floor":12.0,"key":"Slimebound:ThreeZeroPotion"},{"floor":18.0,"key":"LiquidMemories"},{"floor":20.0,"key":"SpeedPotion"},{"floor":30.0,"key":"PowerPotion"},{"floor":33.0,"key":"Strength Potion"},{"floor":39,"key":"PowerPotion"},{"floor":41,"key":"LiquidBronze"},{"floor":44,"key":"SkillPotion"}],"is_trial":false,"path_per_floor":["M","?","M","M","M","$","R","M","T","M","M","M","?","M","R","B",null,"M","$","M","M","?","E","M","M","T","$","?","R","M","E","R","B",null,"M","?","M","$","M","R","M","M","T","M","M","$","?","$","R","B",null],"character_chosen":"NECROMANCER","items_purchased":["Toxic_Smoke_Screen","Exploit","Blood_for_Blood","sneckomod:BlankCard","Bronze Scales","Membership Card","expansioncontent:Collect","Cloudkill","BlessingOfTheForge","champ:Barbells","Cloudkill+1","Bromod:ArcaneGuardian","Negative_Energy_Mist+1","Torii","Siphon_Strength+1","Mayhem","HollowMod:JonisBlessing","Juzu Bracelet","TungstenRod","HandDrill","Mayhem","Grasp_Heart","Bone_Prison+1"],"campfire_rested":6,"item_purchase_floors":[6,6,6,19,19,19,19,19,19,27,27,27,27,38,38,46,46,46,48,48,48,48,48],"current_hp_per_floor":[80,86,82,78,78,78,88,74,80,80,79,69,50,49,92,96,100,99,99,91,88,88,82,100,100,106,106,106,106,106,106,106,108,112,112,112,112,112,112,112,94,94,100,106,127,127,117,117,128,134],"gold":2,"neow_bonus":"","is_daily":true,"chose_seed":false,"campfire_upgraded":0,"win_rate":0.0,"timestamp":1608338990,"path_taken":["M","?","M","M","?","$","R","M","T","M","M","M","?","M","R","BOSS","M","$","M","M","?","E","M","?","T","$","?","R","M","E","R","BOSS","M","?","M","$","M","R","M","?","T","M","M","?","?","$","R","BOSS"],"items_purchased_type":["Card","Card","Card","Relic","Relic","Relic","Card","Card","Potion","Relic","Card","Relic","Card","Relic","Card","Card","Relic","Relic","Relic","Relic","Card","Card","Card"],"build_version":"2020-12-17","purchased_purges":0,"victory":true,"max_hp_per_floor":[82,88,88,88,88,88,88,88,94,94,94,94,94,94,94,100,100,100,100,100,100,100,100,100,100,106,106,106,106,106,106,106,112,112,112,112,112,112,112,112,122,122,128,128,128,128,128,128,128,134],"card_choices":[{"not_picked":["Negative_Energy_Sphere","Summon_Lich"],"picked":"Summon_Undead","floor":15.0},{"not_picked":["Requiem","Reap_The_Weak"],"picked":"Summon_Vampire_Lady","floor":16.0},{"not_picked":["Shackles_Of_Pain","Blood_Shield"],"picked":"Death_Coil","floor":23.0},{"not_picked":["Death_Knell","Shackles_Of_Pain+1"],"picked":"Strike_from_Beyond","floor":29.0},{"not_picked":["Death_Coil","Bone_Shift+1"],"picked":"Stop_Heart+1","floor":31.0},{"not_picked":["Vampiric_Strike","Consume_Illness+1"],"picked":"Life_Drain+1","floor":32.0},{"not_picked":["Hellfire","Blood_Magic"],"picked":"Cloudkill+1","floor":33.0},{"not_picked":["Spectral_Armor+1","Death_Coil"],"picked":"Negative_Energy_Javelin+1","floor":40},{"not_picked":["expansioncontent:SlimeTackle","expansioncontent:ManipulateTime+1","Flash of Steel"],"picked":"expansioncontent:SuperHexaguard+1","floor":47},{"not_picked":["expansioncontent:FaceSlap","expansioncontent:Hexaburn","expansioncontent:SuperHexaguard+1"],"picked":"expansioncontent:ChargeUp+1","floor":47},{"not_picked":["Panacea+1","Transmutation+1","expansioncontent:Corrupt+1"],"picked":"Sadistic Nature","floor":47},{"not_picked":["Bone_Armory+1","Vampiric_Strike+1","Epidemic+1"],"picked":"Summon_Undead_Army+1","floor":49}],"player_experience":194252,"relics_obtained":[{"floor":1.0,"key":"Strawberry"},{"floor":3.0,"key":"Unceasing Top"},{"floor":4.0,"key":"SnafuTest:BearRelic"},{"floor":5.0,"key":"HollowMod:LifeEnderRelic"},{"floor":8.0,"key":"Turnip"},{"floor":9.0,"key":"PreservedInsect"},{"floor":10.0,"key":"StrikeDummy"},{"floor":11.0,"key":"Dream Catcher"},{"floor":12.0,"key":"hexamod:BolsterEngine"},{"floor":14.0,"key":"Regal Pillow"},{"floor":18.0,"key":"Vajra"},{"floor":20.0,"key":"Smiling Mask"},{"floor":21.0,"key":"Matryoshka"},{"floor":23.0,"key":"Eternal Feather"},{"floor":24.0,"key":"Bromod:ArcaneConsequence"},{"floor":25.0,"key":"Pen Nib"},{"floor":26.0,"key":"Toxic Egg 2"},{"floor":26.0,"key":"theSenshi:SuperSailorFukuRelic"},{"floor":30.0,"key":"Calipers"},{"floor":31.0,"key":"theSenshi:SailorFukuRelic"},{"floor":35,"key":"Oddly Smooth Stone"},{"floor":37,"key":"Orichalcum"},{"floor":39,"key":"Gambling Chip"},{"floor":41,"key":"Pear"},{"floor":42,"key":"Bag of Marbles"},{"floor":43,"key":"Question Card"},{"floor":43,"key":"Lantern"},{"floor":44,"key":"War Paint"},{"floor":45,"key":"HornCleat"}],"event_choices":[{"damage_healed":0.0,"max_hp_gain":0.0,"max_hp_loss":0.0,"gold_gain":0.0,"event_name":"Wheel of Change","player_choice":"Cursed","floor":2.0,"gold_loss":0.0,"damage_taken":0.0,"cards_obtained":["Decay"]},{"damage_healed":0.0,"max_hp_gain":0.0,"max_hp_loss":0.0,"gold_gain":0.0,"event_name":"Shining Light","player_choice":"Entered Light","floor":13.0,"gold_loss":0.0,"damage_taken":19.0,"cards_upgraded":["Negative_Energy_Arrows","Strike_W"]},{"cards_removed":["sneckomod:Bewildered"],"damage_healed":0.0,"max_hp_gain":0.0,"max_hp_loss":0.0,"gold_gain":0.0,"event_name":"Purifier","player_choice":"Purged","floor":22.0,"gold_loss":0.0,"damage_taken":0.0},{"cards_removed":["theDuelist:VampireCurse"],"damage_healed":0.0,"max_hp_gain":0.0,"max_hp_loss":0.0,"gold_gain":0.0,"event_name":"Back to Basics","player_choice":"Elegance","floor":28.0,"gold_loss":0.0,"damage_taken":0.0},{"damage_healed":0,"gold_gain":0,"player_choice":"Upgraded Two","damage_taken":0,"max_hp_gain":0,"max_hp_loss":0,"event_name":"Designer","floor":36,"gold_loss":40,"cards_upgraded":["Strike_W","Strike_from_Beyond"]},{"damage_healed":0,"gold_gain":0,"player_choice":"Memory 3","damage_taken":10,"max_hp_gain":0,"max_hp_loss":0,"event_name":"SensoryStone","floor":47,"gold_loss":0}],"is_beta":true,"boss_relics":[{"not_picked":["Runic Pyramid","Tiny House"],"picked":"Bromod:ArcaneGrace"},{"not_picked":["sneckomod:SneckoTalon","Sozu"],"picked":"expansioncontent:StudyCardRelic"}],"items_purged_floors":[],"is_endless":false,"potions_floor_spawned":[1,4,8,10,12,18,20,30,33,39,41,44,45],"ascension_level":0}}