{"host":"m1ntkrf87179kmo6","time":1608400297,"event":{"mods":["BaseMod","Better Third Choice","Minty Spire (QoL Compilation)","Shade Mod","StSLib"],"gold_per_floor":[117,117,129,141,161,161,176,176,200,218,170,170,187,206,206,310,310,328,428,447,462,479,479,491,179,179,199,211,244,244,244,244],"floor_reached":31,"playtime":1972,"items_purged":[],"score":280,"play_id":"ee4ba57e-5432-41df-9631-769f6c05e475","local_time":"20201219125137","is_ascension_mode":false,"campfire_choices":[{"floor":6,"key":"RECALL"},{"data":"Shade:AncientSpear","floor":8,"key":"SMITH"},{"data":"Shade:TouchOfTheGrave","floor":15,"key":"SMITH"},{"data":"Shade:Tombstone","floor":23,"key":"SMITH"}],"circlet_count":0,"master_deck":["Shade:Strike_Shade","Shade:Strike_Shade","Shade:Strike_Shade","Shade:Defend_Shade","Shade:Defend_Shade","Shade:Defend_Shade","Shade:Defend_Shade","Shade:AnimateDead+1","Shade:CarefulCut","Shade:FuneraryArmor","Shade:Brains","Shade:Bite_Shade","Shade:AncientSpear+1","Shade:Tombstone+1","Shade:TouchOfTheGrave+1","Shade:AncientSpear","CurseOfTheBell","Shade:FleshLikeOak","Shade:ClawBack"],"relics":["Shade:YorickSkull","PreservedInsect","betterThird:SlimedRelic","Boot","Calling Bell","Strawberry","Mercury Hourglass","Ice Cream","Bird Faced Urn","Pear","Oddly Smooth Stone","Toy Ornithopter"],"acts_visited":["Exordium","TheCity"],"potions_floor_usage":[3,14,22,24,31],"damage_taken":[{"damage":0,"enemies":"Small Slimes","floor":1,"turns":3},{"damage":0,"enemies":"Cultist","floor":3,"turns":3},{"damage":0,"enemies":"Jaw Worm","floor":4,"turns":4},{"damage":0,"enemies":"3 Louse","floor":5,"turns":3},{"damage":0,"enemies":"Exordium Wildlife","floor":7,"turns":5},{"damage":4,"enemies":"Gremlin Gang","floor":10,"turns":6},{"damage":0,"enemies":"3 Louse","floor":13,"turns":4},{"damage":0,"enemies":"Large Slime","floor":14,"turns":4},{"damage":24,"enemies":"The Guardian","floor":16,"turns":6},{"damage":0,"enemies":"Spheric Guardian","floor":18,"turns":3},{"damage":0,"enemies":"Chosen","floor":20,"turns":3},{"damage":0,"enemies":"Snecko","floor":21,"turns":3},{"damage":5,"enemies":"Centurion and Healer","floor":22,"turns":4},{"damage":1,"enemies":"Chosen and Byrds","floor":24,"turns":4},{"damage":9,"enemies":"Sentry and Sphere","floor":27,"turns":4},{"damage":13,"enemies":"Snake Plant","floor":28,"turns":3},{"damage":60,"enemies":"Gremlin Leader","floor":29,"turns":5},{"damage":12,"enemies":"Centurion and Healer","floor":31,"turns":2}],"seed_played":"-3765170964807571721","potions_obtained":[{"floor":1,"key":"PowerPotion"},{"floor":5,"key":"ColorlessPotion"},{"floor":13,"key":"LiquidMemories"},{"floor":18,"key":"CultistPotion"},{"floor":21,"key":"AttackPotion"}],"is_trial":false,"path_per_floor":["M","?","M","M","M","R","M","R","T","M","?","?","M","M","R","B",null,"M","?","M","M","M","R","M","$","T","M","M","E","T","M"],"character_chosen":"SHADE","items_purchased":["Bird Faced Urn"],"campfire_rested":0,"item_purchase_floors":[25],"current_hp_per_floor":[65,65,65,65,65,65,65,65,65,65,54,54,58,60,60,36,72,72,72,72,72,67,67,68,68,78,71,60,4,4,0,0],"gold":244,"neow_bonus":"UPGRADE_CARD","is_daily":false,"chose_seed":false,"campfire_upgraded":3,"win_rate":0.0,"timestamp":1608400297,"path_taken":["M","?","?","M","M","R","M","R","T","M","?","?","M","M","R","BOSS","M","?","?","M","M","R","M","$","T","M","?","E","?","M"],"items_purchased_type":["Relic"],"build_version":"2020-12-13","purchased_purges":0,"victory":false,"max_hp_per_floor":[65,65,65,65,65,65,65,65,65,65,65,65,65,65,65,65,72,72,72,72,72,72,72,72,72,82,82,82,82,82,82,82],"card_choices":[{"not_picked":["Shade:CoffinDance","Shade:WallOfFlesh"],"picked":"Shade:FuneraryArmor","floor":1},{"not_picked":["Shade:FreshBones","Shade:LyeBath","Shade:AuraOfUnlife"],"picked":"SKIP","floor":3},{"not_picked":["Shade:SpontaneousRitual","Shade:CommandSoldier"],"picked":"Shade:Brains","floor":4},{"not_picked":["Shade:AncientSpear","Shade:CoffinDance"],"picked":"Shade:Bite_Shade","floor":5},{"not_picked":["Shade:FreshBones","Shade:Bonestorm"],"picked":"Shade:AncientSpear","floor":7},{"not_picked":["Shade:CoffinDance","Shade:SoulToxin"],"picked":"Shade:Tombstone","floor":10},{"not_picked":["Shade:CommandSoldier","Shade:ClawBack"],"picked":"Shade:TouchOfTheGrave","floor":13},{"not_picked":["Shade:Brains","Shade:Trample"],"picked":"Shade:AncientSpear","floor":14},{"not_picked":["Shade:Doomsay","Shade:Brains","Shade:SkeletonHug"],"picked":"SKIP","floor":18},{"not_picked":["Shade:OpenGraves","Shade:Trample"],"picked":"Shade:FleshLikeOak","floor":20},{"not_picked":["Shade:LyeBath","Shade:PoundOfFlesh","Shade:SelfBurial"],"picked":"SKIP","floor":21},{"not_picked":["Shade:SanguineRitual","Shade:FeralStrike","Shade:WallOfFlesh+1"],"picked":"SKIP","floor":22},{"not_picked":["Shade:FeralStrike","Shade:Brains+1","Shade:Premonition+1"],"picked":"SKIP","floor":24},{"not_picked":["Shade:LyeBath","Shade:SpontaneousRitual","Shade:Brains"],"picked":"SKIP","floor":27},{"not_picked":["Shade:CoffinDance","Shade:FuneraryJewels"],"picked":"Shade:ClawBack","floor":28},{"not_picked":["Shade:FreshBones+1","Shade:SanguineRitual","Shade:Trample"],"picked":"SKIP","floor":29}],"player_experience":1062131,"relics_obtained":[{"floor":9,"key":"PreservedInsect"},{"floor":17,"key":"Strawberry"},{"floor":17,"key":"Mercury Hourglass"},{"floor":17,"key":"Ice Cream"},{"floor":26,"key":"Pear"},{"floor":29,"key":"Oddly Smooth Stone"},{"floor":30,"key":"Toy Ornithopter"}],"event_choices":[{"cards_removed":["Shade:Strike_Shade"],"damage_healed":0,"gold_gain":0,"player_choice":"Offered Basic","damage_taken":0,"max_hp_gain":0,"max_hp_loss":0,"event_name":"Bonfire Elementals","floor":2,"gold_loss":0},{"damage_healed":0,"gold_gain":0,"player_choice":"Slimed","damage_taken":11,"max_hp_gain":0,"max_hp_loss":0,"event_name":"betterThird:BetterGoop","floor":11,"gold_loss":48},{"damage_healed":0,"gold_gain":0,"player_choice":"Searched \u00272\u0027 times","damage_taken":0,"relics_obtained":["Boot"],"max_hp_gain":0,"max_hp_loss":0,"event_name":"Dead Adventurer","floor":12,"gold_loss":0},{"damage_healed":0,"gold_gain":100,"player_choice":"Pray","damage_taken":0,"max_hp_gain":0,"max_hp_loss":0,"event_name":"Golden Shrine","floor":19,"gold_loss":0}],"is_beta":false,"boss_relics":[{"not_picked":["Philosopher\u0027s Stone","Shade:YorickPolishedSkull"],"picked":"Calling Bell"}],"items_purged_floors":[],"is_endless":false,"potions_floor_spawned":[1,5,13,18,21],"killed_by":"Centurion and Healer","ascension_level":0}}