{"host":"tsmyusoyd9msvbjb","time":1608375026,"event":{"mods":["2.2 Compatiblity","Astrologer","BaseMod","BetterRewards","DeckTracker","Downfall","Friendly Minions","Koishi","Lobotomy","LobotomyExtend","Minty Spire (QoL Compilation)","Replay The Spire","Shade Mod","StSLib","The Administrix","The Alterego","The Animator","The Bug Knight","The Cursed","The Fake Hero","The Mystic","The Poker Player","The Servant 0.9.4","The Wild Card","Trackpad","Yohane!"],"gold_per_floor":[110,125,136,147,147,176,176,176,176,176,205,219,219,250,250,379,379,392,413,428,428,444,444,169,169,195,204,256,297,319,370,379,537,537,582,94,132,168,207,246,246,284,364,404,446,486,525,525,525,525,525,525,525,74,126,126],"floor_reached":57,"playtime":6335,"items_purged":["SpecialBullet","SpecialBullet","SpecialBullet"],"score":1702,"play_id":"6c647877-6935-4f00-8459-23d998d939d4","local_time":"20201219045026","is_ascension_mode":false,"campfire_choices":[{"floor":49,"key":"RECALL"}],"circlet_count":0,"master_deck":["SpecialBullet","SpecialBullet","SpecialBullet","InformationCode","ExtractionCode","SecurityCode","Moonlight","Scorched","ShyLook","FourthMatchFlame+1","Variant","BearPaw","SingingMachine","Murderer","DisciplinaryCode","Penitence","ScreamingWedge","FourthMatchFlame+1","BlackSwan","TheSmile","UniverseFragment","CENSORED_ego","OldLady","Twilight","Lamp+4","Wellcheers","Pleasure+1","DespairKnight","QueenOfHatred","Soda","Spore","CrumblingArmor","RecordCode","ShedSkin+1","RedShoes","Ecstasy","FieryBird","Mercenary","Adoration+1","LaLuna","ScreamingWedge+1","TrainingCode","DaCapo+1","MHz","GoldRush+1","BlackSwan_ego+1","DreamingCurrent","SoundOfStar+1","Spore+1","SomewhereSpear+1","Replay:Bootleg Shield Generator+1","CENSORED","SomewhereSpear+1","LittleHelper","Lantern+1","GoldRush+1","LongBird","Bloodbath","Soda+1","SilentOrchestra","Regret_ego+1","ControlCode","Rudolta","GrinderMk4+1","TT2Protocol","SomewhereSpear+1","Variant","ReplayTheSpireMod:Necrogeddon+1","DaCapo+1"],"relics":["CogitoBucket","Ancient Tea Set","LetterFromLob","ReplayTheSpireMod:Shallot","Golden Idol","trackpad:WondrousWand","Odd Mushroom","LuminousBracelet","Meat on the Bone","Fusion Hammer","SkinProphecy","Art of War","HonorFeather","CeramicFish","trackpad:WritersBlock","AspirationHeart","AtMidnight","Black Star","Replay:Wax Seal","OrangePellets","Whetstone","Replay:Arrowhead","Replay:Rubber Ducky","Omamori","DollysMirror","Replay:Kaleidoscope","Replay:Ringing Soul"],"acts_visited":["Exordium","TheCity","TheBeyond","TheEnding"],"potions_floor_usage":[],"damage_taken":[{"damage":14.0,"enemies":"2 Louse","floor":1.0,"turns":3.0},{"damage":11.0,"enemies":"Jaw Worm","floor":2.0,"turns":2.0},{"damage":0.0,"enemies":"Small Slimes","floor":3.0,"turns":2.0},{"damage":0.0,"enemies":"Exordium Wildlife","floor":4.0,"turns":2.0},{"damage":8.0,"enemies":"Exordium Thugs","floor":5.0,"turns":3.0},{"damage":21.0,"enemies":"3 Sentries","floor":6.0,"turns":3.0},{"damage":0.0,"enemies":"The Mushroom Lair","floor":11.0,"turns":1.0},{"damage":0.0,"enemies":"Gremlin Gang","floor":12.0,"turns":2.0},{"damage":0.0,"enemies":"Gremlin Nob","floor":14.0,"turns":3.0},{"damage":28.0,"enemies":"Fading Forest","floor":16.0,"turns":11.0},{"damage":21,"enemies":"2 Thieves","floor":18,"turns":4},{"damage":4,"enemies":"Snecko","floor":19,"turns":3},{"damage":103,"enemies":"Snake Plant","floor":20,"turns":6},{"damage":26,"enemies":"Centurion and Healer","floor":22,"turns":5},{"damage":56,"enemies":"Slavers","floor":25,"turns":5},{"damage":29,"enemies":"Slavers","floor":28,"turns":9},{"damage":4,"enemies":"Chosen and Byrds","floor":29,"turns":9},{"damage":9,"enemies":"Sentry and Sphere","floor":30,"turns":4},{"damage":4,"enemies":"Snake Plant","floor":31,"turns":7},{"damage":16,"enemies":"Pondfish","floor":33,"turns":10},{"damage":8,"enemies":"3 Darklings","floor":35,"turns":4},{"damage":7,"enemies":"Orb Walker","floor":37,"turns":3},{"damage":9,"enemies":"Sphere and 2 Shapes","floor":38,"turns":1},{"damage":0,"enemies":"Jaw Worm Horde","floor":39,"turns":2},{"damage":3,"enemies":"4 Shapes","floor":40,"turns":1},{"damage":15,"enemies":"Jaw Worm Horde","floor":42,"turns":3},{"damage":4,"enemies":"Giant Head","floor":44,"turns":4},{"damage":5,"enemies":"Transient","floor":45,"turns":5},{"damage":23,"enemies":"Reptomancer","floor":46,"turns":3},{"damage":0,"enemies":"3 Darklings","floor":47,"turns":2},{"damage":394,"enemies":"Time Eater","floor":50,"turns":14},{"damage":2,"enemies":"Shield and Spear","floor":55,"turns":3},{"damage":63,"enemies":"The Heart","floor":56,"turns":3}],"seed_played":"3906156862543777218","potions_obtained":[{"floor":3.0,"key":"PowerPotion"},{"floor":30,"key":"DistilledChaos"}],"is_trial":false,"path_per_floor":["M","M","M","M","M","E","R","?","T","R","?","M","?","E","R","B",null,"M","M","M","?","M","R","$","E","T","R","E","M","M","M","R","B",null,"M","$","M","M","M","M","R","M","T","E","M","E","M","?","R","B",null,null,"R","$","E","B",null],"character_chosen":"Angela","items_purchased":["Adrenaline Potion","Art of War","Replay:Wax Seal","OrangePellets","Spore+1","SomewhereSpear+1","Replay:Bootleg Shield Generator+1","DollysMirror","ReplayTheSpireMod:Necrogeddon+1"],"campfire_rested":0,"item_purchase_floors":[24,24,36,36,36,36,36,54,54],"current_hp_per_floor":[64,61,69,70,70,57,57,40,40,40,48,71,71,79,79,89,89,84,92,59,64,71,71,71,109,109,109,115,111,117,135,135,141,141,147,147,153,155,165,171,171,177,177,179,185,181,189,189,189,193,193,193,193,197,202,197],"gold":126,"neow_bonus":"RANDOM_COMMON_RELIC","is_daily":false,"chose_seed":false,"campfire_upgraded":0,"win_rate":0.0,"timestamp":1608375026,"path_taken":["M","M","M","M","M","E","R","?","T","R","?","M","?","E","R","BOSS","M","M","M","?","M","R","$","E","T","R","E","M","M","M","R","BOSS","M","$","M","M","M","M","R","?","T","E","M","E","M","?","R","BOSS","R","$","E","BOSS"],"items_purchased_type":["Potion","Relic","Relic","Relic","Card","Card","Card","Relic","Card"],"build_version":"2020-12-13","purchased_purges":3,"victory":true,"max_hp_per_floor":[70,70,70,70,70,70,70,70,70,70,70,85,85,85,85,89,89,93,97,101,101,107,107,107,109,109,109,115,111,117,135,135,141,141,147,147,153,159,165,171,171,177,177,179,185,187,189,189,189,193,193,193,193,197,202,204],"card_choices":[{"not_picked":["Christmas"],"picked":"Moonlight","floor":1.0},{"not_picked":["MeatLantern","CrumblingArmor"],"picked":"Scorched","floor":1.0},{"not_picked":["TodaysExpression","CUTE"],"picked":"SKIP","floor":1.0},{"not_picked":["WhitesApple","Wellcheers"],"picked":"ShyLook","floor":2.0},{"not_picked":["Pleasure"],"picked":"FourthMatchFlame","floor":2.0},{"not_picked":["WallGazer","UniverseFragment"],"picked":"Variant","floor":3.0},{"not_picked":["Reverberation"],"picked":"BearPaw","floor":3.0},{"not_picked":["FairyFestival","CrumblingArmor"],"picked":"SingingMachine","floor":4.0},{"not_picked":["CUTE","Horn"],"picked":"SKIP","floor":4.0},{"not_picked":["LifeForTheDareDevil","SomewhereSpear"],"picked":"SKIP","floor":5.0},{"not_picked":["CherryBlossoms","HeroicMonk"],"picked":"Murderer","floor":6.0},{"not_picked":["Tough","BlueScar"],"picked":"SKIP","floor":6.0},{"not_picked":["Reverberation","Gaze"],"picked":"SKIP","floor":6.0},{"not_picked":["SomewhereSpear"],"picked":"Penitence","floor":11.0},{"not_picked":["Loneliness"],"picked":"ScreamingWedge","floor":12.0},{"not_picked":["Heaven"],"picked":"FourthMatchFlame","floor":12.0},{"not_picked":["Funeral","BeautyBeast"],"picked":"BlackSwan","floor":12.0},{"not_picked":["HeroicMonk","Porccubus"],"picked":"UniverseFragment","floor":14.0},{"not_picked":["CrimsonScar","Hypocrisy"],"picked":"Noise","floor":14.0},{"not_picked":["DaCapo","Adoration"],"picked":"CENSORED_ego","floor":16.0},{"not_picked":["VoidDream","SpiderBud"],"picked":"OldLady","floor":16.0},{"not_picked":["TheSmile","ParadiseLost"],"picked":"Twilight","floor":16.0},{"not_picked":["Wingbeat","SomewhereSpear"],"picked":"Lamp","floor":18},{"not_picked":["CherryBlossoms","OSAHOGD"],"picked":"Wellcheers","floor":18},{"not_picked":["RedEyes","Laetitia_ego"],"picked":"Pleasure+1","floor":18},{"not_picked":["Alriune","Funeral"],"picked":"DespairKnight","floor":19},{"not_picked":["RedEyes","Pleasure","FeatherOfHonor"],"picked":"SKIP","floor":19},{"not_picked":["RapturousDream","CrimsonScar","FourthMatchFlame+1"],"picked":"SKIP","floor":19},{"not_picked":["FairyFestival","Porccubus"],"picked":"QueenOfHatred","floor":20},{"not_picked":["Horn+1","Loneliness+1"],"picked":"Soda","floor":20},{"not_picked":["LifeForTheDareDevil","BearPaw+1","CrimsonScar"],"picked":"SKIP","floor":20},{"not_picked":["RapturousDream","Beak"],"picked":"Spore","floor":22},{"not_picked":["Funeral","GalaxyChild"],"picked":"CrumblingArmor","floor":22},{"not_picked":["Hornet","ScreamingWedge","CUTE"],"picked":"SKIP","floor":22},{"not_picked":["Discord","MagicBullet"],"picked":"ShedSkin+1","floor":28},{"not_picked":["SpiderBud","Rudolta"],"picked":"RedShoes","floor":28},{"not_picked":["TodaysExpression+1","Pleasure","CUTE"],"picked":"SKIP","floor":28},{"not_picked":["GrinderMk4","FeatherOfHonor"],"picked":"Ecstasy","floor":29},{"not_picked":["LittleHelper","BigBird"],"picked":"FieryBird","floor":29},{"not_picked":["RapturousDream+1","Horn","Loneliness"],"picked":"SKIP","floor":29},{"not_picked":["GreedKing","BeautyBeast"],"picked":"Mercenary","floor":30},{"not_picked":["TodaysExpression+1","Amita","Lamp"],"picked":"SKIP","floor":30},{"not_picked":["Logging+1","Penitence+1"],"picked":"Adoration+1","floor":31},{"not_picked":["GreedKing","BodiesMountain"],"picked":"LaLuna","floor":31},{"not_picked":["Horn+1","Discord+1"],"picked":"ScreamingWedge+1","floor":31},{"not_picked":["Pinks+1","CENSORED_ego+1"],"picked":"DaCapo+1","floor":33},{"not_picked":["BodiesMountain","OSAHOGD"],"picked":"MHz","floor":33},{"not_picked":["Mimicry+1","Twilight+1"],"picked":"GoldRush+1","floor":33},{"not_picked":["Noise+1","RedEyes+1"],"picked":"BlackSwan_ego+1","floor":35},{"not_picked":["OSAHOGD","BeautyBeast","Scarecrow"],"picked":"Singing Bowl","floor":35},{"not_picked":["Woodsman","BigBird"],"picked":"DreamingCurrent","floor":35},{"not_picked":["Penitence+1","Logging+1"],"picked":"SoundOfStar+1","floor":35},{"not_picked":["LittleHelper","Porccubus"],"picked":"CENSORED","floor":37},{"not_picked":["Logging+1","Reverberation+1"],"picked":"SomewhereSpear+1","floor":37},{"not_picked":["OSAHOGD","WhitesApple","SnowQueen"],"picked":"Singing Bowl","floor":38},{"not_picked":["Woodsman","NakedNest"],"picked":"LittleHelper","floor":38},{"not_picked":["Horn+1","TodaysExpression+1"],"picked":"Lantern+1","floor":38},{"not_picked":["CherryBlossom+1","Soda+1"],"picked":"GoldRush+1","floor":39},{"not_picked":["OSAHOGD","Woodsman"],"picked":"LongBird","floor":39},{"not_picked":["Harvest+1","Lantern+1","Noise+1"],"picked":"SKIP","floor":39},{"not_picked":["CherryBlossom+1","Beak+1","MagicBullet+1"],"picked":"SKIP","floor":39},{"not_picked":["WhitesApple","MeatLantern","Scarecrow"],"picked":"Singing Bowl","floor":40},{"not_picked":["NakedNest","Funeral"],"picked":"Bloodbath","floor":40},{"not_picked":["MagicBullet+1","Wingbeat+1"],"picked":"Soda+1","floor":40},{"not_picked":["WhitesApple","Alriune","LittlePrince"],"picked":"Singing Bowl","floor":42},{"not_picked":["SnowQueen","GalaxyChild"],"picked":"SilentOrchestra","floor":42},{"not_picked":["DaCapo+1","Lantern+1"],"picked":"Regret_ego+1","floor":42},{"not_picked":["Alriune","Freischutz","HappyTeddy"],"picked":"Singing Bowl","floor":44},{"not_picked":["Hornet+1","Gaze+1"],"picked":"Soda+1","floor":44},{"not_picked":["BodiesMountain","Laetitia"],"picked":"Rudolta","floor":45},{"not_picked":["Wingbeat+1","Regret_ego+1","SwordSharpenedByTears+1"],"picked":"SKIP","floor":45},{"not_picked":["FairyFestival","SpiderBud","MeatLantern"],"picked":"Singing Bowl","floor":46},{"not_picked":["Penitence+1","Discord+1"],"picked":"GrinderMk4+1","floor":46},{"not_picked":["WhiteNight","LittlePrince","CherryBlossoms"],"picked":"Singing Bowl","floor":47},{"not_picked":["Galaxy+1","CherryBlossom+1"],"picked":"SomewhereSpear+1","floor":47},{"not_picked":["GalaxyChild","Scarecrow","BlueStar"],"picked":"Singing Bowl","floor":55},{"not_picked":["BearPaw+1","Discord+1"],"picked":"DaCapo+1","floor":55}],"player_experience":413707,"relics_obtained":[{"floor":1.0,"key":"LetterFromLob"},{"floor":6.0,"key":"ReplayTheSpireMod:Shallot"},{"floor":9.0,"key":"trackpad:WondrousWand"},{"floor":11.0,"key":"Odd Mushroom"},{"floor":14.0,"key":"Meat on the Bone"},{"floor":26,"key":"CeramicFish"},{"floor":28,"key":"trackpad:WritersBlock"},{"floor":31,"key":"AtMidnight"},{"floor":44,"key":"Whetstone"},{"floor":44,"key":"Replay:Arrowhead"},{"floor":46,"key":"Replay:Rubber Ducky"},{"floor":46,"key":"Omamori"},{"floor":55,"key":"Replay:Kaleidoscope"},{"floor":55,"key":"Replay:Ringing Soul"}],"event_choices":[{"damage_healed":0.0,"max_hp_gain":0.0,"max_hp_loss":0.0,"gold_gain":0.0,"event_name":"Golden Idol","player_choice":"Take Damage","floor":8.0,"gold_loss":0.0,"damage_taken":17.0,"relics_obtained":["Golden Idol"]},{"damage_healed":0.0,"max_hp_gain":0.0,"max_hp_loss":0.0,"gold_gain":0.0,"event_name":"Mushrooms","player_choice":"Fought Mushrooms","floor":11.0,"gold_loss":0.0,"damage_taken":0.0},{"damage_healed":0.0,"max_hp_gain":0.0,"max_hp_loss":0.0,"gold_gain":0.0,"cards_transformed":["SpecialBullet"],"event_name":"Living Wall","player_choice":"Change","floor":13.0,"gold_loss":0.0,"damage_taken":0.0,"cards_obtained":["TheSmile"]},{"cards_removed":["Noise"],"damage_healed":5,"gold_gain":0,"player_choice":"Offered Common","damage_taken":0,"max_hp_gain":0,"max_hp_loss":0,"event_name":"Bonfire Elementals","floor":21,"gold_loss":0},{"cards_removed":["Noise"],"damage_healed":5,"gold_gain":0,"player_choice":"Offered Special","damage_taken":0,"max_hp_gain":0,"max_hp_loss":0,"event_name":"Bonfire Elementals","floor":21,"gold_loss":0},{"cards_removed":["Soda"],"damage_healed":0,"gold_gain":0,"player_choice":"Removed Power","damage_taken":0,"max_hp_gain":0,"max_hp_loss":0,"event_name":"Falling","floor":48,"gold_loss":0}],"is_beta":false,"boss_relics":[{"not_picked":["ReplayTheSpireMod:DimensionalGlitch","Philosopher\u0027s Stone"],"picked":"Fusion Hammer"},{"not_picked":["Astrolabe","trackpad:Coffee"],"picked":"Black Star"}],"items_purged_floors":[24,36,54],"is_endless":false,"potions_floor_spawned":[3,25,30,37,38,40,42,45],"ascension_level":0}}