{"host":"jwbw4f4imxd0v0b0","time":1608351647,"event":{"mods":["BaseMod","Colored Map","Highlight Path","Minty Spire (QoL Compilation)","Relic Stats","StSLib"],"gold_per_floor":[144,144,189,234,279,369,414,891,916,1006,1051,1051,833,923,923,1223,1223,1268,968,995,995,1040,1130,1175,1175,1175,1200,1245,1245,1290,1380,1380,1680,1680,1725,1770,1815,1465,1510,1510,1110,1110,1110,1155,1200,1422,1422,1032,1032,1032],"floor_reached":51,"playtime":3054,"items_purged":["Decay","JustLucky"],"score":884,"play_id":"64d19ecf-6343-4aa6-acad-41f22af6d5b6","local_time":"20201218222047","daily_mods":["Draft","Colorless Cards","Midas"],"is_ascension_mode":false,"campfire_choices":[{"floor":15.0,"key":"DIG"},{"floor":25.0,"key":"DIG"},{"floor":29.0,"key":"REST"},{"floor":32.0,"key":"DIG"},{"floor":40.0,"key":"DIG"},{"floor":42.0,"key":"DIG"},{"floor":49.0,"key":"DIG"}],"circlet_count":0,"master_deck":["Vengeance","Weave","Crescendo","ThirdEye","WheelKick","JustLucky","ClearTheMind","EmptyFist","FlurryOfBlows","JustLucky","BowlingBash","FlurryOfBlows","Consecrate","Protect","FearNoEvil","Protect+1","CrushJoints","Crescendo","Halt","LikeWater","JustLucky","ClearTheMind","MentalFortress","Meditate","Master of Strategy","CutThroughFate","Weave","Wish","Tantrum","FlurryOfBlows","Adaptation"],"relics":["PureWater","Oddly Smooth Stone","Old Coin","Lantern","Shovel","Sundial","Turnip","SacredBark","Potion Belt","MealTicket","Red Mask","StrikeDummy","Art of War","InkBottle","Dream Catcher","Orichalcum","Omamori","Busted Crown","Membership Card","CeramicFish","Mummified Hand","Boot","Girya","Melange","Meat on the Bone","Regal Pillow","TungstenRod","Juzu Bracelet","Damaru","Chemical X","TeardropLocket"],"acts_visited":["Exordium","TheCity","TheBeyond"],"potions_floor_usage":[50,50,50,50],"damage_taken":[{"damage":0.0,"enemies":"Small Slimes","floor":1.0,"turns":2.0},{"damage":0.0,"enemies":"Cultist","floor":3.0,"turns":2.0},{"damage":0.0,"enemies":"2 Louse","floor":4.0,"turns":2.0},{"damage":0.0,"enemies":"Blue Slaver","floor":5.0,"turns":1.0},{"damage":0.0,"enemies":"Gremlin Nob","floor":6.0,"turns":2.0},{"damage":7.0,"enemies":"Exordium Thugs","floor":7.0,"turns":3.0},{"damage":17.0,"enemies":"Lagavulin Event","floor":8.0,"turns":4.0},{"damage":0.0,"enemies":"3 Sentries","floor":10.0,"turns":3.0},{"damage":3.0,"enemies":"Large Slime","floor":11.0,"turns":2.0},{"damage":0.0,"enemies":"Gremlin Nob","floor":14.0,"turns":3.0},{"damage":29.0,"enemies":"The Guardian","floor":16.0,"turns":8.0},{"damage":20.0,"enemies":"2 Thieves","floor":18.0,"turns":2.0},{"damage":3.0,"enemies":"Masked Bandits","floor":20.0,"turns":2.0},{"damage":0.0,"enemies":"3 Byrds","floor":22.0,"turns":3.0},{"damage":10.0,"enemies":"Gremlin Leader","floor":23.0,"turns":3.0},{"damage":4.0,"enemies":"Snake Plant","floor":24.0,"turns":5.0},{"damage":0.0,"enemies":"Centurion and Healer","floor":28.0,"turns":3.0},{"damage":2.0,"enemies":"3 Cultists","floor":30.0,"turns":4.0},{"damage":0.0,"enemies":"Slavers","floor":31.0,"turns":2.0},{"damage":38.0,"enemies":"Collector","floor":33.0,"turns":9.0},{"damage":9.0,"enemies":"Orb Walker","floor":35.0,"turns":3.0},{"damage":0.0,"enemies":"3 Darklings","floor":36.0,"turns":5.0},{"damage":4.0,"enemies":"4 Shapes","floor":37.0,"turns":4.0},{"damage":57.0,"enemies":"Writhing Mass","floor":39.0,"turns":5.0},{"damage":0.0,"enemies":"Maw","floor":44.0,"turns":3.0},{"damage":0.0,"enemies":"Sphere and 2 Shapes","floor":45.0,"turns":4.0},{"damage":11,"enemies":"Time Eater","floor":50,"turns":4}],"seed_played":"4511563792049188764","potions_obtained":[{"floor":1.0,"key":"SpeedPotion"},{"floor":3.0,"key":"Dexterity Potion"},{"floor":8.0,"key":"Dexterity Potion"},{"floor":10.0,"key":"LiquidMemories"},{"floor":16.0,"key":"DistilledChaos"},{"floor":18.0,"key":"Dexterity Potion"},{"floor":24.0,"key":"AttackPotion"},{"floor":28.0,"key":"Explosive Potion"},{"floor":31.0,"key":"Fire Potion"},{"floor":33.0,"key":"Block Potion"},{"floor":39.0,"key":"Strength Potion"}],"is_trial":false,"path_per_floor":["M","?","M","M","M","E","M","?","T","E","M","?","$","E","R","B",null,"M","$","?","?","M","E","M","R","T","T","M","R","M","E","R","B",null,"M","M","M","$","M","R","$","R","T","M","M","?","?","$","R","B",null],"character_chosen":"WATCHER","items_purchased":["MentalFortress","Meditate","Potion Belt","MealTicket","Membership Card","CeramicFish","Mummified Hand","Girya","Ambrosia","Melange","Meat on the Bone","Juzu Bracelet","Damaru","Chemical X","Tantrum","FlurryOfBlows","Adaptation","PowerPotion","PowerPotion"],"campfire_rested":1,"item_purchase_floors":[13,13,19,19,38,38,38,41,41,41,41,48,48,48,48,48,48,48,48],"current_hp_per_floor":[72,72,72,72,72,72,65,48,48,48,45,45,45,45,45,16,72,52,52,49,49,49,39,35,35,35,35,35,56,54,54,54,16,72,63,63,59,72,15,15,30,30,30,42,42,42,42,57,57,46],"gold":1032,"neow_bonus":"","is_daily":true,"chose_seed":false,"campfire_upgraded":0,"win_rate":0.0,"timestamp":1608351647,"path_taken":["M","?","M","?","M","E","M","?","T","E","M","?","$","E","R","BOSS","M","$","?","?","M","E","M","R","T","?","M","R","M","E","R","BOSS","M","?","M","$","M","R","?","R","T","M","M","?","?","$","R","BOSS"],"items_purchased_type":["Card","Card","Relic","Relic","Relic","Relic","Relic","Relic","Potion","Relic","Relic","Relic","Relic","Relic","Card","Card","Card","Potion","Potion"],"build_version":"2020-12-13","purchased_purges":2,"victory":true,"max_hp_per_floor":[72,72,72,72,72,72,72,72,72,72,72,72,72,72,72,72,72,72,72,72,72,72,72,72,72,72,72,72,72,72,72,72,72,72,72,72,72,72,72,72,72,72,72,72,72,72,68,68,68,68],"relic_stats":{"Regal Pillow":0,"counters":[27,93],"CeramicFish":27,"Melange":[0],"Juzu Bracelet":0,"Orichalcum":[6],"Boot":[12],"Dream Catcher":1,"Shovel":6,"Busted Crown":12,"Sundial":[4],"Mummified Hand":[13],"MealTicket":43,"Turnip":[15],"Art of War":[0],"Chemical X":[1],"obtain_stats":[{"Lantern":9,"Regal Pillow":42,"SacredBark":17,"CeramicFish":38,"Melange":41,"Juzu Bracelet":48,"TeardropLocket":49,"Boot":40,"Old Coin":8,"Dream Catcher":27,"Shovel":10,"Sundial":14,"Mummified Hand":38,"MealTicket":19,"Red Mask":20,"Chemical X":48,"InkBottle":26,"Potion Belt":19,"Girya":41,"Oddly Smooth Stone":6,"Damaru":48,"Omamori":32,"Orichalcum":31,"Busted Crown":34,"Turnip":15,"Art of War":25,"Membership Card":38,"PureWater":0,"StrikeDummy":23,"TungstenRod":43,"Meat on the Bone":41},{"Lantern":7,"Regal Pillow":24,"SacredBark":11,"CeramicFish":23,"Melange":24,"Juzu Bracelet":26,"TeardropLocket":26,"Boot":24,"Old Coin":7,"Dream Catcher":16,"Shovel":8,"Sundial":10,"Mummified Hand":23,"MealTicket":12,"Red Mask":13,"Chemical X":26,"InkBottle":16,"Potion Belt":12,"Girya":24,"Oddly Smooth Stone":5,"Damaru":26,"Omamori":19,"Orichalcum":19,"Busted Crown":20,"Turnip":10,"Art of War":16,"Membership Card":23,"PureWater":0,"StrikeDummy":15,"TungstenRod":24,"Meat on the Bone":24},{"Lantern":16,"Regal Pillow":82,"SacredBark":32,"CeramicFish":77,"Melange":82,"Juzu Bracelet":89,"TeardropLocket":89,"Boot":82,"Old Coin":16,"Dream Catcher":47,"Shovel":19,"Sundial":24,"Mummified Hand":77,"MealTicket":34,"Red Mask":36,"Chemical X":89,"InkBottle":47,"Potion Belt":34,"Girya":82,"Oddly Smooth Stone":9,"Damaru":89,"Omamori":56,"Orichalcum":56,"Busted Crown":65,"Turnip":24,"Art of War":47,"Membership Card":77,"PureWater":0,"StrikeDummy":42,"TungstenRod":82,"Meat on the Bone":82}],"InkBottle":[35],"TungstenRod":2,"Meat on the Bone":12},"card_choices":[{"not_picked":["Conclude","Adaptation"],"picked":"Vengeance","floor":0.0},{"not_picked":["CrushJoints","FlurryOfBlows"],"picked":"Weave","floor":0.0},{"not_picked":["SashWhip","PathToVictory"],"picked":"Crescendo","floor":0.0},{"not_picked":["PathToVictory","Indignation"],"picked":"ThirdEye","floor":0.0},{"not_picked":["EmptyMind","Nirvana"],"picked":"WheelKick","floor":0.0},{"not_picked":["Fasting2","ThirdEye"],"picked":"JustLucky","floor":0.0},{"not_picked":["ReachHeaven","Evaluate"],"picked":"ClearTheMind","floor":0.0},{"not_picked":["PathToVictory","SignatureMove"],"picked":"EmptyFist","floor":0.0},{"not_picked":["Discovery","SashWhip"],"picked":"FlurryOfBlows","floor":0.0},{"not_picked":["Evaluate","EmptyMind"],"picked":"JustLucky","floor":0.0},{"not_picked":["ThirdEye","FollowUp"],"picked":"JustLucky","floor":0.0},{"not_picked":["EmptyFist","MentalFortress"],"picked":"BowlingBash","floor":0.0},{"not_picked":["PathToVictory","EmptyBody"],"picked":"FlurryOfBlows","floor":0.0},{"not_picked":["ThirdEye","FlurryOfBlows"],"picked":"Consecrate","floor":0.0},{"not_picked":["Blind","WindmillStrike"],"picked":"Protect","floor":0.0},{"not_picked":["SashWhip","BowlingBash"],"picked":"FearNoEvil","floor":1.0},{"not_picked":["ThirdEye","BowlingBash"],"picked":"Protect","floor":3.0},{"not_picked":["Study","Finesse"],"picked":"CrushJoints","floor":4.0},{"not_picked":["FearNoEvil","Panacea"],"picked":"Crescendo","floor":5.0},{"not_picked":["EmptyFist","Perseverance"],"picked":"Halt","floor":6.0},{"not_picked":["Indignation","WheelKick"],"picked":"LikeWater","floor":7.0},{"not_picked":["CrushJoints","Conclude"],"picked":"JustLucky","floor":8.0},{"not_picked":["EmptyBody","Evaluate","Discovery"],"picked":"SKIP","floor":10.0},{"not_picked":["Evaluate","Fasting2"],"picked":"ClearTheMind","floor":11.0},{"not_picked":["EmptyBody","Jack Of All Trades"],"picked":"Master of Strategy","floor":14.0},{"not_picked":["PathToVictory","Swivel"],"picked":"CutThroughFate","floor":18.0},{"not_picked":["Forethought","Study","InnerPeace"],"picked":"SKIP","floor":22.0},{"not_picked":["Prostrate+1","CrushJoints+1","EmptyMind"],"picked":"SKIP","floor":23.0},{"not_picked":["EmptyFist","Consecrate"],"picked":"Weave","floor":24.0},{"not_picked":["ThirdEye","Madness","EmptyBody"],"picked":"SKIP","floor":28.0},{"not_picked":["FlyingSleeves","Halt","Consecrate"],"picked":"SKIP","floor":30.0},{"not_picked":["ClearTheMind+1","CrushJoints","Finesse+1"],"picked":"SKIP","floor":31.0},{"not_picked":["Magnetism","Secret Technique"],"picked":"Wish","floor":33.0},{"not_picked":["CutThroughFate"],"picked":"SKIP","floor":35.0},{"not_picked":["InnerPeace+1"],"picked":"SKIP","floor":36.0},{"not_picked":["SashWhip"],"picked":"SKIP","floor":37.0},{"not_picked":["EmptyFist+1"],"picked":"SKIP","floor":39.0},{"not_picked":["Consecrate"],"picked":"SKIP","floor":44.0},{"not_picked":["Blind+1"],"picked":"SKIP","floor":45.0}],"player_experience":933776,"relics_obtained":[{"floor":6.0,"key":"Oddly Smooth Stone"},{"floor":8.0,"key":"Old Coin"},{"floor":9.0,"key":"Lantern"},{"floor":10.0,"key":"Shovel"},{"floor":14.0,"key":"Sundial"},{"floor":15.0,"key":"Turnip"},{"floor":20.0,"key":"Red Mask"},{"floor":23.0,"key":"StrikeDummy"},{"floor":25.0,"key":"Art of War"},{"floor":26.0,"key":"InkBottle"},{"floor":27.0,"key":"Dream Catcher"},{"floor":31.0,"key":"Orichalcum"},{"floor":32.0,"key":"Omamori"},{"floor":40.0,"key":"Boot"},{"floor":42.0,"key":"Regal Pillow"},{"floor":43.0,"key":"TungstenRod"},{"floor":49.0,"key":"TeardropLocket"}],"event_choices":[{"damage_healed":0.0,"max_hp_gain":0.0,"max_hp_loss":0.0,"gold_gain":0.0,"event_name":"Wheel of Change","player_choice":"Cursed","floor":2.0,"gold_loss":0.0,"damage_taken":0.0,"cards_obtained":["Decay"]},{"damage_healed":0.0,"max_hp_gain":0.0,"max_hp_loss":0.0,"gold_gain":0.0,"event_name":"Dead Adventurer","player_choice":"Searched \u00271\u0027 times","floor":8.0,"gold_loss":0.0,"damage_taken":0.0},{"damage_healed":0.0,"max_hp_gain":0.0,"max_hp_loss":0.0,"gold_gain":0.0,"event_name":"Upgrade Shrine","player_choice":"Upgraded","floor":12.0,"gold_loss":0.0,"damage_taken":0.0,"cards_upgraded":["Protect"]},{"damage_healed":0.0,"max_hp_gain":0.0,"max_hp_loss":0.0,"gold_gain":0.0,"event_name":"Masked Bandits","player_choice":"Fought Bandits","floor":20.0,"gold_loss":0.0,"damage_taken":0.0},{"damage_healed":0.0,"max_hp_gain":0.0,"max_hp_loss":0.0,"gold_gain":0.0,"event_name":"Back to Basics","player_choice":"Simplicity","floor":21.0,"gold_loss":0.0,"damage_taken":0.0,"cards_upgraded":[]},{"damage_healed":0.0,"max_hp_gain":0.0,"max_hp_loss":0.0,"gold_gain":222.0,"event_name":"Tomb of Lord Red Mask","player_choice":"Wore Mask","floor":46.0,"gold_loss":0.0,"damage_taken":0.0},{"damage_healed":0.0,"max_hp_gain":0.0,"max_hp_loss":4.0,"gold_gain":0.0,"event_name":"Winding Halls","player_choice":"Max HP","floor":47.0,"gold_loss":0.0,"damage_taken":0.0}],"is_beta":false,"boss_relics":[{"not_picked":["Tiny House","Ectoplasm"],"picked":"SacredBark"},{"not_picked":["Runic Pyramid","Black Star"],"picked":"Busted Crown"}],"items_purged_floors":[13,48],"is_endless":false,"potions_floor_spawned":[1,3,8,10,16,18,24,28,31,33,39,45],"ascension_level":0}}