{"host":"hfvpa4llnnjpeawn","time":1608413418,"event":{"mods":["2.2 Compatiblity","AchievementEnabler","Act Like it!","Aspiration","Bard","BaseMod","Beaked The Cultist","Better Sensory Stone","Better Skull","Better Third Choice","BetterRewards","CapriCore","Conspire","Downfall","Elementarium","Energized Spire","Hermit","Hubris","Jorbs\u0027s Wanderer Trilogy","Koishi","Lobotomy","LobotomyExtend","Minty Spire (QoL Compilation)","Replay The Spire","Shade Mod","Spicy Shops","StSLib","The Bladedancer","The Factory","The Gatherer","The Jungle","Waifu the Spire","Wandering Minibosses"],"gold_per_floor":[125,125,125,125,8,8,34,51,101,113,113,113,113,113],"floor_reached":13,"playtime":391,"items_purged":[],"score":110,"play_id":"a400d846-7db2-4952-8cde-1d22ae691d5c","local_time":"20201219163018","is_ascension_mode":true,"campfire_choices":[{"data":"stsjorbsmod:TollTheDead","floor":6,"key":"SMITH"},{"floor":11,"key":"REST"}],"circlet_count":0,"master_deck":["stsjorbsmod:ForbiddenGrimoire+1","conspire:GhostlyStrike","conspire:GhostlyStrike","conspire:GhostlyStrike","conspire:GhostlyStrike","conspire:GhostlyDefend","conspire:GhostlyDefend","conspire:GhostlyDefend","stsjorbsmod:FreshAdventure","stsjorbsmod:EyeOfTheStorm","stsjorbsmod:HedgeWizard","BlackSwan","stsjorbsmod:Stalwart","stsjorbsmod:Prestidigitation+1","stsjorbsmod:TollTheDead+1","MeatLantern","stsjorbsmod:RayOfFrost","SnowQueen","stsjorbsmod:ScorchingRay","BodiesMountain","stsjorbsmod:FindFamiliar"],"relics":["stsjorbsmod:GrimoireRelic","CogitoBucket","LetterFromLob","Boot","Bronze Scales","hubris:Towel"],"acts_visited":["Exordium"],"potions_floor_usage":[13],"damage_taken":[{"damage":2,"enemies":"2 Louse","floor":1,"turns":3},{"damage":11,"enemies":"Gremlin Nob","floor":7,"turns":4},{"damage":50,"enemies":"Small Slimes","floor":8,"turns":3},{"damage":0,"enemies":"Cultist","floor":10,"turns":2},{"damage":42,"enemies":"Lagavulin","floor":13,"turns":1}],"seed_played":"4583365850042935202","potions_obtained":[{"floor":7,"key":"sneckomod:MuddlingPotion"},{"floor":8,"key":"stsjorbsmod:LiquidVirtue"}],"is_trial":false,"path_per_floor":["M","?","?","?","$","R","E","M","T","M","R","?","E"],"character_chosen":"WANDERER","items_purchased":["stsjorbsmod:Prestidigitation+1","stsjorbsmod:TollTheDead"],"campfire_rested":1,"item_purchase_floors":[5,5],"current_hp_per_floor":[67,67,67,68,68,68,59,9,9,9,29,29,0,0],"gold":113,"neow_bonus":"","is_daily":false,"chose_seed":false,"campfire_upgraded":1,"win_rate":0.0,"timestamp":1608413418,"path_taken":["M","?","?","?","$","R","E","?","T","M","R","?","E"],"items_purchased_type":["Card","Card"],"build_version":"2020-12-13","purchased_purges":0,"victory":false,"max_hp_per_floor":[68,68,68,68,68,68,68,68,68,68,68,68,68,68],"card_choices":[{"not_picked":["stsjorbsmod:Message","stsjorbsmod:Hurt"],"picked":"stsjorbsmod:HedgeWizard","floor":1},{"not_picked":["CrumblingArmor","BeautyBeast","Murderer"],"picked":"Singing Bowl","floor":1},{"not_picked":["WallGazer","OldLady"],"picked":"BlackSwan","floor":1},{"not_picked":["OldLady","Bloodbath","CherryBlossoms"],"picked":"Singing Bowl","floor":7},{"not_picked":["LongBird","SpiderBud"],"picked":"MeatLantern","floor":7},{"not_picked":["stsjorbsmod:WeightOfMemory","stsjorbsmod:Prestidigitation"],"picked":"stsjorbsmod:RayOfFrost","floor":7},{"not_picked":["WallGazer","Bloodbath"],"picked":"SnowQueen","floor":8},{"not_picked":["stsjorbsmod:ParryingBlow","stsjorbsmod:WanderingMind"],"picked":"stsjorbsmod:ScorchingRay","floor":8},{"not_picked":["ShyLook","WhitesApple"],"picked":"BodiesMountain","floor":10},{"not_picked":["stsjorbsmod:Hibernate","stsjorbsmod:Hurt"],"picked":"stsjorbsmod:FindFamiliar","floor":10}],"player_experience":279328,"relics_obtained":[{"floor":1,"key":"LetterFromLob"},{"floor":7,"key":"Boot"},{"floor":9,"key":"Bronze Scales"}],"event_choices":[{"damage_healed":0,"gold_gain":0,"player_choice":"Agree","damage_taken":0,"max_hp_gain":0,"max_hp_loss":0,"event_name":"conspire:LoneGhost","floor":2,"gold_loss":0},{"cards_removed":["conspire:GhostlyDefend"],"damage_healed":5,"gold_gain":0,"player_choice":"Offered Special","damage_taken":0,"max_hp_gain":0,"max_hp_loss":0,"event_name":"Bonfire Elementals","floor":4,"gold_loss":0}],"is_beta":false,"boss_relics":[],"items_purged_floors":[],"is_endless":false,"potions_floor_spawned":[7,8],"killed_by":"Lagavulin","ascension_level":1}}