{"host":"k3q0k2m1mxhfmd6y","time":1608407859,"event":{"mods":["AchievementEnabler","BaseMod","BetterRewards","Colored Map","Colored Powertips","Downfall","Googly Eyes","Hubris","Minty Spire (QoL Compilation)","Permanent Neow","Quick Restart","Replay The Spire","StSLib","SuperFastMode","The IronCluck","slay the spire mod where everything is the same but ironclad has a cowboy hat"],"gold_per_floor":[118,118,137,155,167,194,194,223,223,314,314,165,165,180,180,276,276,290,290,290,290,303,303,316,316,394,36,61,86,118,130,242,254,282,309,244,261,261,261,261],"floor_reached":41,"playtime":897,"items_purged":["ReplayTheSpireMod:Splinters"],"score":442,"play_id":"98a6c3ce-b5ef-49d1-bc5e-2f25819ba4b9","local_time":"20201219195739","is_ascension_mode":true,"campfire_choices":[{"data":"Demon Form","floor":7,"key":"SMITH"},{"floor":11,"key":"REST"},{"data":"Perfected Strike","floor":15,"key":"SMITH"},{"data":"Perfected Strike","floor":23,"key":"SMITH"},{"floor":25,"key":"REST"},{"floor":32,"key":"REST"},{"floor":40,"key":"REST"}],"circlet_count":0,"master_deck":["Strike_R","Strike_R+1","Strike_R","Strike_R+1","Strike_R","Defend_R","Defend_R","Defend_R","Defend_R+1","Demon Form+1","Anger","Perfected Strike+1","Flex","Perfected Strike+1","Clash+1","ReplayTheSpireMod:Limb From Limb","Thunderclap+1","Berserk+1","Armaments","Infernal Blade","Run Through","Limit Break","Spot Weakness"],"relics":["Burning Blood","Garlic","hubris:Teleporter","Gremlin Food","Busted Crown","ReplayTheSpireMod:Ninjato","Replay:Rubber Ducky","HandDrill","MawBank","Mark of Pain"],"acts_visited":["Exordium","TheCity","TheBeyond"],"potions_floor_usage":[6,28,29,33,33],"damage_taken":[{"damage":5,"enemies":"Jaw Worm","floor":1,"turns":5},{"damage":9,"enemies":"Small Slimes","floor":3,"turns":4},{"damage":2,"enemies":"2 Louse","floor":4,"turns":2},{"damage":10,"enemies":"2 Fungi Beasts","floor":5,"turns":3},{"damage":10,"enemies":"Gremlin Nob","floor":6,"turns":4},{"damage":32,"enemies":"3 Sentries","floor":8,"turns":6},{"damage":10,"enemies":"Looter","floor":14,"turns":2},{"damage":39,"enemies":"The Guardian","floor":16,"turns":8},{"damage":20,"enemies":"Shell Parasite","floor":18,"turns":4},{"damage":0,"enemies":"Chosen","floor":22,"turns":3},{"damage":29,"enemies":"Snecko","floor":24,"turns":4},{"damage":23,"enemies":"Book of Stabbing","floor":28,"turns":4},{"damage":1,"enemies":"Snake Plant","floor":29,"turns":2},{"damage":15,"enemies":"Shelled Parasite and Fungi","floor":30,"turns":3},{"damage":44,"enemies":"Champ","floor":33,"turns":7},{"damage":6,"enemies":"3 Shapes","floor":35,"turns":2},{"damage":5,"enemies":"Orb Walker","floor":36,"turns":4},{"damage":35,"enemies":"3 Darklings","floor":39,"turns":4},{"damage":96,"enemies":"Nemesis","floor":41,"turns":6}],"seed_played":"7838522871270077689","potions_obtained":[{"floor":1,"key":"ColorlessPotion"},{"floor":14,"key":"Block Potion"},{"floor":24,"key":"ColorlessPotion"},{"floor":28,"key":"FearPotion"},{"floor":30,"key":"Block Potion"}],"is_trial":false,"path_per_floor":["M","?","M","M","M","E","R","E","T","?","R","$","?","M","R","B",null,"M","?","$","?","M","R","M","R","T","$","E","M","M","R","B",null,"M","M","$","M","R","E"],"character_chosen":"IRONCLAD","items_purchased":["ReplayTheSpireMod:Limb From Limb","Replay:Rubber Ducky","HandDrill","Armaments","Spot Weakness"],"campfire_rested":4,"item_purchase_floors":[12,27,27,27,37],"current_hp_per_floor":[72,72,69,72,68,64,64,38,38,38,59,59,59,55,55,22,72,58,58,58,58,64,64,41,62,62,62,45,50,41,62,24,72,72,72,72,43,64,0,0],"gold":261,"neow_bonus":"THREE_RARE_CARDS","is_daily":false,"chose_seed":false,"campfire_upgraded":3,"win_rate":0.0,"timestamp":1608407859,"path_taken":["M","?","M","M","M","E","R","E","T","?","R","$","?","M","R","BOSS","M","?","$","?","?","R","?","R","T","$","E","M","M","R","BOSS","M","M","$","M","R","E"],"items_purchased_type":["Card","Relic","Relic","Card","Card"],"build_version":"2020-12-13","purchased_purges":1,"victory":false,"max_hp_per_floor":[72,72,72,72,72,72,72,72,72,72,72,72,72,72,72,72,72,72,72,72,72,72,72,72,72,72,72,72,72,72,72,72,72,72,72,72,72,72,72,72],"card_choices":[{"not_picked":["Impervious","Brutality"],"picked":"Demon Form","floor":0},{"not_picked":["ReplayReversal","Flex"],"picked":"Anger","floor":1},{"not_picked":["Body Slam","Feel No Pain"],"picked":"Perfected Strike","floor":3},{"not_picked":["Headbutt","ReplayReversal","Replay:Many Hands"],"picked":"SKIP","floor":4},{"not_picked":["hubris:ReadiedAction","Warcry","ReplayTheSpireMod:Strike From Hell"],"picked":"SKIP","floor":5},{"not_picked":["Havoc","Run Through"],"picked":"Flex","floor":6},{"not_picked":["Life Link","Corruption"],"picked":"Perfected Strike","floor":8},{"not_picked":["Flex","Havoc"],"picked":"Clash","floor":10},{"not_picked":["Flex","Heavy Blade"],"picked":"Thunderclap","floor":14},{"not_picked":["hubris:StunningStrike","Exhume"],"picked":"Berserk","floor":16},{"not_picked":["Wild Strike"],"picked":"SKIP","floor":18},{"not_picked":["True Grit"],"picked":"SKIP","floor":22},{"not_picked":["Defy Death"],"picked":"SKIP","floor":24},{"not_picked":["Pommel Strike"],"picked":"SKIP","floor":28},{"not_picked":[],"picked":"Infernal Blade","floor":29},{"not_picked":[],"picked":"Run Through","floor":30},{"not_picked":[],"picked":"Limit Break","floor":33},{"not_picked":["Massacre+1"],"picked":"SKIP","floor":35},{"not_picked":["Shrug It Off"],"picked":"SKIP","floor":36},{"not_picked":["Havoc"],"picked":"SKIP","floor":39}],"player_experience":107799,"relics_obtained":[{"floor":6,"key":"Garlic"},{"floor":8,"key":"hubris:Teleporter"},{"floor":10,"key":"Gremlin Food"},{"floor":26,"key":"ReplayTheSpireMod:Ninjato"},{"floor":28,"key":"MawBank"}],"event_choices":[{"damage_healed":0,"gold_gain":0,"player_choice":"Leave","damage_taken":0,"max_hp_gain":0,"max_hp_loss":0,"event_name":"The Cleric","floor":2,"gold_loss":0},{"cards_removed":["Bash"],"damage_healed":0,"gold_gain":0,"player_choice":"Purged","damage_taken":0,"max_hp_gain":0,"max_hp_loss":0,"event_name":"Purifier","floor":21,"gold_loss":0}],"is_beta":false,"boss_relics":[{"not_picked":["Tiny House","Ring of Chaos"],"picked":"Busted Crown"},{"not_picked":["Sozu","hubris:CrackedHourglass"],"picked":"Mark of Pain"}],"items_purged_floors":[12],"is_endless":false,"potions_floor_spawned":[1,14,24,28,30],"killed_by":"Nemesis","ascension_level":1}}