{"host":"9d83omykrosjn1d3","time":1608382183,"event":{"mods":["AchievementEnabler","BaseMod","BetterRewards","Card Forge","Hubris","MarisaÅiñ∂âJÅ@ñÇóùçπÅj","Minty Spire (QoL Compilation)","Permanent Neow","Shop Mod","StSLib","SuperFastMode"],"gold_per_floor":[111,111,111,111,123,154,188,514,562,562,562],"floor_reached":10,"playtime":551,"items_purged":[],"score":84,"play_id":"3c50312e-51f0-434b-b91f-12f8006c8b19","local_time":"20201219214943","daily_mods":["Heirloom","Flight","DeadlyEvents","Elite Swarm"],"is_ascension_mode":false,"campfire_choices":[],"circlet_count":0,"master_deck":["Strike_R","Strike_R","Strike_R","Defend_R","Defend_R","Bash","Rampage"],"relics":["Burning Blood","Hammer of Thor","Seething Fire","Anvil of the Gods","hubris:64BitClover","Anchor","Old Coin","Ancient Tea Set"],"acts_visited":["Exordium"],"potions_floor_usage":[],"damage_taken":[{"damage":2,"enemies":"2 Louse","floor":1,"turns":3},{"damage":6,"enemies":"Jaw Worm","floor":5,"turns":3},{"damage":26,"enemies":"Lagavulin","floor":6,"turns":6},{"damage":39,"enemies":"3 Sentries","floor":7,"turns":9},{"damage":26,"enemies":"Lagavulin","floor":8,"turns":8},{"damage":14,"enemies":"Gremlin Nob","floor":10,"turns":2}],"seed_played":"-3408028203711624744","potions_obtained":[{"floor":1,"key":"DuplicationPotion"},{"floor":5,"key":"AttackPotion"},{"floor":8,"key":"Energy Potion"}],"is_trial":true,"path_per_floor":["M","?","T","?","M","E","E","E","T","E"],"character_chosen":"IRONCLAD","items_purchased":[],"campfire_rested":0,"item_purchase_floors":[],"current_hp_per_floor":[80,80,80,80,80,60,27,7,7,0,0],"gold":562,"neow_bonus":"","is_daily":false,"chose_seed":false,"campfire_upgraded":0,"win_rate":0.0,"timestamp":1608382183,"path_taken":["M","?","?","?","?","E","E","E","T","E"],"items_purchased_type":[],"build_version":"2020-12-13","purchased_purges":0,"victory":false,"max_hp_per_floor":[80,80,80,80,80,80,80,80,80,80,80],"card_choices":[{"not_picked":["hubris:CleavingFinish","Flex","Hemokinesis"],"picked":"SKIP","floor":1},{"not_picked":["hubris:ReadiedAction","Havoc","Sever Soul"],"picked":"SKIP","floor":5},{"not_picked":["Limit Break","Brutality","Corruption"],"picked":"SKIP","floor":6},{"not_picked":["Impervious","Berserk","Juggernaut"],"picked":"SKIP","floor":7},{"not_picked":["Limit Break","Immolate","Demon Form"],"picked":"SKIP","floor":8}],"player_experience":575910,"relics_obtained":[{"floor":7,"key":"Anchor"},{"floor":8,"key":"Old Coin"},{"floor":9,"key":"Ancient Tea Set"}],"event_choices":[{"damage_healed":0,"gold_gain":0,"player_choice":"Ignored","damage_taken":0,"max_hp_gain":0,"max_hp_loss":0,"event_name":"Liars Game","floor":2,"gold_loss":0},{"damage_healed":0,"gold_gain":0,"player_choice":"Ignored","damage_taken":0,"max_hp_gain":0,"max_hp_loss":0,"event_name":"NoteForYourself","floor":4,"gold_loss":0}],"is_beta":false,"boss_relics":[],"items_purged_floors":[],"is_endless":false,"potions_floor_spawned":[1,5,8],"killed_by":"Gremlin Nob","ascension_level":0}}