{"host":"e1zuqie93klo2ncl","time":1608396369,"event":{"mods":["AchievementEnabler","BaseMod","Minty Spire (QoL Compilation)","Relic Stats","StSLib"],"gold_per_floor":[112,129,140,140,206,235,235,260,260,293,343,354,370,420,420,515,515,533,549,599,200,250,250,270,303,303,303,362,362,39,73,73,196,196,238,300,12,62,82,165,165,219,219,349,399,327,377,123,123,183,183,183,12,46,46],"floor_reached":56,"playtime":7157,"items_purged":["Strike_P","Writhe","Defend_P"],"score":2156,"play_id":"e16a8903-79c7-447d-9c49-27be6c5f3664","local_time":"20201219164609","is_ascension_mode":true,"campfire_choices":[{"data":"LessonLearned","floor":7.0,"key":"SMITH"},{"data":"Meditate","floor":15.0,"key":"SMITH"},{"data":"CrushJoints","floor":23.0,"key":"SMITH"},{"floor":27,"key":"DIG"},{"floor":29,"key":"DIG"},{"floor":32,"key":"DIG"},{"floor":41,"key":"DIG"},{"floor":49,"key":"RECALL"},{"floor":52,"key":"DIG"}],"circlet_count":0,"master_deck":["AscendersBane","Strike_P+1","Strike_P+1","Defend_P+1","Defend_P+1","Defend_P+1","Eruption+1","Vigilance+1","LessonLearned+1","Halt+1","CutThroughFate+1","CrushJoints+1","Tantrum+1","Crescendo+1","ThirdEye+1","EmptyMind+1","CutThroughFate+1","Meditate+1","Scrawl+1","FlurryOfBlows+1","ClearTheMind+1","Master of Strategy+1","Wish+1","WheelKick+1","DeusExMachina+1","Omniscience+1","CurseOfTheBell","WaveOfTheHand+1","TalkToTheHand","Dramatic Entrance+1","Enlightenment+1","Meditate+1","TalkToTheHand","Wallop","MentalFortress+1"],"relics":["PureWater","SsserpentHead","Toy Ornithopter","Dead Branch","Mercury Hourglass","StrikeDummy","Coffee Dripper","Enchiridion","Vajra","Meat on the Bone","Shovel","White Beast Statue","Orichalcum","Ornamental Fan","TungstenRod","Membership Card","Turnip","Calipers","Eternal Feather","Calling Bell","FossilizedHelix","Oddly Smooth Stone","Singing Bowl","Pen Nib","Bag of Marbles","Potion Belt","InkBottle","MealTicket","Ginger","Medical Kit","Bag of Preparation","Orrery","Yang","CloakClasp","Letter Opener"],"acts_visited":["Exordium","TheCity","TheBeyond","TheEnding"],"potions_floor_usage":[25,28,33,36,39,40,50,55,55,55],"damage_taken":[{"damage":5.0,"enemies":"2 Louse","floor":1.0,"turns":4.0},{"damage":0.0,"enemies":"Cultist","floor":2.0,"turns":2.0},{"damage":0.0,"enemies":"Small Slimes","floor":3.0,"turns":2.0},{"damage":0.0,"enemies":"3 Louse","floor":5.0,"turns":4.0},{"damage":16.0,"enemies":"Lagavulin","floor":6.0,"turns":7.0},{"damage":0.0,"enemies":"Gremlin Nob","floor":8.0,"turns":3.0},{"damage":0.0,"enemies":"3 Sentries","floor":10.0,"turns":3.0},{"damage":0.0,"enemies":"Exordium Thugs","floor":12.0,"turns":2.0},{"damage":0.0,"enemies":"Looter","floor":13.0,"turns":1.0},{"damage":0.0,"enemies":"Slime Boss","floor":16.0,"turns":4.0},{"damage":0.0,"enemies":"Chosen","floor":18.0,"turns":3.0},{"damage":0.0,"enemies":"Spheric Guardian","floor":19.0,"turns":2.0},{"damage":16.0,"enemies":"Snake Plant","floor":24.0,"turns":2.0},{"damage":5,"enemies":"Slavers","floor":25,"turns":3},{"damage":13,"enemies":"Book of Stabbing","floor":28,"turns":3},{"damage":0,"enemies":"Gremlin Leader","floor":31,"turns":4},{"damage":3,"enemies":"Collector","floor":33,"turns":4},{"damage":0,"enemies":"Orb Walker","floor":35,"turns":3},{"damage":8,"enemies":"3 Darklings","floor":36,"turns":6},{"damage":0,"enemies":"4 Shapes","floor":39,"turns":4},{"damage":0,"enemies":"Nemesis","floor":40,"turns":5},{"damage":0,"enemies":"Reptomancer","floor":42,"turns":3},{"damage":0,"enemies":"Mind Bloom Boss Battle","floor":44,"turns":4},{"damage":37,"enemies":"Time Eater","floor":50,"turns":7},{"damage":0,"enemies":"Shield and Spear","floor":54,"turns":3},{"damage":0,"enemies":"The Heart","floor":55,"turns":6}],"seed_played":"3632671374386000315","potions_obtained":[{"floor":5.0,"key":"Explosive Potion"},{"floor":6.0,"key":"AttackPotion"},{"floor":8.0,"key":"SpeedPotion"},{"floor":13.0,"key":"Ancient Potion"},{"floor":25,"key":"PowerPotion"},{"floor":28,"key":"Weak Potion"},{"floor":31,"key":"Energy Potion"},{"floor":33,"key":"SkillPotion"},{"floor":36,"key":"PowerPotion"},{"floor":39,"key":"Regen Potion"},{"floor":40,"key":"Swift Potion"},{"floor":42,"key":"Block Potion"},{"floor":44,"key":"Swift Potion"},{"floor":54,"key":"Weak Potion"}],"is_trial":false,"path_per_floor":["M","M","M","?","M","E","R","E","T","E","?","M","M","?","R","B",null,"M","M","?","$","?","R","M","E","T","R","E","R","$","E","R","B",null,"M","M","$","?","M","E","R","E","T","?","?","$","?","$","R","B",null,"R","$","E","B",null],"character_chosen":"WATCHER","items_purchased":["Vajra","Master of Strategy","Membership Card","Turnip","DeusExMachina","Pen Nib","TalkToTheHand","Bag of Marbles","Dramatic Entrance","Medical Kit","TalkToTheHand","Bag of Preparation","Orrery","CloakClasp","MentalFortress"],"campfire_rested":0,"item_purchase_floors":[21,21,30,30,30,37,37,37,37,46,48,48,48,53,53],"current_hp_per_floor":[60,60,60,60,60,44,44,44,44,49,42,42,42,42,42,42,65,65,65,49,49,49,49,45,45,45,45,37,37,37,37,37,39,64,66,63,63,63,70,75,76,78,78,80,76,76,76,84,84,52,76,84,84,86,86],"gold":46,"neow_bonus":"ONE_RANDOM_RARE_CARD","is_daily":false,"chose_seed":false,"campfire_upgraded":3,"win_rate":0.0,"timestamp":1608396369,"path_taken":["M","M","M","?","?","E","R","E","T","E","?","M","M","?","R","BOSS","M","M","?","$","?","R","M","E","T","R","E","R","?","E","R","BOSS","M","M","$","?","M","E","R","E","T","?","?","$","?","$","R","BOSS","R","$","E","BOSS"],"items_purchased_type":["Relic","Card","Relic","Relic","Card","Relic","Card","Relic","Card","Relic","Card","Relic","Relic","Relic","Card"],"build_version":"2020-12-13","purchased_purges":3,"victory":true,"max_hp_per_floor":[72,72,72,72,72,72,72,72,72,72,72,72,72,72,72,72,72,72,72,72,72,72,72,72,72,72,72,72,72,72,72,72,72,72,74,74,74,74,76,76,76,78,78,80,76,76,76,84,84,84,84,84,84,86,86],"relic_stats":{"Singing Bowl":18,"counters":[26,93],"Dead Branch":[164],"Eternal Feather":9,"Yang":[30],"Pen Nib":[8],"Bag of Preparation":[7],"CloakClasp":[51],"Ginger":[4],"Letter Opener":[25],"Orichalcum":[42],"Medical Kit":[4],"Mercury Hourglass":[274],"SsserpentHead":500,"Shovel":5,"Ornamental Fan":[120],"MealTicket":0,"Turnip":[2],"obtain_stats":[{"Calipers":31,"Singing Bowl":34,"Enchiridion":20,"Vajra":21,"Yang":52,"Bag of Preparation":48,"CloakClasp":53,"Ginger":44,"SsserpentHead":4,"Shovel":25,"MealTicket":42,"InkBottle":41,"Potion Belt":40,"Dead Branch":8,"Oddly Smooth Stone":34,"Eternal Feather":32,"Pen Nib":37,"Letter Opener":54,"Orichalcum":27,"Medical Kit":46,"White Beast Statue":26,"Mercury Hourglass":9,"Calling Bell":34,"Ornamental Fan":28,"Orrery":48,"Turnip":30,"Coffee Dripper":17,"Bag of Marbles":37,"Membership Card":30,"PureWater":0,"StrikeDummy":10,"Toy Ornithopter":6,"TungstenRod":29,"FossilizedHelix":34,"Meat on the Bone":22},{"Calipers":16,"Singing Bowl":17,"Enchiridion":12,"Vajra":12,"Yang":24,"Bag of Preparation":23,"CloakClasp":24,"Ginger":23,"SsserpentHead":3,"Shovel":14,"MealTicket":22,"InkBottle":21,"Potion Belt":21,"Dead Branch":6,"Oddly Smooth Stone":17,"Eternal Feather":16,"Pen Nib":19,"Letter Opener":25,"Orichalcum":14,"Medical Kit":23,"White Beast Statue":14,"Mercury Hourglass":6,"Calling Bell":17,"Ornamental Fan":15,"Orrery":23,"Turnip":15,"Coffee Dripper":10,"Bag of Marbles":19,"Membership Card":15,"PureWater":0,"StrikeDummy":7,"Toy Ornithopter":5,"TungstenRod":15,"FossilizedHelix":17,"Meat on the Bone":12},{"Calipers":49,"Singing Bowl":53,"Enchiridion":37,"Vajra":37,"Yang":84,"Bag of Preparation":77,"CloakClasp":84,"Ginger":77,"SsserpentHead":8,"Shovel":42,"MealTicket":73,"InkBottle":70,"Potion Belt":70,"Dead Branch":22,"Oddly Smooth Stone":53,"Eternal Feather":49,"Pen Nib":62,"Letter Opener":87,"Orichalcum":42,"Medical Kit":77,"White Beast Statue":42,"Mercury Hourglass":22,"Calling Bell":53,"Ornamental Fan":45,"Orrery":77,"Turnip":45,"Coffee Dripper":32,"Bag of Marbles":62,"Membership Card":45,"PureWater":0,"StrikeDummy":25,"Toy Ornithopter":19,"TungstenRod":45,"FossilizedHelix":53,"Meat on the Bone":37}],"Toy Ornithopter":40,"TungstenRod":4,"InkBottle":[13],"Meat on the Bone":12},"card_choices":[{"not_picked":["PathToVictory","Wireheading"],"picked":"Halt","floor":1.0},{"not_picked":["PathToVictory","Halt"],"picked":"CutThroughFate","floor":2.0},{"not_picked":["JustLucky","ThirdEye"],"picked":"CrushJoints","floor":3.0},{"not_picked":["BattleHymn","DeceiveReality"],"picked":"Tantrum","floor":5.0},{"not_picked":["Omniscience","JustLucky"],"picked":"Crescendo","floor":6.0},{"not_picked":["SignatureMove","CrushJoints"],"picked":"ThirdEye","floor":8.0},{"not_picked":["FlurryOfBlows","Fasting2"],"picked":"EmptyMind","floor":10.0},{"not_picked":["WindmillStrike","Halt"],"picked":"CutThroughFate","floor":12.0},{"not_picked":["DeceiveReality","Wallop"],"picked":"Meditate","floor":13.0},{"not_picked":["Alpha","Omniscience"],"picked":"Scrawl","floor":16.0},{"not_picked":["PathToVictory+1","Fasting2"],"picked":"FlurryOfBlows","floor":18.0},{"not_picked":["SandsOfTime","Sanctity+1"],"picked":"ClearTheMind","floor":19.0},{"not_picked":["FollowUp","Halt","ConjureBlade"],"picked":"SKIP","floor":24.0},{"not_picked":["JustLucky","Protect"],"picked":"Wish","floor":25},{"not_picked":["SashWhip","CutThroughFate+1"],"picked":"WheelKick+1","floor":28},{"not_picked":["Devotion","Crescendo","Consecrate"],"picked":"SKIP","floor":31},{"not_picked":["ConjureBlade","DeusExMachina"],"picked":"Omniscience","floor":33},{"not_picked":["Crescendo","Prostrate+1","ThirdEye+1"],"picked":"Singing Bowl","floor":35},{"not_picked":["WheelKick","WreathOfFlame+1"],"picked":"WaveOfTheHand+1","floor":36},{"not_picked":["Mind Blast","Swift Strike"],"picked":"Enlightenment","floor":38},{"not_picked":["DeusExMachina","WaveOfTheHand+1","InnerPeace"],"picked":"Singing Bowl","floor":39},{"not_picked":["CrushJoints","Crescendo+1"],"picked":"Meditate","floor":40},{"not_picked":["Crescendo+1","PathToVictory+1","Devotion"],"picked":"Singing Bowl","floor":42},{"not_picked":["Consecrate+1","PathToVictory+1","Conclude"],"picked":"Singing Bowl","floor":44},{"not_picked":["Swivel+1","EmptyBody+1","Crescendo"],"picked":"Singing Bowl","floor":48},{"not_picked":["EmptyFist+1","BowlingBash","Alpha"],"picked":"Singing Bowl","floor":48},{"not_picked":["Fasting2+1","Halt","EmptyFist+1"],"picked":"Singing Bowl","floor":48},{"not_picked":["Meditate","Conclude+1"],"picked":"Wallop","floor":48},{"not_picked":["CutThroughFate+1","WaveOfTheHand","Indignation"],"picked":"Singing Bowl","floor":48},{"not_picked":["FearNoEvil","Evaluate+1","Vengeance+1"],"picked":"Singing Bowl","floor":54}],"player_experience":807035,"relics_obtained":[{"floor":6.0,"key":"Toy Ornithopter"},{"floor":8.0,"key":"Dead Branch"},{"floor":9.0,"key":"Mercury Hourglass"},{"floor":10.0,"key":"StrikeDummy"},{"floor":20.0,"key":"Enchiridion"},{"floor":25,"key":"Shovel"},{"floor":26,"key":"White Beast Statue"},{"floor":27,"key":"Orichalcum"},{"floor":28,"key":"Ornamental Fan"},{"floor":29,"key":"TungstenRod"},{"floor":31,"key":"Calipers"},{"floor":32,"key":"Eternal Feather"},{"floor":34,"key":"FossilizedHelix"},{"floor":34,"key":"Oddly Smooth Stone"},{"floor":34,"key":"Singing Bowl"},{"floor":40,"key":"Potion Belt"},{"floor":41,"key":"InkBottle"},{"floor":42,"key":"MealTicket"},{"floor":44,"key":"Ginger"},{"floor":52,"key":"Yang"},{"floor":54,"key":"Letter Opener"}],"event_choices":[{"damage_healed":0.0,"max_hp_gain":0.0,"max_hp_loss":0.0,"gold_gain":0.0,"event_name":"FaceTrader","player_choice":"Trade","floor":4.0,"gold_loss":0.0,"damage_taken":0.0,"relics_obtained":["SsserpentHead"]},{"cards_removed":["Strike_P"],"damage_healed":0.0,"max_hp_gain":0.0,"max_hp_loss":0.0,"gold_gain":0.0,"event_name":"Golden Wing","player_choice":"Card Removal","floor":11.0,"gold_loss":0.0,"damage_taken":7.0},{"damage_healed":0.0,"max_hp_gain":0.0,"max_hp_loss":0.0,"gold_gain":0.0,"event_name":"Match and Keep!","player_choice":"0 cards matched","floor":14.0,"gold_loss":0.0,"damage_taken":0.0,"cards_obtained":[]},{"damage_healed":0.0,"max_hp_gain":0.0,"max_hp_loss":0.0,"gold_gain":0.0,"event_name":"Cursed Tome","player_choice":"Obtained Book","floor":20.0,"gold_loss":0.0,"damage_taken":16.0},{"damage_healed":0.0,"max_hp_gain":0.0,"max_hp_loss":0.0,"gold_gain":0.0,"event_name":"The Mausoleum","player_choice":"Opened","floor":22.0,"gold_loss":0.0,"damage_taken":0.0,"relics_obtained":["Meat on the Bone"],"cards_obtained":["Writhe"]},{"damage_healed":0,"gold_gain":0,"player_choice":"Memory 1","damage_taken":0,"max_hp_gain":0,"max_hp_loss":0,"event_name":"SensoryStone","floor":38,"gold_loss":0},{"damage_healed":0,"gold_gain":0,"player_choice":"Fight","damage_taken":0,"max_hp_gain":0,"max_hp_loss":0,"event_name":"MindBloom","floor":44,"gold_loss":0},{"damage_healed":0,"gold_gain":0,"player_choice":"Max HP","damage_taken":0,"max_hp_gain":0,"max_hp_loss":4,"event_name":"Winding Halls","floor":45,"gold_loss":0},{"damage_healed":0,"gold_gain":0,"player_choice":"Ignored","damage_taken":0,"max_hp_gain":0,"max_hp_loss":0,"event_name":"Tomb of Lord Red Mask","floor":47,"gold_loss":0}],"is_beta":false,"boss_relics":[{"not_picked":["Cursed Key","Runic Dome"],"picked":"Coffee Dripper"},{"not_picked":["Velvet Choker","Tiny House"],"picked":"Calling Bell"}],"items_purged_floors":[21,37,48],"is_endless":false,"potions_floor_spawned":[5,6,8,13,25,28,31,33,35,36,39,40,42,44,54],"ascension_level":10}}