{"host":"n1v11un6j7y72mz7","time":1608398299,"event":{"mods":["ATMod(°¢èªMod)","BaseMod","Downfall","KomeijiMod","Minty Spire (QoL Compilation)","READ ME - Guardian Mod","StSLib","Waifu the Spire"],"gold_per_floor":[99,99,134,111,130,146,146,159,259,184,204,216,230,242,255,255,255],"floor_reached":16,"playtime":809,"items_purged":[],"score":131,"play_id":"d5ee95fa-6dd9-4222-b8d2-e7b0233b1f87","local_time":"20201220011819","is_ascension_mode":false,"campfire_choices":[{"floor":1,"key":"RECALL"},{"data":"hexamod:SuperheatedStrike","floor":10,"key":"SMITH"}],"circlet_count":0,"master_deck":["hexamod:Strike","hexamod:Strike","hexamod:Strike","hexamod:Strike","hexamod:Defend","hexamod:Defend","hexamod:Defend","hexamod:Defend","hexamod:Sear","hexamod:Float","hexamod:RainOfEmbers","hexamod:SearingWound","hexamod:PhantomFireball","hexamod:ThermalTransfer","hexamod:SpectersWail","hexamod:SuperheatedStrike+1","hexamod:BacktrackSmack","hexamod:GiftsFromTheDead+1","hexamod:SpectralAdrenaline","hexamod:Hexaguard","Pain","hexamod:Sear","Enlightenment","hexamod:NightmareGuise","hexamod:Incineration","hexamod:NightmareStrike","hexamod:HexaLevel+1","hexamod:HeatCrush","hexamod:PhantomCloak+1"],"relics":["hexamod:SpiritBrand","AT_ATBox","downfall:HeartsMalice","White Beast Statue","Frozen Egg 2","downfall:GremlinSack","downfall:HeartBlessingRed"],"acts_visited":["Exordium"],"potions_floor_usage":[8,9,11,12,12,13,15,15,16,16],"damage_taken":[{"damage":0,"enemies":"Jaw Worm","floor":2,"turns":1},{"damage":0,"enemies":"3 Sentries","floor":3,"turns":1},{"damage":0,"enemies":"downfall:FleeingMerchant","floor":4,"turns":1},{"damage":0,"enemies":"Cultist","floor":5,"turns":3},{"damage":7,"enemies":"2 Louse","floor":6,"turns":2},{"damage":0,"enemies":"Large Slime","floor":8,"turns":4},{"damage":20,"enemies":"Large Slime","floor":9,"turns":3},{"damage":0,"enemies":"Blue Slaver","floor":11,"turns":1},{"damage":1,"enemies":"Exordium Thugs","floor":12,"turns":3},{"damage":1,"enemies":"2 Fungi Beasts","floor":13,"turns":2},{"damage":2,"enemies":"Red Slaver","floor":14,"turns":2},{"damage":9,"enemies":"Exordium Wildlife","floor":15,"turns":3},{"damage":30,"enemies":"downfall:Defect","floor":16,"turns":6}],"seed_played":"-155268001761760247","potions_obtained":[{"floor":4,"key":"FearPotion"},{"floor":5,"key":"GamblersBrew"},{"floor":6,"key":"Strength Potion"},{"floor":8,"key":"SpeedPotion"},{"floor":9,"key":"Energy Potion"},{"floor":11,"key":"Weak Potion"},{"floor":12,"key":"Fire Potion"},{"floor":13,"key":"Fire Potion"},{"floor":14,"key":"SkillPotion"},{"floor":15,"key":"FearPotion"}],"is_trial":false,"path_per_floor":["R","M","E","$","M","M","T","M","?","R","M","M","M","M","M","B"],"character_chosen":"THE_SPIRIT","items_purchased":["hexamod:ThermalTransfer"],"campfire_rested":0,"item_purchase_floors":[4],"current_hp_per_floor":[70,70,70,70,70,63,63,63,43,43,43,42,41,39,30,0,0],"gold":255,"neow_bonus":"THREE_ENEMY_KILL","is_daily":false,"chose_seed":false,"campfire_upgraded":1,"win_rate":0.0,"timestamp":1608398299,"path_taken":["R","M","E","$","M","M","T","M","?","R","M","M","M","?","M","BOSS"],"items_purchased_type":["Card"],"build_version":"2020-12-13","purchased_purges":0,"victory":false,"max_hp_per_floor":[70,70,70,70,70,70,70,70,70,70,70,70,70,70,70,70,70],"card_choices":[{"not_picked":["hexamod:Firestarter","hexamod:FastForward"],"picked":"hexamod:RainOfEmbers","floor":2},{"not_picked":["hexamod:SecondSeal","hexamod:SuperheatedStrike"],"picked":"hexamod:SearingWound","floor":3},{"not_picked":["hexamod:ShieldOfDarkness","hexamod:FastForward"],"picked":"hexamod:PhantomFireball","floor":4},{"not_picked":["hexamod:Haunt","hexamod:SkipABeat"],"picked":"hexamod:SpectersWail","floor":5},{"not_picked":["hexamod:InspiringFlames","hexamod:SwordOfDarkness"],"picked":"hexamod:SuperheatedStrike","floor":6},{"not_picked":["hexamod:InspiringFlames","hexamod:ThermalTransfer"],"picked":"hexamod:BacktrackSmack","floor":8},{"not_picked":["hexamod:SkipABeat","hexamod:PowerFromBeyond"],"picked":"hexamod:NightmareGuise","floor":9},{"not_picked":["hexamod:Firestarter","hexamod:FlamesFromBeyond"],"picked":"hexamod:Incineration","floor":11},{"not_picked":["hexamod:BacktrackSmack","hexamod:InspiringFlames"],"picked":"hexamod:NightmareStrike","floor":12},{"not_picked":["hexamod:AdvancingGuard","hexamod:HauntingEcho"],"picked":"hexamod:HexaLevel+1","floor":13},{"not_picked":["hexamod:Incineration","hexamod:InspiringFlames"],"picked":"hexamod:HeatCrush","floor":14},{"not_picked":["hexamod:HauntingEcho","hexamod:BurningTouch"],"picked":"hexamod:PhantomCloak+1","floor":15}],"player_experience":149801,"relics_obtained":[{"floor":3,"key":"White Beast Statue"},{"floor":7,"key":"Frozen Egg 2"},{"floor":9,"key":"downfall:GremlinSack"}],"event_choices":[],"is_beta":false,"boss_relics":[],"items_purged_floors":[],"is_endless":false,"potions_floor_spawned":[4,5,6,8,9,11,12,13,14,15],"killed_by":"downfall:Defect","ascension_level":0}}