{"host":"pjgcdp3h1plnbocs","time":1608382363,"event":{"mods":["AchievementEnabler","BaseMod","Colored Map","Highlight Path","Minty Spire (QoL Compilation)"],"gold_per_floor":[115,133,143,162,162,188,188,217,244,269,444,444,464,478,478,573,573,589,600,875,894,519,546,578,590,590],"floor_reached":25,"playtime":1059,"items_purged":["Regret"],"score":319,"play_id":"a3e356cb-de83-4c46-8c1f-cf57d4980bcb","local_time":"20201219135243","is_ascension_mode":true,"campfire_choices":[{"data":"Zap","floor":7.0,"key":"SMITH"},{"data":"Consume","floor":12.0,"key":"SMITH"},{"data":"Redo","floor":15.0,"key":"SMITH"}],"circlet_count":0,"master_deck":["Strike_B","Strike_B","Defend_B","Defend_B","Defend_B","Defend_B","Zap+1","Dualcast","Doom and Gloom","Glacier","Consume+1","Leap","Coolheaded","Redo+1","Creative AI"],"relics":["Cracked Core","Orichalcum","Ginger","Bag of Preparation","PreservedInsect","Happy Flower","Empty Cage","Lantern","MawBank"],"acts_visited":["Exordium","TheCity"],"potions_floor_usage":[23],"damage_taken":[{"damage":0.0,"enemies":"Cultist","floor":1.0,"turns":3.0},{"damage":0.0,"enemies":"2 Louse","floor":2.0,"turns":2.0},{"damage":1.0,"enemies":"Jaw Worm","floor":3.0,"turns":4.0},{"damage":0.0,"enemies":"Large Slime","floor":4.0,"turns":4.0},{"damage":9.0,"enemies":"Lagavulin","floor":6.0,"turns":7.0},{"damage":17.0,"enemies":"Gremlin Nob","floor":8.0,"turns":4.0},{"damage":4.0,"enemies":"3 Sentries","floor":10.0,"turns":5.0},{"damage":3.0,"enemies":"Blue Slaver","floor":13.0,"turns":4.0},{"damage":0.0,"enemies":"2 Fungi Beasts","floor":14.0,"turns":3.0},{"damage":24.0,"enemies":"Slime Boss","floor":16.0,"turns":8.0},{"damage":7.0,"enemies":"Shell Parasite","floor":18.0,"turns":10.0},{"damage":0,"enemies":"Spheric Guardian","floor":19,"turns":4},{"damage":20,"enemies":"Snecko","floor":21,"turns":5},{"damage":30,"enemies":"Slavers","floor":23,"turns":9},{"damage":14,"enemies":"Centurion and Healer","floor":24,"turns":11},{"damage":12,"enemies":"3 Cultists","floor":25,"turns":4}],"seed_played":"3902669382510868933","potions_obtained":[{"floor":1.0,"key":"FocusPotion"},{"floor":3.0,"key":"SneckoOil"},{"floor":6.0,"key":"LiquidBronze"},{"floor":10.0,"key":"Regen Potion"},{"floor":23,"key":"FocusPotion"}],"is_trial":false,"path_per_floor":["M","M","M","M","?","E","R","E","T","E","?","R","M","M","R","B",null,"M","M","?","M","$","E","M","M"],"character_chosen":"DEFECT","items_purchased":["Lantern","Creative AI"],"campfire_rested":0,"item_purchase_floors":[22,22],"current_hp_per_floor":[68,68,67,67,60,51,51,34,34,30,30,30,27,27,27,3,57,50,50,50,30,30,15,1,0,0],"gold":590,"neow_bonus":"RANDOM_COMMON_RELIC","is_daily":false,"chose_seed":false,"campfire_upgraded":3,"win_rate":0.0,"timestamp":1608382363,"path_taken":["M","M","M","M","?","E","R","E","T","E","?","R","M","M","R","BOSS","M","M","?","M","$","E","M","M"],"items_purchased_type":["Relic","Card"],"build_version":"2020-12-13","purchased_purges":1,"victory":false,"max_hp_per_floor":[75,75,75,75,75,75,75,75,75,75,75,75,75,75,75,75,75,75,75,75,75,75,75,75,75,75],"card_choices":[{"not_picked":["Reinforced Body","Barrage"],"picked":"Doom and Gloom","floor":1.0},{"not_picked":["Cold Snap","Hello World"],"picked":"Glacier","floor":2.0},{"not_picked":["Conserve Battery","Steam"],"picked":"Consume","floor":3.0},{"not_picked":["Leap","Cold Snap","FTL"],"picked":"SKIP","floor":4.0},{"not_picked":["Cold Snap","FTL"],"picked":"Leap","floor":4.0},{"not_picked":["Gash","BootSequence","Go for the Eyes"],"picked":"SKIP","floor":6.0},{"not_picked":["Barrage","Reinforced Body"],"picked":"Coolheaded","floor":8.0},{"not_picked":["Buffer","Streamline","Reboot"],"picked":"SKIP","floor":10.0},{"not_picked":["Storm","Hologram","Turbo"],"picked":"SKIP","floor":13.0},{"not_picked":["Aggregate","Reprogram"],"picked":"Redo","floor":14.0},{"not_picked":["Heatsinks","Rebound+1","Beam Cell"],"picked":"SKIP","floor":18},{"not_picked":["Conserve Battery+1","Rebound","Lockon+1"],"picked":"SKIP","floor":19},{"not_picked":["Streamline+1","Stack","Turbo"],"picked":"SKIP","floor":21},{"not_picked":["All For One","Rip and Tear","Scrape"],"picked":"SKIP","floor":23},{"not_picked":["Tempest","Skim","Gash"],"picked":"SKIP","floor":24}],"player_experience":111281,"relics_obtained":[{"floor":6.0,"key":"Ginger"},{"floor":8.0,"key":"Bag of Preparation"},{"floor":9.0,"key":"PreservedInsect"},{"floor":10.0,"key":"Happy Flower"},{"floor":23,"key":"MawBank"}],"event_choices":[{"cards_removed":["Strike_B"],"damage_healed":0.0,"max_hp_gain":0.0,"max_hp_loss":0.0,"gold_gain":0.0,"event_name":"Golden Wing","player_choice":"Card Removal","floor":5.0,"gold_loss":0.0,"damage_taken":7.0},{"damage_healed":0.0,"max_hp_gain":0.0,"max_hp_loss":0.0,"gold_gain":175.0,"event_name":"Liars Game","player_choice":"AGREE","floor":11.0,"gold_loss":0.0,"damage_taken":0.0,"cards_obtained":["Doubt"]},{"damage_healed":0,"gold_gain":275,"player_choice":"Desecrate","damage_taken":0,"max_hp_gain":0,"max_hp_loss":0,"event_name":"Golden Shrine","floor":20,"gold_loss":0,"cards_obtained":["Regret"]}],"is_beta":false,"boss_relics":[{"not_picked":["Calling Bell","Ectoplasm"],"picked":"Empty Cage"}],"items_purged_floors":[22],"is_endless":false,"potions_floor_spawned":[1,3,6,10,14,23,24],"killed_by":"3 Cultists","ascension_level":6}}