{"host":"pf47v7h0307523iy","time":1608385702,"event":{"mods":["BaseMod","Minty Spire (QoL Compilation)"],"gold_per_floor":[116,116,191,214,8,8,48,48,48,48,66,104,128,159,159,252,252,266,285,285,285,285],"floor_reached":21,"playtime":1208,"items_purged":["Strike_G"],"score":494,"play_id":"b9222167-8576-42b4-8701-e100474a74c8","local_time":"20201219154822","is_ascension_mode":true,"campfire_choices":[{"data":"Cloak And Dagger","floor":6.0,"key":"SMITH"},{"data":"Dagger Spray","floor":8.0,"key":"SMITH"},{"floor":10.0,"key":"REST"},{"data":"Crippling Poison","floor":15,"key":"SMITH"}],"circlet_count":0,"master_deck":["AscendersBane","Strike_G","Strike_G","Strike_G","Strike_G","Defend_G","Defend_G","Defend_G","Defend_G","Defend_G","Survivor","Neutralize","Cloak And Dagger+1","Choke","After Image+1","Blade Dance","Dagger Spray+1","Footwork","Choke","Crippling Poison+1","A Thousand Cuts","Crippling Poison"],"relics":["SlaversCollar","Golden Idol","Bottled Lightning","Ice Cream","Orichalcum","Meat on the Bone","Black Star"],"acts_visited":["Exordium","TheCity"],"potions_floor_usage":[16,19],"damage_taken":[{"damage":10.0,"enemies":"2 Louse","floor":1.0,"turns":3.0},{"damage":4.0,"enemies":"Small Slimes","floor":4.0,"turns":4.0},{"damage":0.0,"enemies":"3 Sentries","floor":7.0,"turns":6.0},{"damage":0.0,"enemies":"Jaw Worm","floor":11.0,"turns":3.0},{"damage":0.0,"enemies":"Lagavulin","floor":12.0,"turns":7.0},{"damage":4.0,"enemies":"Looter","floor":13.0,"turns":4.0},{"damage":4,"enemies":"3 Sentries","floor":14,"turns":7},{"damage":4,"enemies":"Slime Boss","floor":16,"turns":8},{"damage":42,"enemies":"Spheric Guardian","floor":18,"turns":8},{"damage":12,"enemies":"3 Byrds","floor":19,"turns":4},{"damage":35,"enemies":"3 Cultists","floor":21,"turns":4}],"seed_played":"6433426391232684154","potions_obtained":[{"floor":1.0,"key":"PowerPotion"},{"floor":13.0,"key":"PowerPotion"},{"floor":14,"key":"Ancient Potion"},{"floor":18,"key":"Explosive Potion"}],"is_trial":false,"path_per_floor":["M","?","?","M","$","R","E","R","T","R","M","E","M","E","R","B",null,"M","M","?","M"],"character_chosen":"THE_SILENT","items_purchased":["After Image","Blade Dance"],"campfire_rested":1,"item_purchase_floors":[5,5],"current_hp_per_floor":[49,49,38,34,34,34,34,34,34,52,52,52,48,44,44,40,55,25,25,25,0,0],"gold":285,"neow_bonus":"BOSS_RELIC","is_daily":false,"chose_seed":false,"campfire_upgraded":3,"win_rate":0.0,"timestamp":1608385702,"path_taken":["M","?","?","M","?","R","E","R","T","R","M","E","M","E","R","BOSS","M","M","?","M"],"items_purchased_type":["Card","Card"],"build_version":"2020-12-13","purchased_purges":1,"victory":false,"max_hp_per_floor":[66,60,60,60,60,60,60,60,60,60,60,60,60,60,60,60,60,60,60,60,60,60],"card_choices":[{"not_picked":["Underhanded Strike","Finisher"],"picked":"Cloak And Dagger","floor":1.0},{"not_picked":["Outmaneuver","Deflect"],"picked":"Choke","floor":4.0},{"not_picked":["Deflect","Caltrops"],"picked":"Dagger Spray","floor":7.0},{"not_picked":["Slice","Cloak And Dagger"],"picked":"Footwork","floor":11.0},{"not_picked":["Flechettes","Phantasmal Killer","Slice"],"picked":"SKIP","floor":12.0},{"not_picked":["Prepared","Bane"],"picked":"Choke","floor":13.0},{"not_picked":["Quick Slash","Deflect"],"picked":"Crippling Poison","floor":14},{"not_picked":["Envenom","Storm of Steel"],"picked":"A Thousand Cuts","floor":16},{"not_picked":["Prepared","Distraction"],"picked":"Crippling Poison","floor":18},{"not_picked":["Expertise","Blade Dance","Endless Agony"],"picked":"SKIP","floor":19}],"player_experience":1497054,"relics_obtained":[{"floor":7.0,"key":"Bottled Lightning"},{"floor":9.0,"key":"Ice Cream"},{"floor":12.0,"key":"Orichalcum"},{"floor":14,"key":"Meat on the Bone"}],"event_choices":[{"damage_healed":0.0,"max_hp_gain":0.0,"max_hp_loss":6.0,"gold_gain":0.0,"event_name":"Golden Idol","player_choice":"Lose Max HP","floor":2.0,"gold_loss":0.0,"damage_taken":0.0,"relics_obtained":["Golden Idol"]},{"damage_healed":0.0,"max_hp_gain":0.0,"max_hp_loss":0.0,"gold_gain":75.0,"event_name":"World of Goop","player_choice":"Gather Gold","floor":3.0,"gold_loss":0.0,"damage_taken":11.0},{"damage_healed":0,"gold_gain":0,"player_choice":"Forge","damage_taken":0,"max_hp_gain":0,"max_hp_loss":0,"event_name":"Accursed Blacksmith","floor":20,"gold_loss":0,"cards_upgraded":["After Image"]}],"is_beta":false,"boss_relics":[{"not_picked":["Snecko Eye","HoveringKite"],"picked":"Black Star"}],"items_purged_floors":[5],"is_endless":false,"potions_floor_spawned":[1,13,14,18],"killed_by":"3 Cultists","ascension_level":20}}