{"host":"25hwxgnshg5vqzox","time":1608400507,"event":{"mods":["BaseMod","Colored Map","Downfall","Googly Eyes","Highlight Path","Minty Spire (QoL Compilation)","Replay The Spire","StSLib"],"gold_per_floor":[99,99,99,99,99,99,123,123,139,64,75,175,195,16,36,131,131,56,72,72,84,96,113,113,113,128,156,156,156],"floor_reached":28,"playtime":1900,"items_purged":[],"score":278,"play_id":"3062c3e4-ce60-4e98-8616-7e8fa641e05d","local_time":"20201219175507","is_ascension_mode":false,"campfire_choices":[{"floor":1,"key":"DIG"},{"floor":5,"key":"RECALL"},{"data":"sneckomod:SerpentIdol","floor":10,"key":"SMITH"},{"data":"The Bomb","floor":18,"key":"SMITH"},{"data":"sneckomod:SnakeSap","floor":18,"key":"SMITH"},{"floor":20,"key":"REST"}],"circlet_count":0,"master_deck":["sneckomod:Strike","sneckomod:Strike","sneckomod:Defend+1","sneckomod:Defend","sneckomod:Defend","sneckomod:TailWhip","sneckomod:SnekBite","sneckomod:Unknown+1","sneckomod:Unknown","sneckomod:UnknownClassSLIMEBOUND","sneckomod:SerpentIdol+1","sneckomod:DiceCrush","sneckomod:UnknownUncommonPower","sneckomod:SnakeSap+1","sneckomod:Unknown1Cost","sneckomod:WideSting","The Bomb+1","sneckomod:QuickMove","sneckomod:UnknownRarePower","CurseOfTheBell","sneckomod:Unknown1Cost+1","sneckomod:Unknown2Cost","sneckomod:SoulCleanse","sneckomod:IronFang+1","sneckomod:Unknown1Cost+1","sneckomod:Unknown1Cost"],"relics":["sneckomod:SneckoSoul","downfall:HeartsMalice","War Paint","downfall:HeartBlessingRed","Calling Bell","ReplayFunnel","Sundial","Replay:Arrowhead","downfall:HeartBlessingBlue","Mercury Hourglass","MutagenicStrength","Dream Catcher"],"acts_visited":["Exordium","TheCity"],"potions_floor_usage":[22,27,27,28],"damage_taken":[{"damage":0,"enemies":"Jaw Worm","floor":2,"turns":1},{"damage":0,"enemies":"downfall:FleeingMerchant","floor":4,"turns":1},{"damage":0,"enemies":"Small Slimes","floor":8,"turns":1},{"damage":0,"enemies":"Cultist","floor":9,"turns":3},{"damage":6,"enemies":"Exordium Wildlife","floor":11,"turns":3},{"damage":5,"enemies":"Red Slaver","floor":13,"turns":3},{"damage":0,"enemies":"downfall:FleeingMerchant","floor":14,"turns":4},{"damage":12,"enemies":"Exordium Thugs","floor":15,"turns":3},{"damage":53,"enemies":"downfall:Ironclad","floor":16,"turns":10},{"damage":45,"enemies":"3 Byrds","floor":19,"turns":5},{"damage":21,"enemies":"Centurion and Healer","floor":21,"turns":8},{"damage":11,"enemies":"Snake Plant","floor":22,"turns":2},{"damage":19,"enemies":"Sentry and Sphere","floor":23,"turns":6},{"damage":0,"enemies":"Chosen and Byrds","floor":26,"turns":4},{"damage":35,"enemies":"Book of Stabbing","floor":27,"turns":5},{"damage":231,"enemies":"Shelled Parasite and Fungi","floor":28,"turns":3}],"seed_played":"-8098306301885730646","potions_obtained":[{"floor":6,"key":"DistilledChaos"},{"floor":6,"key":"Ancient Potion"},{"floor":6,"key":"Elixir"},{"floor":9,"key":"Slimebound:ThreeZeroPotion"},{"floor":11,"key":"sneckomod:DiceRollPotion"},{"floor":23,"key":"AttackPotion"},{"floor":27,"key":"Fire Potion"}],"is_trial":false,"path_per_floor":["R_BF","M","?","$","R","?","T","M","M","R","M","?","M","$","M","B",null,"R","M","R","M","M","M","T","?","M","E","M"],"character_chosen":"THE_SNECKO","items_purchased":["The Bomb"],"campfire_rested":1,"item_purchase_floors":[14],"current_hp_per_floor":[90,91,91,91,91,91,91,91,92,92,90,90,90,90,78,26,94,104,72,103,83,72,53,53,53,54,24,0,0],"gold":156,"neow_bonus":"THREE_ENEMY_KILL","is_daily":false,"chose_seed":false,"campfire_upgraded":3,"win_rate":0.0,"timestamp":1608400507,"path_taken":["R_BF","M","?","$","R","?","T","?","M","R","M","?","?","?","M","BOSS","R","M","R","M","M","M","T","?","M","E","M"],"items_purchased_type":["Card"],"build_version":"2020-12-13","purchased_purges":0,"victory":false,"max_hp_per_floor":[90,91,91,91,91,91,91,91,92,92,92,92,93,93,93,94,94,104,105,105,106,106,106,106,106,107,108,108,108],"card_choices":[{"not_picked":["sneckomod:Nope","sneckomod:DefensiveFlair"],"picked":"sneckomod:UnknownClassSLIMEBOUND","floor":2},{"not_picked":["sneckomod:WideSting","sneckomod:UnknownBlock"],"picked":"sneckomod:SerpentIdol","floor":4},{"not_picked":["sneckomod:TrashToTreasure","sneckomod:SlitherStrike"],"picked":"sneckomod:DiceCrush","floor":8},{"not_picked":["sneckomod:ImprovisedAttack","sneckomod:UnknownCommonSkill"],"picked":"sneckomod:UnknownUncommonPower","floor":9},{"not_picked":["sneckomod:TrashToTreasure","sneckomod:UnknownStrike"],"picked":"sneckomod:SnakeSap","floor":11},{"not_picked":["sneckomod:ImprovisedGuard","sneckomod:Unknown2Cost"],"picked":"sneckomod:Unknown1Cost","floor":13},{"not_picked":["sneckomod:UnknownClassRED","sneckomod:QuickMove"],"picked":"sneckomod:WideSting","floor":14},{"not_picked":["sneckomod:RainOfDice","sneckomod:UnknownExhaust"],"picked":"sneckomod:QuickMove","floor":15},{"not_picked":["sneckomod:MorePower","sneckomod:SerpentMind"],"picked":"sneckomod:UnknownRarePower","floor":16},{"not_picked":["sneckomod:ImprovisedGuard","sneckomod:UnknownCommonAttack"],"picked":"sneckomod:Unknown1Cost+1","floor":19},{"not_picked":["sneckomod:UnknownCommonSkill","sneckomod:SoulRoll+1"],"picked":"sneckomod:Unknown2Cost","floor":21},{"not_picked":["sneckomod:UnknownStrike","sneckomod:UnknownUncommonSkill"],"picked":"sneckomod:SoulCleanse","floor":22},{"not_picked":["sneckomod:UnknownStrike","sneckomod:UnknownUncommonPower"],"picked":"sneckomod:IronFang+1","floor":23},{"not_picked":["sneckomod:DiceCrush","sneckomod:IronFang"],"picked":"sneckomod:Unknown1Cost+1","floor":26},{"not_picked":["sneckomod:QuickBite","sneckomod:UnknownUncommonAttack"],"picked":"sneckomod:Unknown1Cost","floor":27}],"player_experience":25379,"relics_obtained":[{"floor":1,"key":"War Paint"},{"floor":17,"key":"ReplayFunnel"},{"floor":17,"key":"Sundial"},{"floor":17,"key":"Replay:Arrowhead"},{"floor":24,"key":"Mercury Hourglass"},{"floor":27,"key":"Dream Catcher"}],"event_choices":[{"damage_healed":0,"gold_gain":0,"player_choice":"Got Potions","damage_taken":0,"max_hp_gain":0,"max_hp_loss":0,"event_name":"Lab","floor":6,"gold_loss":0},{"damage_healed":0,"gold_gain":0,"player_choice":"Inject Mutagens","damage_taken":0,"relics_obtained":["MutagenicStrength"],"max_hp_gain":0,"max_hp_loss":0,"event_name":"Drug Dealer","floor":25,"gold_loss":0}],"is_beta":false,"boss_relics":[{"not_picked":["Replay:Drink Me","Astrolabe"],"picked":"Calling Bell"}],"items_purged_floors":[],"is_endless":false,"potions_floor_spawned":[9,11,13,15,19,23,26,27],"killed_by":"Shelled Parasite and Fungi","ascension_level":0}}