{"host":"hgkb2zpbo2dcws21","time":1608386519,"event":{"mods":["AchievementEnabler","BaseMod","Colored Map","Colored Powertips","Custom Start","DeckTracker","KOR Keyword Fix","Minty Spire (QoL Compilation)","StSLib","SuperFastMode"],"gold_per_floor":[112,112,122,172,53,53,84,84,108,118,18,37,50,60,60,134,134,134,134,134,134],"floor_reached":20,"playtime":427,"items_purged":["Strike_G","Defend_G"],"score":378,"play_id":"74e4507d-6499-43cd-b8a9-22d65659f12e","local_time":"20201219230159","is_ascension_mode":true,"campfire_choices":[{"data":"Well Laid Plans","floor":6.0,"key":"SMITH"},{"data":"Tactician","floor":8.0,"key":"SMITH"},{"data":"Prepared","floor":15.0,"key":"SMITH"}],"circlet_count":0,"master_deck":["AscendersBane","Strike_G","Strike_G","Strike_G","Strike_G","Defend_G","Defend_G","Defend_G","Defend_G","Survivor","Neutralize","Prepared+1","Escape Plan","Well Laid Plans+1","Tactician+1","Blade Dance","Acrobatics","Accuracy","Blade Dance","Venomology","Eviscerate"],"relics":["Ring of the Snake","NeowsBlessing","StrikeDummy","Omamori","Ectoplasm"],"acts_visited":["Exordium","TheCity"],"potions_floor_usage":[20],"damage_taken":[{"damage":0.0,"enemies":"2 Louse","floor":1.0,"turns":1.0},{"damage":0.0,"enemies":"Jaw Worm","floor":3.0,"turns":1.0},{"damage":0.0,"enemies":"Lagavulin","floor":7.0,"turns":1.0},{"damage":1.0,"enemies":"Cultist","floor":10.0,"turns":4.0},{"damage":9.0,"enemies":"Gremlin Gang","floor":12.0,"turns":4.0},{"damage":2.0,"enemies":"2 Fungi Beasts","floor":13.0,"turns":3.0},{"damage":24.0,"enemies":"Exordium Thugs","floor":14.0,"turns":5.0},{"damage":12.0,"enemies":"Hexaghost","floor":16.0,"turns":9.0},{"damage":25,"enemies":"Shell Parasite","floor":18,"turns":4},{"damage":32,"enemies":"Chosen","floor":20,"turns":5}],"seed_played":"-1827901934136768117","potions_obtained":[{"floor":1.0,"key":"DistilledChaos"},{"floor":3.0,"key":"Poison Potion"},{"floor":13.0,"key":"GamblersBrew"},{"floor":18,"key":"SteroidPotion"}],"is_trial":false,"path_per_floor":["M","?","M","?","$","R","E","R","T","M","$","M","M","M","R","B",null,"M","?","M"],"character_chosen":"THE_SILENT","items_purchased":["Well Laid Plans"],"campfire_rested":0,"item_purchase_floors":[5],"current_hp_per_floor":[59,64,64,57,57,57,57,57,57,56,56,47,45,21,21,9,56,31,31,0,0],"gold":134,"neow_bonus":"THREE_ENEMY_KILL","is_daily":false,"chose_seed":false,"campfire_upgraded":3,"win_rate":0.0,"timestamp":1608386519,"path_taken":["M","?","M","?","$","R","E","R","T","?","$","M","?","M","R","BOSS","M","?","M"],"items_purchased_type":["Card"],"build_version":"2020-12-13","purchased_purges":2,"victory":false,"max_hp_per_floor":[66,71,71,71,71,71,71,71,71,71,71,71,71,71,71,71,71,71,71,71,71],"card_choices":[{"not_picked":["Flying Knee","Concentrate"],"picked":"Prepared","floor":1.0},{"not_picked":["Dagger Throw","Bane"],"picked":"Escape Plan","floor":3.0},{"not_picked":["Flying Knee","Deflect"],"picked":"Tactician","floor":7.0},{"not_picked":["Slice","Backflip"],"picked":"Blade Dance","floor":10.0},{"not_picked":["Deflect","Sucker Punch"],"picked":"Acrobatics","floor":12.0},{"not_picked":["Backflip","All Out Attack"],"picked":"Accuracy","floor":13.0},{"not_picked":["Flying Knee","Bullet Time"],"picked":"Blade Dance","floor":14.0},{"not_picked":["Unload","Storm of Steel"],"picked":"Venomology","floor":16.0},{"not_picked":["Masterful Stab","Dagger Spray"],"picked":"Eviscerate","floor":18}],"player_experience":1089187,"relics_obtained":[{"floor":7.0,"key":"StrikeDummy"},{"floor":9.0,"key":"Omamori"}],"event_choices":[{"damage_healed":0.0,"max_hp_gain":5.0,"max_hp_loss":0.0,"gold_gain":0.0,"event_name":"Big Fish","player_choice":"Donut","floor":2.0,"gold_loss":0.0,"damage_taken":0.0},{"damage_healed":0.0,"max_hp_gain":0.0,"max_hp_loss":0.0,"gold_gain":50.0,"event_name":"FaceTrader","player_choice":"Touch","floor":4.0,"gold_loss":0.0,"damage_taken":7.0},{"damage_healed":0,"gold_gain":0,"player_choice":"Ignored","damage_taken":0,"max_hp_gain":0,"max_hp_loss":0,"event_name":"Vampires","floor":19,"gold_loss":0}],"is_beta":false,"boss_relics":[{"not_picked":["Pandora\u0027s Box","Sozu"],"picked":"Ectoplasm"}],"items_purged_floors":[5,11],"is_endless":false,"potions_floor_spawned":[1,3,13,18],"killed_by":"Chosen","ascension_level":18}}