{"host":"grblgsn3zizbz04e","time":1608376461,"event":{"mods":["BaseMod","BetterRewards","Colored Map","Colored Powertips","Googly Eyes","Minty Spire (QoL Compilation)","Rare Cards Sparkle","Relic Stats","Shop Mod","StSLib"],"gold_per_floor":[109,38,65,79,89,123,150,181,193,218,230,258,235,274,286,374,386,411,443,455,467,497,509,537,578,637,535,535,560,579,597,597,597,597],"floor_reached":33,"playtime":1569,"items_purged":["Strike_R"],"score":614,"play_id":"c4e86dc6-c8ab-4e0b-b797-4ca4dcccaac0","local_time":"20201219111421","is_ascension_mode":true,"campfire_choices":[{"data":"Searing Blow","floor":15,"key":"SMITH"},{"data":"Searing Blow+2","floor":23,"key":"SMITH"},{"data":"Searing Blow+3","floor":28,"key":"SMITH"},{"floor":32,"key":"REST"}],"circlet_count":0,"master_deck":["AscendersBane","Strike_R","Strike_R","Strike_R","Strike_R","Defend_R","Defend_R","Defend_R","Defend_R","Bash","Carnage","Flame Barrier","Searing Blow+4","True Grit","Shrug It Off","Cleave","Reaper","Corruption","Armaments","Inflame","Blood for Blood","Dark Embrace","Feed","Uppercut"],"relics":["Snecko Eye","MawBank","Shuriken","Bronze Scales","Philosopher\u0027s Stone","Regal Pillow","Omamori","Bottled Tornado"],"acts_visited":["Exordium","TheCity"],"potions_floor_usage":[6,14,16,24,25,29,31,33],"damage_taken":[{"damage":0,"enemies":"Cultist","floor":1,"turns":3},{"damage":0,"enemies":"Jaw Worm","floor":4,"turns":3},{"damage":6,"enemies":"Small Slimes","floor":5,"turns":4},{"damage":5,"enemies":"3 Sentries","floor":6,"turns":7},{"damage":6,"enemies":"Looter","floor":7,"turns":2},{"damage":0,"enemies":"3 Louse","floor":8,"turns":2},{"damage":3,"enemies":"Blue Slaver","floor":10,"turns":3},{"damage":10,"enemies":"Gremlin Gang","floor":12,"turns":4},{"damage":12,"enemies":"Lagavulin","floor":14,"turns":6},{"damage":0,"enemies":"Slime Boss","floor":16,"turns":6},{"damage":4,"enemies":"Shell Parasite","floor":18,"turns":3},{"damage":9,"enemies":"Chosen","floor":19,"turns":4},{"damage":6,"enemies":"Shelled Parasite and Fungi","floor":22,"turns":4},{"damage":20,"enemies":"Cultist and Chosen","floor":24,"turns":6},{"damage":34,"enemies":"Gremlin Leader","floor":25,"turns":5},{"damage":58,"enemies":"Slavers","floor":29,"turns":5},{"damage":0,"enemies":"3 Cultists","floor":30,"turns":3},{"damage":3,"enemies":"Centurion and Healer","floor":31,"turns":5},{"damage":83,"enemies":"Collector","floor":33,"turns":7}],"seed_played":"-1743281376901880082","potions_obtained":[{"floor":1,"key":"BloodPotion"},{"floor":4,"key":"HeartOfIron"},{"floor":12,"key":"FearPotion"},{"floor":14,"key":"AttackPotion"},{"floor":22,"key":"BloodPotion"},{"floor":24,"key":"FearPotion"},{"floor":29,"key":"Block Potion"},{"floor":31,"key":"Fire Potion"}],"is_trial":false,"path_per_floor":["M","$","T","M","M","E","M","M","T","M","?","M","?","E","R","B",null,"M","M","?","?","M","R","M","E","T","$","R","E","M","M","R","B"],"character_chosen":"IRONCLAD","items_purchased":["Flame Barrier","Dark Embrace"],"campfire_rested":1,"item_purchase_floors":[2,27],"current_hp_per_floor":[68,68,68,68,62,57,51,51,51,48,53,43,63,51,51,55,74,77,73,50,50,54,54,63,47,47,47,47,6,21,28,69,0,0],"gold":597,"neow_bonus":"BOSS_RELIC","is_daily":false,"chose_seed":false,"campfire_upgraded":3,"win_rate":0.0,"timestamp":1608376461,"path_taken":["M","?","?","M","?","E","M","M","T","M","?","M","?","E","R","BOSS","M","M","?","?","M","R","M","E","T","$","R","E","M","?","R","BOSS"],"items_purchased_type":["Card","Card"],"build_version":"2020-12-13","purchased_purges":1,"victory":false,"max_hp_per_floor":[75,75,75,75,75,75,75,75,75,75,80,80,80,80,80,80,80,80,80,85,85,85,85,85,85,85,85,85,85,85,88,88,88,88],"relic_stats":{"Regal Pillow":15,"counters":[19,82],"Shuriken":[18],"Bronze Scales":[143],"Snecko Eye":[130,136,152,141],"MawBank":252,"obtain_stats":[{"Regal Pillow":25,"Shuriken":9,"Bronze Scales":14,"Snecko Eye":0,"Philosopher\u0027s Stone":17,"Omamori":26,"Bottled Tornado":29,"MawBank":6,"Burning Blood":0},{"Regal Pillow":15,"Shuriken":6,"Bronze Scales":9,"Snecko Eye":0,"Philosopher\u0027s Stone":10,"Omamori":15,"Bottled Tornado":16,"MawBank":4,"Burning Blood":0},{"Regal Pillow":62,"Shuriken":21,"Bronze Scales":34,"Snecko Eye":0,"Philosopher\u0027s Stone":40,"Omamori":62,"Bottled Tornado":67,"MawBank":17,"Burning Blood":0}]},"card_choices":[{"not_picked":["Sever Soul","Flex"],"picked":"Carnage","floor":1},{"not_picked":["Rage","Metallicize","Flex"],"picked":"SKIP","floor":4},{"not_picked":["Cleave","Heavy Blade"],"picked":"Searing Blow","floor":5},{"not_picked":["Rampage","Wild Strike"],"picked":"True Grit","floor":6},{"not_picked":["Perfected Strike","Headbutt","Rage"],"picked":"SKIP","floor":7},{"not_picked":["Heavy Blade","Seeing Red"],"picked":"Shrug It Off","floor":8},{"not_picked":["Sword Boomerang","Burning Pact","Headbutt"],"picked":"SKIP","floor":10},{"not_picked":["Pummel","Iron Wave"],"picked":"Cleave","floor":12},{"not_picked":["Wild Strike","Flex"],"picked":"Reaper","floor":14},{"not_picked":["Limit Break","Bludgeon"],"picked":"Corruption","floor":16},{"not_picked":["Wild Strike","Shrug It Off"],"picked":"Armaments","floor":18},{"not_picked":["Rupture","Clothesline+1","Headbutt+1"],"picked":"SKIP","floor":19},{"not_picked":["Sword Boomerang","Shrug It Off"],"picked":"Inflame","floor":22},{"not_picked":["Twin Strike","Headbutt","Rage"],"picked":"SKIP","floor":24},{"not_picked":["Hemokinesis","Flex"],"picked":"Blood for Blood","floor":25},{"not_picked":["Clash","True Grit+1"],"picked":"Feed","floor":29},{"not_picked":["Clothesline","Perfected Strike+1"],"picked":"Uppercut","floor":30},{"not_picked":["Ghostly Armor","Armaments","Entrench"],"picked":"SKIP","floor":31}],"player_experience":731382,"relics_obtained":[{"floor":6,"key":"MawBank"},{"floor":9,"key":"Shuriken"},{"floor":14,"key":"Bronze Scales"},{"floor":25,"key":"Regal Pillow"},{"floor":26,"key":"Omamori"},{"floor":29,"key":"Bottled Tornado"}],"event_choices":[{"damage_healed":0,"gold_gain":0,"player_choice":"Donut","damage_taken":0,"max_hp_gain":5,"max_hp_loss":0,"event_name":"Big Fish","floor":11,"gold_loss":0},{"damage_healed":20,"gold_gain":0,"player_choice":"Healed","damage_taken":0,"max_hp_gain":0,"max_hp_loss":0,"event_name":"The Cleric","floor":13,"gold_loss":35},{"damage_healed":0,"gold_gain":0,"player_choice":"Shed Blood","damage_taken":28,"max_hp_gain":5,"max_hp_loss":0,"event_name":"Forgotten Altar","floor":20,"gold_loss":0},{"damage_healed":0,"gold_gain":0,"player_choice":"Upgraded","damage_taken":0,"max_hp_gain":0,"max_hp_loss":0,"event_name":"Upgrade Shrine","floor":21,"gold_loss":0,"cards_upgraded":["Searing Blow"]}],"is_beta":false,"boss_relics":[{"not_picked":["Mark of Pain","Empty Cage"],"picked":"Philosopher\u0027s Stone"}],"items_purged_floors":[27],"is_endless":false,"potions_floor_spawned":[1,4,12,14,22,24,29,31],"killed_by":"Collector","ascension_level":15}}