{"host":"6qo42zgaknezulyg","time":1608344132,"event":{"mods":["2.2 Compatiblity","BaseMod","Keyboard Shortcuts","Minty Spire (QoL Compilation)","Permanent Neow","Quick Restart","StSLib","SuperFastMode","The Disciple"],"gold_per_floor":[116,116,131,131,141,141,172,172,241,252,252,262,187,213,213,317,317,336,196,215,233,4,34,34,66,93,119,119,146,146,156,156,252,252,265,121,134,9,59,59,94,94,145,162,162,179,85,97,97,97],"floor_reached":51,"playtime":3385,"items_purged":["Strike_Br","Strike_Br","DaylightSavings"],"score":862,"play_id":"57591400-c6b6-4d88-a40a-1d8412304d51","local_time":"20201219111532","is_ascension_mode":true,"campfire_choices":[{"data":"Fragmentalize","floor":6.0,"key":"SMITH"},{"data":"LockedBlood","floor":11.0,"key":"SMITH"},{"data":"TiringSlam","floor":15.0,"key":"SMITH"},{"floor":28.0,"key":"REST"},{"floor":32.0,"key":"REST"},{"data":"Analog","floor":40.0,"key":"SMITH"},{"data":"Analog","floor":45.0,"key":"SMITH"},{"data":"ResonantCall","floor":49.0,"key":"SMITH"}],"circlet_count":0,"master_deck":["Defend_Br","Defend_Br","Defend_Br","Defend_Br+1","SecondHand","PatternShift+1","Fragmentalize+1","WindUp","LockedBlood+1","TiringSlam+1","LockedWhetstone","Facsimile+1","TickedOff","LockedBlood","LockedFlame","Keepsakes","LockedOrichalcum+1","Break","Fragmentalize+1","Stagnate","Analog+1","Echonomics","BlueShift+1","HandsUp+1","RageCommand","AlternateTimeline+1","LockedPlans+1","ResonantCall+1","Analog+1","BackFourSeconds","RageCommand","Accruing","LockedPlans+1","LockedPlans","LockedMedicine","Echoward+1"],"relics":["Chronometer","War Paint","Ornamental Fan","Sundial","Black Star","DollysMirror","Shuriken","Calipers","Gremlin Horn","Bottled Tornado","Vajra","Strawberry","Bottled Lightning","SlipperyGoo","Centennial Puzzle","Snecko Eye","Orrery","Gambling Chip","Nunchaku","Anchor","Oddly Smooth Stone"],"acts_visited":["Exordium","TheCity","TheBeyond"],"potions_floor_usage":[50,50,50],"damage_taken":[{"damage":1.0,"enemies":"Small Slimes","floor":1.0,"turns":6.0},{"damage":1.0,"enemies":"Jaw Worm","floor":3.0,"turns":4.0},{"damage":7.0,"enemies":"Cultist","floor":5.0,"turns":4.0},{"damage":15.0,"enemies":"3 Sentries","floor":7.0,"turns":7.0},{"damage":8.0,"enemies":"Blue Slaver","floor":10.0,"turns":4.0},{"damage":3.0,"enemies":"2 Fungi Beasts","floor":12.0,"turns":3.0},{"damage":9.0,"enemies":"Gremlin Nob","floor":14.0,"turns":3.0},{"damage":20.0,"enemies":"The Guardian","floor":16.0,"turns":14.0},{"damage":10.0,"enemies":"Chosen","floor":18.0,"turns":4.0},{"damage":11.0,"enemies":"Spheric Guardian","floor":20.0,"turns":5.0},{"damage":9.0,"enemies":"Snake Plant","floor":21.0,"turns":4.0},{"damage":43.0,"enemies":"Gremlin Leader","floor":23.0,"turns":7.0},{"damage":24.0,"enemies":"Slavers","floor":25.0,"turns":2.0},{"damage":0.0,"enemies":"Gremlin Leader","floor":27.0,"turns":5.0},{"damage":15.0,"enemies":"Book of Stabbing","floor":29.0,"turns":6.0},{"damage":16.0,"enemies":"Cultist and Chosen","floor":31.0,"turns":6.0},{"damage":13.0,"enemies":"Champ","floor":33.0,"turns":11.0},{"damage":5.0,"enemies":"3 Darklings","floor":35.0,"turns":2.0},{"damage":0.0,"enemies":"3 Shapes","floor":37.0,"turns":4.0},{"damage":6.0,"enemies":"Mind Bloom Boss Battle","floor":39.0,"turns":10.0},{"damage":39.0,"enemies":"Giant Head","floor":41.0,"turns":9.0},{"damage":0.0,"enemies":"Transient","floor":44.0,"turns":5.0},{"damage":19.0,"enemies":"Spire Growth","floor":46.0,"turns":8.0},{"damage":0.0,"enemies":"Maw","floor":48.0,"turns":5.0},{"damage":31,"enemies":"Donu and Deca","floor":50,"turns":4}],"seed_played":"-7774759201106122942","potions_obtained":[{"floor":5.0,"key":"Energy Potion"},{"floor":12.0,"key":"DuplicationPotion"},{"floor":14.0,"key":"LiquidMemories"},{"floor":21.0,"key":"SteroidPotion"},{"floor":27.0,"key":"PowerPotion"},{"floor":31.0,"key":"LiquidMemories"},{"floor":33.0,"key":"Strength Potion"}],"is_trial":false,"path_per_floor":["M","?","M","?","M","R","E","?","T","M","R","M","$","E","R","B",null,"M","$","M","M","$","E","?","E","T","E","R","E","?","M","R","B",null,"M","$","M","$","?","R","E","?","T","M","R","M","$","M","R","B",null],"character_chosen":"CHRONO_CLASS","items_purchased":["Keepsakes","DollysMirror","Stagnate","Orrery","LockedMedicine","PowerPotion"],"campfire_rested":2,"item_purchase_floors":[19,22,22,36,47,47],"current_hp_per_floor":[46,51,50,50,47,47,38,38,38,34,34,31,31,24,24,16,70,64,64,65,58,58,25,25,1,1,11,34,23,23,19,42,38,77,72,72,75,75,71,71,70,70,70,76,76,77,77,77,77,46],"gold":97,"neow_bonus":"THREE_RARE_CARDS","is_daily":false,"chose_seed":false,"campfire_upgraded":6,"win_rate":0.0,"timestamp":1608344132,"path_taken":["M","?","M","?","M","R","E","?","T","M","R","M","$","E","R","BOSS","M","$","M","M","?","E","?","E","T","E","R","E","?","M","R","BOSS","M","$","M","?","?","R","E","?","T","M","R","M","$","M","R","BOSS"],"items_purchased_type":["Card","Relic","Card","Relic","Card","Potion"],"build_version":"2020-12-13","purchased_purges":3,"victory":true,"max_hp_per_floor":[65,70,70,70,70,70,70,70,70,70,70,70,70,70,70,70,70,70,70,70,70,70,70,70,70,70,77,77,77,77,77,77,77,77,77,77,77,77,77,77,77,77,77,77,77,77,77,77,77,77],"card_choices":[{"not_picked":["LockedFlame","MasterKey"],"picked":"Fragmentalize","floor":0.0},{"not_picked":["Cuckoo","ReapSow"],"picked":"WindUp","floor":1.0},{"not_picked":["HandsUp","ExoVibe"],"picked":"LockedBlood","floor":3.0},{"not_picked":["PrimeTime","Backlash"],"picked":"LockedWhetstone","floor":5.0},{"not_picked":["BlueShift","WindUp"],"picked":"Facsimile","floor":7.0},{"not_picked":["Parity","AlternateTimeline"],"picked":"TickedOff","floor":10.0},{"not_picked":["DaylightSavings","PrimeTime"],"picked":"LockedBlood","floor":12.0},{"not_picked":["ReapSow","SlimeSpray","Backlash"],"picked":"SKIP","floor":14.0},{"not_picked":["OldTimer","MasterKey"],"picked":"LockedFlame","floor":16.0},{"not_picked":["BiteCommand","BlueShift","LockedMawBank"],"picked":"SKIP","floor":18.0},{"not_picked":["Goo","ExoVibe+1"],"picked":"LockedOrichalcum+1","floor":20.0},{"not_picked":["BiteCommand","WatchCommand"],"picked":"Break","floor":21.0},{"not_picked":["ExoVibe","LockedMercury"],"picked":"DaylightSavings","floor":23.0},{"not_picked":["Echoward","LockedPlans"],"picked":"Analog","floor":25.0},{"not_picked":["Goo","Tempo+1"],"picked":"Echonomics","floor":27.0},{"not_picked":["Tempo","Parity"],"picked":"BlueShift+1","floor":29.0},{"not_picked":["LockedCalendar","BlueShift+1"],"picked":"HandsUp+1","floor":31.0},{"not_picked":["BeatsPerMinute","Pendulum"],"picked":"RageCommand","floor":33.0},{"not_picked":["BlueShift+1","EscortCommand"],"picked":"AlternateTimeline+1","floor":35.0},{"not_picked":["ReapSow","BiteCommand"],"picked":"LockedPlans+1","floor":36.0},{"not_picked":["LockedAnchor+1","Chronoelasticity+1"],"picked":"ResonantCall","floor":36.0},{"not_picked":["LockedMawBank+1","Parity+1"],"picked":"Analog","floor":36.0},{"not_picked":["Engulf","LockedUrn+1"],"picked":"BackFourSeconds","floor":37.0},{"not_picked":["Engulf","Tempo"],"picked":"RageCommand","floor":39.0},{"not_picked":["OldTimer","Tempo"],"picked":"Accruing","floor":41.0},{"not_picked":["BlueShift+1","TickedOff"],"picked":"LockedPlans+1","floor":44.0},{"not_picked":["AlternateTimeline+1","LockedScales"],"picked":"LockedPlans","floor":46.0},{"not_picked":["LockedBlood+1","ShortSighted+1"],"picked":"Echoward+1","floor":48.0}],"player_experience":743818,"relics_obtained":[{"floor":7.0,"key":"War Paint"},{"floor":9.0,"key":"Ornamental Fan"},{"floor":14.0,"key":"Sundial"},{"floor":23.0,"key":"Shuriken"},{"floor":23.0,"key":"Calipers"},{"floor":25.0,"key":"Gremlin Horn"},{"floor":25.0,"key":"Bottled Tornado"},{"floor":26.0,"key":"Vajra"},{"floor":27.0,"key":"Strawberry"},{"floor":27.0,"key":"Bottled Lightning"},{"floor":29.0,"key":"SlipperyGoo"},{"floor":29.0,"key":"Centennial Puzzle"},{"floor":39.0,"key":"Gambling Chip"},{"floor":41.0,"key":"Nunchaku"},{"floor":41.0,"key":"Anchor"},{"floor":43.0,"key":"Oddly Smooth Stone"}],"event_choices":[{"damage_healed":0.0,"max_hp_gain":5.0,"max_hp_loss":0.0,"gold_gain":0.0,"event_name":"Big Fish","player_choice":"Donut","floor":2.0,"gold_loss":0.0,"damage_taken":0.0},{"damage_healed":0.0,"max_hp_gain":0.0,"max_hp_loss":0.0,"gold_gain":0.0,"cards_transformed":["Strike_Br"],"event_name":"Living Wall","player_choice":"Change","floor":4.0,"gold_loss":0.0,"damage_taken":0.0,"cards_obtained":["TiringSlam"]},{"damage_healed":0.0,"max_hp_gain":0.0,"max_hp_loss":0.0,"gold_gain":0.0,"event_name":"Upgrade Shrine","player_choice":"Upgraded","floor":8.0,"gold_loss":0.0,"damage_taken":0.0,"cards_upgraded":["Facsimile"]},{"damage_healed":0.0,"max_hp_gain":0.0,"max_hp_loss":0.0,"gold_gain":0.0,"event_name":"Cursed Tome","player_choice":"Ignored","floor":24.0,"gold_loss":0.0,"damage_taken":0.0},{"cards_removed":["Strike_Br"],"damage_healed":0.0,"max_hp_gain":0.0,"max_hp_loss":0.0,"gold_gain":0.0,"event_name":"Purifier","player_choice":"Purged","floor":30.0,"gold_loss":0.0,"damage_taken":0.0},{"damage_healed":0.0,"max_hp_gain":0.0,"max_hp_loss":0.0,"gold_gain":0.0,"event_name":"MindBloom","player_choice":"Fight","floor":39.0,"gold_loss":0.0,"damage_taken":0.0},{"damage_healed":0.0,"max_hp_gain":0.0,"max_hp_loss":0.0,"gold_gain":0.0,"event_name":"SecretPortal","player_choice":"Ignored","floor":42.0,"gold_loss":0.0,"damage_taken":0.0}],"is_beta":false,"boss_relics":[{"not_picked":["Coffee Dripper","SacredBark"],"picked":"Black Star"},{"not_picked":["Runic Pyramid","Pandora\u0027s Box"],"picked":"Snecko Eye"}],"items_purged_floors":[13,19,38],"is_endless":false,"potions_floor_spawned":[5,12,14,21,27,31,33,35,44],"ascension_level":2}}