{"host":"i3w38rq1z4slkels","time":1608386701,"event":{"mods":["2.2 Compatiblity","Act Like it!","BaseMod","Better Match","Better Vampires","BetterRewards","Conspire","Downfall","Minty Spire (QoL Compilation)","Rare Cards Sparkle","Replay The Spire","StSLib"],"gold_per_floor":[99,134,134,59,59,84,84,234,250,275,287,48,48,48,58,158,158,83,83,83,68,82,82,157,169,195,120,139,157,157,142,159,159,159],"floor_reached":33,"playtime":1784,"items_purged":["Slimebound:Icky"],"score":389,"play_id":"e64c89a0-7f9b-4eaf-a055-1f389a0dc09c","local_time":"20201219210501","is_ascension_mode":true,"campfire_choices":[{"floor":1,"key":"RECALL"},{"data":"sneckomod:Unknown","floor":4,"key":"SMITH"},{"data":"sneckomod:Cheat","floor":18,"key":"SMITH"},{"data":"sneckomod:UnknownRareAttack","floor":23,"key":"SMITH"},{"data":"sneckomod:WideSting","floor":27,"key":"SMITH"}],"circlet_count":0,"master_deck":["sneckomod:Strike","sneckomod:Strike","sneckomod:Defend","sneckomod:Defend","sneckomod:TailWhip","sneckomod:SnekBite","sneckomod:Unknown+1","sneckomod:Unknown","sneckomod:DiceCrush","sneckomod:UnknownDexterity","sneckomod:UnknownRareAttack+1","sneckomod:RainOfDice+1","sneckomod:SerpentMind+1","sneckomod:SlitherStrike","sneckomod:Cheat+1","CurseOfTheBell","sneckomod:WideSting+1","sneckomod:DiceBlock","sneckomod:UnlimitedRolls","sneckomod:DiceCrush+1","Meteor Strike","sneckomod:WideSting+1","sneckomod:TrashToTreasure+1","sneckomod:Unknown3Cost"],"relics":["sneckomod:SneckoSoul","downfall:HeartsMalice","Art of War","Ornamental Fan","downfall:HeartBlessingRed","conspire:Flyswatter","HornCleat","Matryoshka","Vajra","Replay:Grab Bag","Velvet Choker","conspire:RoyalGoblet","Ring of Chaos","Calling Bell","Regal Pillow","InkBottle","Torii","downfall:HeartBlessingGreen","Happy Flower","MealTicket","downfall:HeartBlessingBlue","Prayer Wheel"],"acts_visited":["Exordium","TheCity"],"potions_floor_usage":[10,10,10,26,28],"damage_taken":[{"damage":0,"enemies":"Lagavulin","floor":2,"turns":1},{"damage":0,"enemies":"Jaw Worm","floor":5,"turns":1},{"damage":0,"enemies":"3 Sentries","floor":6,"turns":1},{"damage":0,"enemies":"Small Slimes","floor":9,"turns":2},{"damage":14,"enemies":"Gremlin Nob","floor":10,"turns":4},{"damage":0,"enemies":"Cultist","floor":11,"turns":3},{"damage":3,"enemies":"downfall:FleeingMerchant","floor":12,"turns":4},{"damage":4,"enemies":"Blue Slaver","floor":15,"turns":2},{"damage":48,"enemies":"downfall:Watcher","floor":16,"turns":9},{"damage":0,"enemies":"downfall:FleeingMerchant","floor":21,"turns":4},{"damage":7,"enemies":"3 Byrds","floor":22,"turns":4},{"damage":17,"enemies":"conspire:FuzzyDice","floor":25,"turns":7},{"damage":52,"enemies":"Book of Stabbing","floor":26,"turns":5},{"damage":18,"enemies":"Snake Plant","floor":28,"turns":4},{"damage":29,"enemies":"Snecko","floor":29,"turns":5},{"damage":1,"enemies":"downfall:FleeingMerchant","floor":31,"turns":4},{"damage":18,"enemies":"Sentry and Sphere","floor":32,"turns":4},{"damage":16,"enemies":"downfall:Silent","floor":33,"turns":2}],"seed_played":"-1947341810231843660","potions_obtained":[{"floor":2,"key":"Strength Potion"},{"floor":6,"key":"SteroidPotion"},{"floor":9,"key":"Strength Potion"},{"floor":22,"key":"PowerPotion"},{"floor":25,"key":"sneckomod:OffclassReductionPotion"},{"floor":26,"key":"Regen Potion"}],"is_trial":false,"path_per_floor":["R","E","?","R","M","E","T","?","M","E","M","$","?","?","M","B",null,"R","?","?","$","M","R","T","M","E","R","M","M","?","$","M","B"],"character_chosen":"THE_SNECKO","items_purchased":["Vajra"],"campfire_rested":0,"item_purchase_floors":[12],"current_hp_per_floor":[90,90,78,78,79,80,80,80,80,66,66,66,71,71,67,19,97,97,97,97,97,90,90,90,77,25,35,29,12,12,33,16,0,0],"gold":159,"neow_bonus":"THREE_ENEMY_KILL","is_daily":false,"chose_seed":false,"campfire_upgraded":4,"win_rate":0.0,"timestamp":1608386701,"path_taken":["R","E","?","R","M","E","T","?","M","E","M","$","?","?","M","BOSS","R","?","?","$","M","R","T","M","E","R","?","M","?","?","M","BOSS"],"items_purchased_type":["Relic"],"build_version":"2020-12-13","purchased_purges":1,"victory":false,"max_hp_per_floor":[90,90,90,90,91,92,92,92,92,92,92,92,97,97,97,97,97,97,97,97,97,97,97,97,101,101,111,111,111,111,111,112,112,112],"card_choices":[{"not_picked":["sneckomod:TrashToTreasure","sneckomod:QuickMove"],"picked":"sneckomod:DiceCrush","floor":2},{"not_picked":["sneckomod:DiceBlock","sneckomod:QuickBite"],"picked":"sneckomod:UnknownDexterity","floor":5},{"not_picked":["sneckomod:DefensiveFlair","sneckomod:UnknownVulnerable"],"picked":"sneckomod:UnknownRareAttack","floor":6},{"not_picked":["sneckomod:UnknownWeak","sneckomod:Unknown1Cost","sneckomod:Unknown0Cost"],"picked":"SKIP","floor":9},{"not_picked":["sneckomod:SoulDraw","sneckomod:Nope","sneckomod:UnknownClassTHE_CHAMP_GRAY"],"picked":"SKIP","floor":10},{"not_picked":["sneckomod:IronFang","sneckomod:QuickBite","sneckomod:UnknownCommonSkill"],"picked":"SKIP","floor":11},{"not_picked":["sneckomod:QuickMove","sneckomod:SoulRoll"],"picked":"sneckomod:RainOfDice","floor":12},{"not_picked":["sneckomod:UnknownClassBLUE","sneckomod:UnknownBlock"],"picked":"sneckomod:SlitherStrike","floor":15},{"not_picked":["sneckomod:UnlimitedRolls","sneckomod:Transmogrify"],"picked":"sneckomod:Cheat","floor":16},{"not_picked":["sneckomod:MixItUp","sneckomod:UnknownClassGREEN"],"picked":"sneckomod:WideSting","floor":21},{"not_picked":["sneckomod:Unknown1Cost","sneckomod:UnknownWeak"],"picked":"sneckomod:DiceBlock","floor":22},{"not_picked":["sneckomod:UnknownCommonAttack","sneckomod:DiceBlock+1","sneckomod:QuickMove"],"picked":"SKIP","floor":25},{"not_picked":["sneckomod:QuickMove","sneckomod:UnknownClassGREEN"],"picked":"sneckomod:UnlimitedRolls","floor":26},{"not_picked":["sneckomod:MixItUp+1","sneckomod:DiceBlock+1"],"picked":"sneckomod:DiceCrush+1","floor":28},{"not_picked":["sneckomod:UnknownClassRED","sneckomod:UnknownCommonAttack"],"picked":"sneckomod:WideSting+1","floor":29},{"not_picked":["sneckomod:SnekBeam","sneckomod:UnknownBlock","sneckomod:UnknownWeak+1"],"picked":"SKIP","floor":29},{"not_picked":["sneckomod:DiceBlock","sneckomod:DefensiveFlair","sneckomod:RainOfDice"],"picked":"SKIP","floor":31},{"not_picked":["sneckomod:DiceCrush","sneckomod:UnknownClassRED"],"picked":"sneckomod:TrashToTreasure+1","floor":32},{"not_picked":["sneckomod:Unknown0Cost","sneckomod:Rotation"],"picked":"sneckomod:Unknown3Cost","floor":32}],"player_experience":439032,"relics_obtained":[{"floor":2,"key":"Art of War"},{"floor":6,"key":"conspire:Flyswatter"},{"floor":7,"key":"HornCleat"},{"floor":10,"key":"Matryoshka"},{"floor":17,"key":"Regal Pillow"},{"floor":17,"key":"InkBottle"},{"floor":17,"key":"Torii"},{"floor":24,"key":"Happy Flower"},{"floor":26,"key":"MealTicket"}],"event_choices":[{"damage_healed":0,"gold_gain":0,"player_choice":"Success","damage_taken":12,"relics_obtained":["Ornamental Fan"],"max_hp_gain":0,"max_hp_loss":0,"event_name":"Scrap Ooze","floor":3,"gold_loss":0},{"damage_healed":0,"gold_gain":0,"player_choice":"Donut","damage_taken":0,"max_hp_gain":5,"max_hp_loss":0,"event_name":"Big Fish","floor":13,"gold_loss":0},{"damage_healed":0,"gold_gain":0,"player_choice":"Ignored","damage_taken":0,"max_hp_gain":0,"max_hp_loss":0,"event_name":"Vampires","floor":19,"gold_loss":0},{"damage_healed":0,"gold_gain":0,"player_choice":"Upgraded","damage_taken":0,"max_hp_gain":0,"max_hp_loss":0,"event_name":"Upgrade Shrine","floor":20,"gold_loss":0,"cards_upgraded":["sneckomod:RainOfDice"]},{"cards_removed":["sneckomod:Strike"],"damage_healed":0,"gold_gain":0,"player_choice":"Card Removal","damage_taken":0,"max_hp_gain":0,"max_hp_loss":0,"event_name":"Wheel of Change","floor":30,"gold_loss":0}],"is_beta":false,"boss_relics":[{"not_picked":["conspire:SeveredTorchhead","Kintsugi"],"picked":"Replay:Grab Bag"},{"not_picked":["Replay:Wanted Poster","Busted Crown"],"picked":"Velvet Choker"},{"not_picked":["Cursed Key","ReplayTheSpireMod:Onyx Gauntlets"],"picked":"conspire:RoyalGoblet"},{"not_picked":["Replay:Drink Me","expansioncontent:StudyCardRelic"],"picked":"Ring of Chaos"},{"not_picked":["Astrolabe","conspire:RunicOctahedron"],"picked":"Calling Bell"}],"items_purged_floors":[12],"is_endless":false,"potions_floor_spawned":[2,6,9,22,25,26],"killed_by":"downfall:Silent","ascension_level":2}}