{"host":"icrrc9b69c1a6188","time":1608403131,"event":{"mods":["Act Like it!","BaseMod","Bestiary","Better Altar","Better Match","Better Note","Better Sensory Stone","Better Skull","Better Third Choice","Block Reminder","Colored Map","Colored Powertips","Curses Come First","Displayed Cursed Tome","Faster Ascension Climbing","HexUI Lib","Jorbs\u0027s Wanderer Trilogy","Minty Spire (QoL Compilation)","Quick Restart","RNG Fix","Random Character Mod","Rare Cards Sparkle","Spicy Shops","StSLib","Unceasing Turn Reminder"],"gold_per_floor":[119,119,134,134,50,82,82,105,105,134,150,42,71,71,71,153,153,175,191,212,212,51,383,383,416,441,453,478,508,520,547,559,655,667,693,726,46,46,46,46,79,79,79,101,106,119,168,192,192,197,202,202],"floor_reached":51,"playtime":3965,"items_purged":["stsjorbsmod:Strike_Wanderer"],"score":1659,"play_id":"311dc8aa-bd32-4093-9ac4-3dd0e293358c","local_time":"20201219123851","is_ascension_mode":true,"campfire_choices":[{"data":"stsjorbsmod:FranticSearch","floor":7,"key":"SMITH"},{"data":"stsjorbsmod:ArcaneForm","floor":15,"key":"SMITH"},{"data":"stsjorbsmod:RayOfFrost","floor":24,"key":"SMITH"},{"data":"stsjorbsmod:DeathThroes","floor":27,"key":"SMITH"},{"data":"stsjorbsmod:OldPocket","floor":30,"key":"SMITH"},{"data":"stsjorbsmod:TrueStrike","floor":32,"key":"SMITH"},{"floor":40,"key":"RECALL"},{"data":"stsjorbsmod:Feast","floor":42,"key":"SMITH"},{"data":"stsjorbsmod:Fireball","floor":49,"key":"SMITH"}],"circlet_count":0,"master_deck":["AscendersBane","stsjorbsmod:ForbiddenGrimoire+1","stsjorbsmod:Strike_Wanderer","stsjorbsmod:Defend_Wanderer","stsjorbsmod:Defend_Wanderer","stsjorbsmod:Defend_Wanderer","stsjorbsmod:Defend_Wanderer","stsjorbsmod:FreshAdventure+1","stsjorbsmod:EyeOfTheStorm","stsjorbsmod:Patron","stsjorbsmod:TrueStrike+1","stsjorbsmod:FranticSearch+1","stsjorbsmod:FaerieFire","stsjorbsmod:SchoolsOfMagic","stsjorbsmod:SmithingStrike","stsjorbsmod:OldPocket+1","stsjorbsmod:Message","stsjorbsmod:Firebolt","stsjorbsmod:Hibernate","stsjorbsmod:ArcaneForm+1","stsjorbsmod:DeathThroes+1","stsjorbsmod:RayOfFrost+1","stsjorbsmod:Mania","stsjorbsmod:Firebolt+1","stsjorbsmod:IvoryTower","stsjorbsmod:TrueStrike+1","stsjorbsmod:SiphonEnergy","stsjorbsmod:Message","stsjorbsmod:Fireball+1","stsjorbsmod:Prestidigitation","Panache","stsjorbsmod:Feast+1","stsjorbsmod:Materialize+1","stsjorbsmod:DisguiseSelf+1"],"relics":["stsjorbsmod:GrimoireRelic","NeowsBlessing","Happy Flower","Anchor","Ice Cream","Pen Nib","Potion Belt","Snecko Eye","Old Coin","Art of War","MawBank","Empty Cage","Mummified Hand","Meat on the Bone","Blood Vial"],"acts_visited":["Exordium","TheCity","TheBeyond"],"potions_floor_usage":[20,23,23,23,25,25,28,29,31,33,41,45,47,47,50],"damage_taken":[{"damage":0,"enemies":"2 Louse","floor":1,"turns":1},{"damage":0,"enemies":"Cultist","floor":3,"turns":2},{"damage":0,"enemies":"Gremlin Nob","floor":6,"turns":1},{"damage":0,"enemies":"Jaw Worm","floor":8,"turns":5},{"damage":28,"enemies":"Lagavulin","floor":10,"turns":5},{"damage":24,"enemies":"Large Slime","floor":11,"turns":6},{"damage":11,"enemies":"Gremlin Nob","floor":13,"turns":3},{"damage":23,"enemies":"The Guardian","floor":16,"turns":8},{"damage":0,"enemies":"Shell Parasite","floor":18,"turns":3},{"damage":0,"enemies":"2 Thieves","floor":19,"turns":2},{"damage":1,"enemies":"Snake Plant","floor":20,"turns":4},{"damage":0,"enemies":"Slavers","floor":23,"turns":2},{"damage":1,"enemies":"Book of Stabbing","floor":25,"turns":4},{"damage":5,"enemies":"Shelled Parasite and Fungi","floor":28,"turns":2},{"damage":4,"enemies":"3 Cultists","floor":29,"turns":3},{"damage":10,"enemies":"Centurion and Healer","floor":31,"turns":4},{"damage":13,"enemies":"Collector","floor":33,"turns":5},{"damage":0,"enemies":"Orb Walker","floor":35,"turns":2},{"damage":0,"enemies":"3 Shapes","floor":36,"turns":2},{"damage":0,"enemies":"Reptomancer","floor":41,"turns":3},{"damage":0,"enemies":"Maw","floor":44,"turns":4},{"damage":0,"enemies":"Spire Growth","floor":45,"turns":2},{"damage":0,"enemies":"Jaw Worm Horde","floor":46,"turns":2},{"damage":5,"enemies":"Giant Head","floor":47,"turns":4},{"damage":1,"enemies":"Writhing Mass","floor":48,"turns":3},{"damage":51,"enemies":"Awakened One","floor":50,"turns":6},{"damage":53,"enemies":"Time Eater","floor":51,"turns":7}],"seed_played":"-2775156250330148006","potions_obtained":[{"floor":6,"key":"Dexterity Potion"},{"floor":8,"key":"Dexterity Potion"},{"floor":16,"key":"EntropicBrew"},{"floor":23,"key":"Dexterity Potion"},{"floor":28,"key":"ColorlessPotion"},{"floor":29,"key":"EssenceOfSteel"},{"floor":31,"key":"SmokeBomb"},{"floor":33,"key":"GamblersBrew"},{"floor":36,"key":"Energy Potion"},{"floor":41,"key":"Strength Potion"},{"floor":47,"key":"Explosive Potion"}],"is_trial":false,"path_per_floor":["M","?","M","?","$","E","R","M","T","E","M","$","E","?","R","B",null,"M","M","M","?","$","E","R","E","T","R","M","M","R","M","R","B",null,"M","M","$","$","?","R","E","R","T","M","M","M","E","M","R","B","B"],"character_chosen":"WANDERER","items_purchased":["stsjorbsmod:FaerieFire","stsjorbsmod:Firebolt","stsjorbsmod:Hibernate","stsjorbsmod:IvoryTower","Mummified Hand","stsjorbsmod:Prestidigitation","Panache"],"campfire_rested":0,"item_purchase_floors":[5,12,12,22,37,37,37],"current_hp_per_floor":[59,59,62,62,62,63,63,66,66,40,19,19,10,26,26,3,50,54,58,62,62,62,66,66,66,66,66,63,64,64,60,60,56,61,63,63,63,63,60,60,60,60,60,62,62,62,62,62,62,32,0,0],"gold":202,"neow_bonus":"THREE_ENEMY_KILL","is_daily":false,"chose_seed":false,"campfire_upgraded":8,"win_rate":0.0,"timestamp":1608403131,"path_taken":["M","?","M","?","$","E","R","M","T","E","?","$","E","?","R","BOSS","M","?","M","?","$","E","R","E","T","R","M","?","R","M","R","BOSS","M","M","?","$","?","R","E","R","T","M","M","M","E","M","R","BOSS","BOSS"],"items_purchased_type":["Card","Card","Card","Card","Relic","Card","Card"],"build_version":"2020-12-13","purchased_purges":1,"victory":false,"max_hp_per_floor":[64,64,66,66,66,66,66,66,66,66,66,66,66,66,66,66,66,66,66,66,66,66,66,66,66,66,66,66,66,66,66,66,66,63,63,63,63,63,60,60,60,60,60,62,62,62,62,62,62,64,64,64],"card_choices":[{"not_picked":["stsjorbsmod:UnseenServant","stsjorbsmod:WeightOfMemory"],"picked":"stsjorbsmod:Patron","floor":1},{"not_picked":["stsjorbsmod:Will","stsjorbsmod:Introspection"],"picked":"stsjorbsmod:FranticSearch","floor":3},{"not_picked":["stsjorbsmod:Hibernate","stsjorbsmod:Firebolt"],"picked":"stsjorbsmod:SchoolsOfMagic","floor":6},{"not_picked":["stsjorbsmod:TrueStrike","stsjorbsmod:Prestidigitation"],"picked":"stsjorbsmod:SmithingStrike","floor":8},{"not_picked":["stsjorbsmod:HedgeWizard","stsjorbsmod:DoubleCheck"],"picked":"stsjorbsmod:OldPocket","floor":10},{"not_picked":["stsjorbsmod:Index","stsjorbsmod:ChatteringStrike"],"picked":"stsjorbsmod:Message","floor":11},{"not_picked":["stsjorbsmod:MagicMissiles","stsjorbsmod:DoubleCheck"],"picked":"stsjorbsmod:ArcaneForm","floor":13},{"not_picked":["stsjorbsmod:Entangle","stsjorbsmod:MirrorImage"],"picked":"stsjorbsmod:DeathThroes","floor":16},{"not_picked":["stsjorbsmod:OldPocket","stsjorbsmod:TollTheDead"],"picked":"stsjorbsmod:RayOfFrost","floor":18},{"not_picked":["stsjorbsmod:Hurt","stsjorbsmod:BurningFlask"],"picked":"stsjorbsmod:Mania","floor":19},{"not_picked":["stsjorbsmod:FracturedMind","stsjorbsmod:ChainLightning+1"],"picked":"stsjorbsmod:Firebolt+1","floor":20},{"not_picked":["stsjorbsmod:Trauma","stsjorbsmod:Hurt"],"picked":"stsjorbsmod:TrueStrike+1","floor":23},{"not_picked":["stsjorbsmod:ChatteringStrike","stsjorbsmod:MirrorImage"],"picked":"stsjorbsmod:SiphonEnergy","floor":25},{"not_picked":["stsjorbsmod:RefuseToForget","stsjorbsmod:WanderingMind","stsjorbsmod:Materialize"],"picked":"SKIP","floor":28},{"not_picked":["stsjorbsmod:Will","stsjorbsmod:BlackTentacles","stsjorbsmod:Index"],"picked":"SKIP","floor":29},{"not_picked":["stsjorbsmod:FaerieFire","stsjorbsmod:WanderingMind"],"picked":"stsjorbsmod:Message","floor":31},{"not_picked":["stsjorbsmod:Banish","stsjorbsmod:DeathThroes"],"picked":"stsjorbsmod:Fireball","floor":33},{"not_picked":["stsjorbsmod:RefuseToForget","stsjorbsmod:Hurt","stsjorbsmod:ArcaneWeapon+1"],"picked":"SKIP","floor":35},{"not_picked":["stsjorbsmod:TrueStrike","stsjorbsmod:ChainLightning","stsjorbsmod:Aid+1"],"picked":"SKIP","floor":36},{"not_picked":["stsjorbsmod:WeightOfMemory","stsjorbsmod:LocateObject+1"],"picked":"stsjorbsmod:Feast","floor":41},{"not_picked":["stsjorbsmod:DisguiseSelf","stsjorbsmod:RayOfFrost+1"],"picked":"stsjorbsmod:Materialize+1","floor":44},{"not_picked":["stsjorbsmod:Mania+1","stsjorbsmod:Channel+1","stsjorbsmod:Prepare+1"],"picked":"SKIP","floor":46},{"not_picked":["stsjorbsmod:Materialize","stsjorbsmod:Hibernate"],"picked":"stsjorbsmod:DisguiseSelf+1","floor":47},{"not_picked":["stsjorbsmod:SmithingStrike","stsjorbsmod:Hibernate","stsjorbsmod:PurgeMind"],"picked":"SKIP","floor":48}],"player_experience":710778,"relics_obtained":[{"floor":4,"key":"Happy Flower"},{"floor":6,"key":"Anchor"},{"floor":9,"key":"Ice Cream"},{"floor":10,"key":"Pen Nib"},{"floor":13,"key":"Potion Belt"},{"floor":23,"key":"Old Coin"},{"floor":25,"key":"Art of War"},{"floor":26,"key":"MawBank"},{"floor":41,"key":"Meat on the Bone"},{"floor":47,"key":"Blood Vial"}],"event_choices":[{"damage_healed":0,"gold_gain":0,"cards_transformed":["stsjorbsmod:Strike_Wanderer"],"player_choice":"Change","damage_taken":0,"max_hp_gain":0,"max_hp_loss":0,"event_name":"Living Wall","floor":2,"gold_loss":0,"cards_obtained":["stsjorbsmod:TrueStrike"]},{"damage_healed":0,"gold_gain":0,"player_choice":"Relic","damage_taken":0,"max_hp_gain":0,"max_hp_loss":0,"event_name":"Wheel of Change","floor":4,"gold_loss":0},{"damage_healed":16,"gold_gain":0,"player_choice":"Healed and dodged fight","damage_taken":0,"max_hp_gain":0,"max_hp_loss":0,"event_name":"Mushrooms","floor":14,"gold_loss":0,"cards_obtained":["Parasite"]},{"cards_removed":["stsjorbsmod:DeathThroes"],"damage_healed":0,"gold_gain":0,"player_choice":"Give","damage_taken":0,"max_hp_gain":0,"max_hp_loss":0,"event_name":"betterNote:BetterNote","floor":21,"gold_loss":0,"cards_obtained":["None"]},{"damage_healed":0,"gold_gain":0,"player_choice":"Max HP","damage_taken":0,"max_hp_gain":0,"max_hp_loss":3,"event_name":"Winding Halls","floor":39,"gold_loss":0}],"is_beta":false,"boss_relics":[{"not_picked":["SlaversCollar","SacredBark"],"picked":"Snecko Eye"},{"not_picked":["Black Star","Sozu"],"picked":"Empty Cage"}],"items_purged_floors":[37],"is_endless":false,"potions_floor_spawned":[6,8,16,23,28,29,31,33,36,41,45,47],"killed_by":"Time Eater","ascension_level":20}}