{"host":"lgr0ufi017x11auv","time":1608385724,"event":{"mods":["AchievementEnabler","BaseMod","Better Match","Better Third Choice","BetterRewards","Colored Map","Colored Powertips","Downfall","Hubris","Infinite Spire","Minty Spire (QoL Compilation)","Permanent Neow","Quick Restart","Rare Cards Sparkle","Relic Stats","Replay The Spire","Shade Mod","Shop Mod","Spicy Shops","StSLib","The Blue Laboratory","The Death Knight","The Dragon Tamer","The Necromancer","vexMod"],"gold_per_floor":[0,15,34,34,34,60,60,60,77,77,148,170,170,187,203,209,209],"floor_reached":16,"playtime":480,"items_purged":[],"score":112,"play_id":"8b2bada2-4852-483e-a052-fab3e73e4c72","local_time":"20201219144844","is_ascension_mode":true,"campfire_choices":[{"data":"Shade:Strike_Shade","floor":1,"key":"PURGE"},{"data":"Shade:AnimateDead","floor":4,"key":"SMITH"},{"data":"Shade:CommandSoldier","floor":10,"key":"SMITH"}],"circlet_count":0,"master_deck":["Shade:Strike_Shade","Shade:Strike_Shade","Shade:Defend_Shade+1","Shade:Defend_Shade","Shade:Defend_Shade","Shade:AnimateDead+1","Shade:CarefulCut+1","Shade:Trample+1","Regret","Shade:CommandSoldier+1","Shade:GraveStillness","Shade:Coordination","Shade:WallOfFlesh","Shade:CoffinDance"],"relics":["Shade:YorickSkull","hubris:Icosahedron","ReplayTheSpireMod:Lightbulb","infinitespire:Midas Blood","Letter Opener","Lantern"],"acts_visited":["Exordium"],"potions_floor_usage":[12,12,12,14,14,16,16],"damage_taken":[{"damage":1,"enemies":"2 Louse","floor":2,"turns":2},{"damage":0,"enemies":"Jaw Worm","floor":3,"turns":3},{"damage":14,"enemies":"Replay:BlueRogue","floor":6,"turns":5},{"damage":0,"enemies":"infinitespire:Voidling","floor":9,"turns":3},{"damage":2,"enemies":"Exordium Wildlife","floor":12,"turns":2},{"damage":0,"enemies":"Blue Slaver","floor":14,"turns":1},{"damage":2,"enemies":"Exordium Wildlife","floor":15,"turns":4},{"damage":12,"enemies":"downfall:Defect","floor":16,"turns":6}],"seed_played":"535884535469235531","potions_obtained":[{"floor":3,"key":"blueLaboratory:Moonshine"},{"floor":9,"key":"AttackPotion"},{"floor":11,"key":"EntropicBrew"},{"floor":12,"key":"SkillPotion"},{"floor":14,"key":"Death Potion"},{"floor":15,"key":"Dexterity Potion"}],"is_trial":false,"path_per_floor":["R_BF","M","M","R","?","E","T","?","M","R","?","M","$","M","M","B"],"character_chosen":"SHADE","items_purchased":["Lantern"],"campfire_rested":0,"item_purchase_floors":[13],"current_hp_per_floor":[65,64,64,64,64,50,50,50,50,50,24,22,12,12,10,0,0],"gold":209,"neow_bonus":"REMOVE_TWO","is_daily":false,"chose_seed":false,"campfire_upgraded":2,"win_rate":0.0,"timestamp":1608385724,"path_taken":["R_BF","M","M","R","?","E","T","?","M","R","?","M","?","M","M","BOSS"],"items_purchased_type":["Relic"],"build_version":"2020-12-13","purchased_purges":0,"victory":false,"max_hp_per_floor":[65,65,65,65,65,65,65,65,65,65,65,65,65,65,65,65,65],"relic_stats":{"counters":[8,26],"Letter Opener":[10],"obtain_stats":[{"Lantern":13,"hubris:Icosahedron":5,"Shade:YorickSkull":0,"Letter Opener":11,"ReplayTheSpireMod:Lightbulb":6,"infinitespire:Midas Blood":7},{"Lantern":5,"hubris:Icosahedron":2,"Shade:YorickSkull":0,"Letter Opener":4,"ReplayTheSpireMod:Lightbulb":3,"infinitespire:Midas Blood":3},{"Lantern":15,"hubris:Icosahedron":5,"Shade:YorickSkull":0,"Letter Opener":13,"ReplayTheSpireMod:Lightbulb":10,"infinitespire:Midas Blood":10}]},"card_choices":[{"not_picked":["Shade:RavenousHorde","Shade:GreyBargain","Shade:ClawBack"],"picked":"SKIP","floor":2},{"not_picked":["Shade:FeralStrike","Shade:CoffinDance"],"picked":"Shade:Trample","floor":3},{"not_picked":["Shade:Tombstone","Shade:Frenzy","Shade:RitualOffering"],"picked":"SKIP","floor":6},{"not_picked":["Shade:ExtraLimbs","Shade:SkeletonHug"],"picked":"Shade:CommandSoldier","floor":9},{"not_picked":["Shade:OpenGraves","Shade:PotionOfRestlessness"],"picked":"Shade:GraveStillness","floor":11},{"not_picked":["Shade:Frenzy","Shade:PoundOfFlesh"],"picked":"Shade:Coordination","floor":12},{"not_picked":["Shade:FreshBones","Shade:BoneShards"],"picked":"Shade:WallOfFlesh","floor":14},{"not_picked":["Shade:FuneraryArmor","Shade:FleshOffering"],"picked":"Shade:CoffinDance","floor":15}],"player_experience":267903,"relics_obtained":[{"floor":6,"key":"ReplayTheSpireMod:Lightbulb"},{"floor":7,"key":"infinitespire:Midas Blood"},{"floor":11,"key":"Letter Opener"}],"event_choices":[],"is_beta":false,"boss_relics":[],"items_purged_floors":[],"is_endless":false,"potions_floor_spawned":[3,9,12,14,15],"killed_by":"downfall:Defect","ascension_level":2}}