{"host":"0cm5wy4nhuju7tij","time":1608366220,"event":{"mods":["2.2 Compatiblity","AchievementEnabler","BaseMod","Better Third Choice","BetterRewards","Colored Powertips","Curses Come First","Custom Start","Displayed Cursed Tome","Downfall","Energized Spire","Filter the Spire","Fireblade Mod","Highlight Path","Minty Spire (QoL Compilation)","Permanent Neow","Railgun Mod","Robot Space Explorer","Shop Mod","Spicy Shops","StSLib","The Mystic","The Servant 0.9.4"],"gold_per_floor":[109,120,120,195,208,208,64,78,78,7,7,38,38,38,38,38,38],"floor_reached":16,"playtime":780,"items_purged":["RobotSpaceExplorer:Defend"],"score":98,"play_id":"1b254038-7044-4858-97eb-79996d5388be","local_time":"20201219032340","is_ascension_mode":false,"campfire_choices":[{"floor":6.0,"key":"REST"},{"floor":11.0,"key":"REST"},{"floor":13.0,"key":"REST"},{"floor":15,"key":"REST"}],"circlet_count":0,"master_deck":["RobotSpaceExplorer:Strike","RobotSpaceExplorer:Strike","RobotSpaceExplorer:Strike","RobotSpaceExplorer:Defend","RobotSpaceExplorer:Defend","RobotSpaceExplorer:Defend","RobotSpaceExplorer:Scan","RobotSpaceExplorer:MiniLasers","RobotSpaceExplorer:IronShell","RobotSpaceExplorer:TurboDodge","RobotSpaceExplorer:Pulsar","Creative AI","Envenom+1","RobotSpaceExplorer:MetalStrike","RobotSpaceExplorer:Calculate","RobotSpaceExplorer:Discharger","RobotSpaceExplorer:StarLightning","RobotSpaceExplorer:PowerCollector+1"],"relics":["RobotSpaceExplorer:RoboCore","Shuriken","Darkstone Periapt","Sundial","Frozen Egg 2"],"acts_visited":["Exordium"],"potions_floor_usage":[16],"damage_taken":[{"damage":1.0,"enemies":"Jaw Worm","floor":1.0,"turns":5.0},{"damage":0.0,"enemies":"2 Louse","floor":2.0,"turns":3.0},{"damage":20.0,"enemies":"Cultist","floor":5.0,"turns":10.0},{"damage":9.0,"enemies":"Large Slime","floor":8.0,"turns":10.0},{"damage":32.0,"enemies":"Gremlin Nob","floor":12.0,"turns":6.0},{"damage":54,"enemies":"Slime Boss","floor":16,"turns":6}],"seed_played":"2224128268598181698","potions_obtained":[{"floor":1.0,"key":"RobotSpaceExplorer:RecyclePotion"},{"floor":12.0,"key":"champ:CounterPotion"}],"is_trial":false,"path_per_floor":["M","M","?","?","M","R","$","M","T","$","R","E","R","?","R","B"],"character_chosen":"RobotSpaceExplorer","items_purchased":["RobotSpaceExplorer:Calculate","RobotSpaceExplorer:StarLightning"],"campfire_rested":4,"item_purchase_floors":[7,10],"current_hp_per_floor":[74,74,38,27,7,29,29,20,20,20,42,10,32,32,54,0,0],"gold":38,"neow_bonus":"TRANSFORM_CARD","is_daily":false,"chose_seed":false,"campfire_upgraded":0,"win_rate":0.0,"timestamp":1608366220,"path_taken":["M","M","?","?","M","R","$","?","T","?","R","E","R","?","R","BOSS"],"items_purchased_type":["Card","Card"],"build_version":"2020-12-13","purchased_purges":1,"victory":false,"max_hp_per_floor":[75,75,75,75,75,75,75,75,75,75,75,75,75,75,75,75,75],"card_choices":[{"not_picked":["RobotSpaceExplorer:Reload","RobotSpaceExplorer:FranticSearch"],"picked":"RobotSpaceExplorer:TurboDodge","floor":1.0},{"not_picked":["RobotSpaceExplorer:FreezingShield","RobotSpaceExplorer:BigMissile"],"picked":"RobotSpaceExplorer:Pulsar","floor":2.0},{"not_picked":["RobotSpaceExplorer:Discharger","RobotSpaceExplorer:ShovelStrike"],"picked":"RobotSpaceExplorer:MetalStrike","floor":5.0},{"not_picked":["RobotSpaceExplorer:Counterblock","RobotSpaceExplorer:Probe"],"picked":"RobotSpaceExplorer:Discharger","floor":8.0},{"not_picked":["RobotSpaceExplorer:SelfCleaning","RobotSpaceExplorer:FranticSearch"],"picked":"RobotSpaceExplorer:PowerCollector+1","floor":12.0}],"player_experience":239760,"relics_obtained":[{"floor":9.0,"key":"Sundial"},{"floor":12.0,"key":"Frozen Egg 2"}],"event_choices":[{"damage_healed":0.0,"max_hp_gain":0.0,"max_hp_loss":0.0,"gold_gain":75.0,"event_name":"betterThird:BetterGoop","player_choice":"Gold","floor":4.0,"gold_loss":0.0,"damage_taken":11.0},{"damage_healed":0,"gold_gain":0,"player_choice":"Grow","damage_taken":0,"max_hp_gain":0,"max_hp_loss":0,"event_name":"Living Wall","floor":14,"gold_loss":0,"cards_upgraded":["Envenom"]}],"is_beta":false,"boss_relics":[],"items_purged_floors":[7],"is_endless":false,"potions_floor_spawned":[1,12],"killed_by":"Slime Boss","ascension_level":0}}