{"host":"zftkeu5v9gqs3wr3","time":1608401678,"event":{"mods":["AchievementEnabler","Act Like it!","Bard","BaseMod","CapriCore","Curses Come First","Elementarium","Gensokyo","Hermit","Hero for Fun","Jorbs\u0027s Wanderer Trilogy","Mad Scientist","Minty Spire (QoL Compilation)","Potionbrewer","Rare Cards Sparkle","Shade Mod","StSLib","The Cursed","The Immortal","The Runesmith","TheSwordswoman"],"gold_per_floor":[13,13,13,13,38,38,71,71,71,85,105,130,130,148,148,272,272,286,286,211,211,231,269,283,318,318,318,334,357,357,382,382,511,574,590,641,659,680,693,728,1061,1061,1061,1078,1090,1115,1128,1128,1128,1128],"floor_reached":51,"playtime":861,"items_purged":[],"score":1182,"play_id":"4dea629e-b927-462e-93f1-572e7e69904b","local_time":"20201219181438","is_ascension_mode":false,"campfire_choices":[{"data":"Toss_Stone","floor":6,"key":"SMITH"},{"data":"Strike_Y","floor":8,"key":"SMITH"},{"data":"Normal_Punch","floor":13,"key":"SMITH"},{"data":"Normal_Punch","floor":15,"key":"SMITH"},{"data":"Serious_Side_Hops","floor":30,"key":"SMITH"},{"data":"Normal_Punch","floor":32,"key":"SMITH"},{"data":"Consecutive_Normal_Punch","floor":49,"key":"SMITH"}],"circlet_count":0,"master_deck":["Strike_Y","Strike_Y","Strike_Y+1","Strike_Y","Strike_Y+1","Defend_Y","Normal_Punch+1","Hop","Toss_Stone+1","Normal_Punch+1","Normal_Punch+1","Hop+1","Side_Hop","Serious_Side_Hops+1","Normal_Punch+1","Terrifying_Presence","Consecutive_Normal_Punch+1","Slap+1","Normal_Punch+1","Ignore"],"relics":["Cape","InkBottle","Bird Faced Urn","Pantograph","potionbrewer:BhaskarasWheel","Juzu Bracelet","White Beast Statue","Pear","Tiny House","PreservedInsect","Gambling Chip","potionbrewer:SlideRule","Frozen Egg 2"],"acts_visited":["Exordium","TheCity","TheBeyond"],"potions_floor_usage":[28,28,28,39,50],"damage_taken":[{"damage":0,"enemies":"2 Louse","floor":1,"turns":1},{"damage":0,"enemies":"Jaw Worm","floor":5,"turns":1},{"damage":0,"enemies":"Lagavulin","floor":7,"turns":1},{"damage":0,"enemies":"Cultist","floor":10,"turns":1},{"damage":0,"enemies":"Red Slaver","floor":11,"turns":1},{"damage":0,"enemies":"Exordium Wildlife","floor":12,"turns":1},{"damage":0,"enemies":"Large Slime","floor":14,"turns":1},{"damage":0,"enemies":"The Guardian","floor":16,"turns":1},{"damage":0,"enemies":"3 Byrds","floor":18,"turns":2},{"damage":0,"enemies":"Chosen","floor":19,"turns":1},{"damage":0,"enemies":"3 Cultists","floor":22,"turns":1},{"damage":0,"enemies":"Gremlin Leader","floor":23,"turns":1},{"damage":0,"enemies":"Cultist and Chosen","floor":24,"turns":1},{"damage":0,"enemies":"Slavers","floor":25,"turns":1},{"damage":0,"enemies":"Chosen and Byrds","floor":28,"turns":1},{"damage":0,"enemies":"Snecko","floor":29,"turns":1},{"damage":0,"enemies":"Shelled Parasite and Fungi","floor":31,"turns":1},{"damage":0,"enemies":"Automaton","floor":33,"turns":1},{"damage":0,"enemies":"3 Darklings","floor":35,"turns":1},{"damage":0,"enemies":"Orb Walker","floor":37,"turns":1},{"damage":0,"enemies":"Transient","floor":38,"turns":5},{"damage":0,"enemies":"Maw","floor":39,"turns":1},{"damage":0,"enemies":"Giant Head","floor":40,"turns":1},{"damage":0,"enemies":"Spire Growth","floor":44,"turns":1},{"damage":0,"enemies":"Jaw Worm Horde","floor":45,"turns":1},{"damage":0,"enemies":"Reptomancer","floor":46,"turns":1},{"damage":0,"enemies":"3 Darklings","floor":47,"turns":1},{"damage":0,"enemies":"Spire Growth","floor":48,"turns":1},{"damage":0,"enemies":"Awakened One","floor":50,"turns":2}],"seed_played":"7149621138835067750","potions_obtained":[{"floor":1,"key":"Swift Potion"},{"floor":12,"key":"Block Potion"},{"floor":16,"key":"Ancient Potion"},{"floor":28,"key":"Strength Potion"},{"floor":29,"key":"SpeedPotion"},{"floor":31,"key":"potionbrewer:BarricadePotion"},{"floor":39,"key":"potionbrewer:BlacksmithPotion"},{"floor":40,"key":"Fire Potion"},{"floor":47,"key":"DistilledChaos"}],"is_trial":false,"path_per_floor":["M","?","?","?","M","R","E","R","T","M","M","M","R","M","R","B",null,"M","M","?","?","M","E","M","E","T","?","M","M","R","M","R","B",null,"M","T","M","M","M","E","?","?","T","M","M","E","M","M","R","B",null],"character_chosen":"OPM","items_purchased":[],"campfire_rested":0,"item_purchase_floors":[],"current_hp_per_floor":[999,999,999,999,999,999,999,999,999,999,999,999,999,999,999,999,999,999,999,999,999,999,999,999,999,1009,1009,1009,1009,1009,1009,1009,1009,1014,1014,1014,1014,1014,1014,1014,1014,1014,1014,1014,1014,1014,1014,1014,1014,1014],"gold":1128,"neow_bonus":"THREE_CARDS","is_daily":false,"chose_seed":false,"campfire_upgraded":7,"win_rate":0.0,"timestamp":1608401678,"path_taken":["M","?","?","?","M","R","E","R","T","M","?","M","R","M","R","BOSS","M","M","?","?","M","E","M","E","T","?","M","M","R","M","R","BOSS","M","?","M","M","M","E","?","?","T","M","M","E","M","M","R","BOSS"],"items_purchased_type":[],"build_version":"2020-12-13","purchased_purges":0,"victory":true,"max_hp_per_floor":[999,999,999,999,999,999,999,999,999,999,999,999,999,999,999,999,999,999,999,999,999,999,999,999,999,1009,1009,1009,1009,1009,1009,1009,1009,1014,1014,1014,1014,1014,1014,1014,1014,1014,1014,1014,1014,1014,1014,1014,1014,1014],"card_choices":[{"not_picked":["Hop","Yawn"],"picked":"Normal_Punch","floor":0},{"not_picked":["Do_Nothing","Ignore"],"picked":"Hop","floor":1},{"not_picked":["Ignore","Side_Hop"],"picked":"Toss_Stone","floor":5},{"not_picked":["Consecutive_Normal_Punch","Oh","Hop"],"picked":"SKIP","floor":7},{"not_picked":["Slap","Ignore"],"picked":"Normal_Punch","floor":10},{"not_picked":["Hop","Side_Hop"],"picked":"Normal_Punch","floor":11},{"not_picked":["Side_Hop","Do_Nothing"],"picked":"Hop","floor":12},{"not_picked":["Hop","Yawn"],"picked":"Side_Hop","floor":14},{"not_picked":["Oh","Terrifying_Presence"],"picked":"Serious_Side_Hops","floor":16},{"not_picked":["Normal_Punch","Do_Nothing","Hop"],"picked":"SKIP","floor":18},{"not_picked":["Hop+1","Wear_Disguise","Ignore"],"picked":"SKIP","floor":19},{"not_picked":["Hop","Ignore","Side_Hop"],"picked":"SKIP","floor":22},{"not_picked":["Ignore","Slap","Serious_Side_Hops"],"picked":"SKIP","floor":23},{"not_picked":["Side_Hop","Do_Nothing","Normal_Punch"],"picked":"SKIP","floor":24},{"not_picked":["Consecutive_Normal_Punch","Hop","Get_Hopes_Up"],"picked":"SKIP","floor":25},{"not_picked":["Side_Hop+1","Ignore+1","Normal_Punch"],"picked":"SKIP","floor":28},{"not_picked":["Do_Nothing","Slap","Consecutive_Normal_Punch"],"picked":"SKIP","floor":29},{"not_picked":["Slap","Consecutive_Normal_Punch"],"picked":"Normal_Punch","floor":31},{"not_picked":["Serious_Punch","Oh"],"picked":"Terrifying_Presence","floor":33},{"not_picked":["Do_Nothing+1","Ignore+1","Wear_Disguise"],"picked":"SKIP","floor":35},{"not_picked":["Ignore","Hop+1","Side_Hop+1"],"picked":"SKIP","floor":37},{"not_picked":["Get_Hopes_Up","Normal_Punch+1","Slap"],"picked":"SKIP","floor":38},{"not_picked":["Ignore+1","Side_Hop"],"picked":"Consecutive_Normal_Punch","floor":39},{"not_picked":["Do_Nothing+1","Get_Hopes_Up"],"picked":"Slap+1","floor":40},{"not_picked":["Wear_Disguise+1","Side_Hop+1"],"picked":"Normal_Punch+1","floor":44},{"not_picked":["Do_Nothing+1","Normal_Punch+1"],"picked":"Ignore","floor":45},{"not_picked":["Ignore","Normal_Punch","Hop+1"],"picked":"SKIP","floor":46},{"not_picked":["Wear_Disguise+1","Normal_Punch","Hop"],"picked":"SKIP","floor":47},{"not_picked":["Yawn","Wear_Disguise+1","Hop+1"],"picked":"SKIP","floor":48}],"player_experience":100189,"relics_obtained":[{"floor":7,"key":"Bird Faced Urn"},{"floor":9,"key":"Pantograph"},{"floor":23,"key":"Juzu Bracelet"},{"floor":25,"key":"White Beast Statue"},{"floor":26,"key":"Pear"},{"floor":36,"key":"PreservedInsect"},{"floor":40,"key":"Gambling Chip"},{"floor":43,"key":"potionbrewer:SlideRule"},{"floor":46,"key":"Frozen Egg 2"}],"event_choices":[{"damage_healed":0,"gold_gain":0,"player_choice":"Success","damage_taken":7,"relics_obtained":["InkBottle"],"max_hp_gain":0,"max_hp_loss":0,"event_name":"Scrap Ooze","floor":2,"gold_loss":0},{"damage_healed":0,"gold_gain":0,"player_choice":"Take Damage","damage_taken":249,"relics_obtained":["Golden Idol"],"max_hp_gain":0,"max_hp_loss":0,"event_name":"Golden Idol","floor":4,"gold_loss":0},{"cards_removed":["Defend_Y"],"damage_healed":0,"gold_gain":0,"player_choice":"Gave Gold","damage_taken":0,"max_hp_gain":0,"max_hp_loss":0,"event_name":"Beggar","floor":20,"gold_loss":75},{"cards_removed":["Defend_Y"],"damage_healed":0,"gold_gain":0,"player_choice":"Purged","damage_taken":0,"max_hp_gain":0,"max_hp_loss":0,"event_name":"Purifier","floor":21,"gold_loss":0},{"damage_healed":0,"gold_gain":0,"player_choice":"Ignored","damage_taken":0,"max_hp_gain":0,"max_hp_loss":0,"event_name":"Duplicator","floor":27,"gold_loss":0},{"damage_healed":0,"gold_gain":333,"player_choice":"Gave Idol","damage_taken":0,"max_hp_gain":0,"max_hp_loss":0,"event_name":"The Moai Head","floor":41,"relics_lost":["Golden Idol"],"gold_loss":0},{"cards_removed":["Defend_Y"],"damage_healed":0,"gold_gain":0,"player_choice":"Purged","damage_taken":0,"max_hp_gain":0,"max_hp_loss":0,"event_name":"Purifier","floor":42,"gold_loss":0}],"is_beta":false,"boss_relics":[{"not_picked":["Runic Dome","Coffee Dripper"],"picked":"potionbrewer:BhaskarasWheel"},{"not_picked":["Philosopher\u0027s Stone","Cursed Key"],"picked":"Tiny House"}],"items_purged_floors":[],"is_endless":false,"potions_floor_spawned":[1,12,16,23,24,28,29,31,33,35,37,38,39,40,44,45,46,47,48],"ascension_level":0}}