{"host":"e87rn453naquue3h","time":1608417710,"event":{"mods":["AchievementEnabler","BaseMod","Downfall","Minty Spire (QoL Compilation)","StSLib"],"gold_per_floor":[99,99,130,130,230,259,259,35,35,69,83,101,112,123,139,242,242,242,258,258,258,290,290,313,20,220,249,26,36,50,70,80,80,80],"floor_reached":33,"playtime":2848,"items_purged":[],"score":380,"play_id":"458b42fc-548e-4fdd-beb9-55668bc124b2","local_time":"20201219174150","is_ascension_mode":false,"campfire_choices":[{"data":"Guardian:TwinSlam","floor":1,"key":"SMITH"},{"data":"Guardian:CurlUp","floor":4,"key":"SMITH"},{"data":"Guardian:RevengeProtocol","floor":9,"key":"SMITH"},{"data":"Guardian:TimeBomb","floor":18,"key":"SMITH"},{"data":"Guardian:BaubleBeam","floor":21,"key":"SMITH"},{"data":"Guardian:Suspension","floor":23,"key":"SMITH"}],"circlet_count":0,"master_deck":["Guardian:Strike_Guardian","Guardian:Strike_Guardian","Guardian:Strike_Guardian","Guardian:Defend_Guardian","Guardian:Defend_Guardian","Guardian:CurlUp+1","Guardian:TwinSlam+1","Guardian:Suspension+1","Guardian:RevengeProtocol+1","Guardian:ShieldCharger","Guardian:BaubleBeam+1","Guardian:SpikerProtocol+1","Guardian:TimeBomb+1","Guardian:RevengeProtocol+1","Guardian:Gem_White","hexamod:Haunted","Guardian:ShieldSpikes+1","Guardian:PrismaticBeam","Guardian:Gem_Cyan","Guardian:Gem_White","Guardian:TemporalShield+1","Guardian:Gem_Red"],"relics":["Guardian:ModeShifter","downfall:HeartsMalice","InkBottle","Ice Cream","The Courier","Frozen Egg 2","Strawberry","Empty Cage","Lantern","MawBank","Guardian:PickAxe","Potion Belt","Shovel","Gremlin Horn"],"acts_visited":["Exordium","TheCity"],"potions_floor_usage":[15,22,22,28],"damage_taken":[{"damage":0,"enemies":"Cultist","floor":2,"turns":1},{"damage":0,"enemies":"Lagavulin","floor":3,"turns":1},{"damage":0,"enemies":"Gremlin Nob","floor":6,"turns":1},{"damage":0,"enemies":"downfall:FleeingMerchant","floor":8,"turns":4},{"damage":0,"enemies":"Lagavulin","floor":10,"turns":6},{"damage":0,"enemies":"Small Slimes","floor":11,"turns":4},{"damage":6,"enemies":"Jaw Worm","floor":12,"turns":4},{"damage":15,"enemies":"Exordium Thugs","floor":13,"turns":4},{"damage":1,"enemies":"Large Slime","floor":14,"turns":6},{"damage":13,"enemies":"Gremlin Gang","floor":15,"turns":5},{"damage":19,"enemies":"downfall:Silent","floor":16,"turns":7},{"damage":6,"enemies":"Spheric Guardian","floor":19,"turns":5},{"damage":30,"enemies":"Slavers","floor":22,"turns":5},{"damage":9,"enemies":"downfall:FleeingMerchant","floor":25,"turns":4},{"damage":24,"enemies":"Gremlin Leader","floor":27,"turns":5},{"damage":3,"enemies":"downfall:FleeingMerchant","floor":28,"turns":4},{"damage":0,"enemies":"3 Cultists","floor":29,"turns":5},{"damage":3,"enemies":"Centurion and Healer","floor":30,"turns":8},{"damage":0,"enemies":"Chosen and Byrds","floor":31,"turns":4},{"damage":0,"enemies":"Sentry and Sphere","floor":32,"turns":4},{"damage":20,"enemies":"downfall:Watcher","floor":33,"turns":4}],"seed_played":"8790034176218823052","potions_obtained":[{"floor":3,"key":"Guardian:DefensiveModePotion"},{"floor":10,"key":"hexamod:EctoCoolerPotion"},{"floor":11,"key":"Block Potion"},{"floor":15,"key":"Weak Potion"},{"floor":27,"key":"PowerPotion"},{"floor":29,"key":"Energy Potion"},{"floor":32,"key":"BlessingOfTheForge"}],"is_trial":false,"path_per_floor":["R","M","E","R","?","E","T","$","R","E","M","M","M","M","M","B",null,"R","M","?","R","E","R","T","$","?","E","$","M","M","M","M","B"],"character_chosen":"GUARDIAN","items_purchased":["Frozen Egg 2","Guardian:PickAxe","Potion Belt","Guardian:Gem_White","Gremlin Horn"],"campfire_rested":0,"item_purchase_floors":[8,25,25,25,28],"current_hp_per_floor":[80,80,80,80,80,80,80,80,80,87,87,81,66,65,52,33,87,87,81,81,81,51,51,51,42,42,18,15,15,12,12,12,0,0],"gold":80,"neow_bonus":"THREE_ENEMY_KILL","is_daily":false,"chose_seed":false,"campfire_upgraded":6,"win_rate":0.0,"timestamp":1608417710,"path_taken":["R","M","E","R","?","E","T","$","R","E","M","M","M","M","M","BOSS","R","M","?","R","E","R","T","$","?","E","?","M","M","M","M","BOSS"],"items_purchased_type":["Relic","Relic","Relic","Card","Relic"],"build_version":"2020-12-13","purchased_purges":0,"victory":false,"max_hp_per_floor":[80,80,80,80,80,80,80,80,80,87,87,87,87,87,87,87,87,87,87,87,87,87,87,87,87,87,87,87,87,87,87,87,87,87],"card_choices":[{"not_picked":["Guardian:Gem_Cyan","Guardian:TemporalStrike"],"picked":"Guardian:Suspension","floor":2},{"not_picked":["Guardian:WalkerClaw","Guardian:SentryBeam"],"picked":"Guardian:Gem_Lightblue","floor":3},{"not_picked":["Guardian:ArmoredProtocol","Guardian:PolyBeam"],"picked":"Guardian:RevengeProtocol","floor":6},{"not_picked":["Guardian:ConstructionForm","Guardian:Planning"],"picked":"Guardian:ShieldCharger","floor":8},{"not_picked":["Guardian:Gem_Crimson","Guardian:Recover"],"picked":"Guardian:BaubleBeam","floor":10},{"not_picked":["Guardian:VentSteam","Guardian:Gem_Cyan","Guardian:ChargeCore"],"picked":"SKIP","floor":11},{"not_picked":["Guardian:PiercingHide","Guardian:Recover"],"picked":"Guardian:SpikerProtocol+1","floor":12},{"not_picked":["Guardian:Gem_Red","Guardian:ExploitGems"],"picked":"Guardian:TimeBomb","floor":13},{"not_picked":["Guardian:Reroute","Guardian:Clone","Guardian:Recover"],"picked":"SKIP","floor":14},{"not_picked":["Guardian:RollAttack","Guardian:PrimingBeam","Guardian:RefractedBeam"],"picked":"SKIP","floor":15},{"not_picked":["Guardian:SphericShield","Guardian:StasisField"],"picked":"Guardian:RevengeProtocol+1","floor":16},{"not_picked":["Guardian:Gem_Green","Guardian:ShieldCharger","Guardian:ArmoredProtocol+1"],"picked":"SKIP","floor":19},{"not_picked":["Guardian:PiercingHide","Guardian:VentSteam+1","Guardian:HyperBeam_Guardian"],"picked":"SKIP","floor":22},{"not_picked":["Guardian:Gem_Cyan","Guardian:ChargeCore","Guardian:Gem_Lightblue"],"picked":"SKIP","floor":25},{"not_picked":["Guardian:CrystalBeam","Guardian:Recover"],"picked":"Guardian:ShieldSpikes+1","floor":27},{"not_picked":["Guardian:PiercingHide","Guardian:FastForward"],"picked":"Guardian:PrismaticBeam","floor":28},{"not_picked":["Guardian:PrismaticBeam","Guardian:TemporalStrike"],"picked":"Guardian:Gem_Cyan","floor":29},{"not_picked":["Guardian:Repulse+1","Guardian:PiercingHide+1"],"picked":"Guardian:Gem_White","floor":30},{"not_picked":["Guardian:ShieldCharger","Guardian:RollAttack"],"picked":"Guardian:TemporalShield+1","floor":31},{"not_picked":["Guardian:CrystalBeam","Guardian:Suspension"],"picked":"Guardian:Gem_Red","floor":32}],"player_experience":2316515,"relics_obtained":[{"floor":3,"key":"InkBottle"},{"floor":6,"key":"Ice Cream"},{"floor":7,"key":"The Courier"},{"floor":10,"key":"Strawberry"},{"floor":22,"key":"Lantern"},{"floor":24,"key":"MawBank"},{"floor":27,"key":"Shovel"}],"event_choices":[],"is_beta":false,"boss_relics":[{"not_picked":["Velvet Choker","Guardian:ModeShifterPlus"],"picked":"Empty Cage"}],"items_purged_floors":[],"is_endless":false,"potions_floor_spawned":[3,10,11,12,15,27,29,32],"killed_by":"downfall:Watcher","ascension_level":0}}