{"host":"i2ku91d5mi282ys8","time":1608394603,"event":{"mods":["AchievementEnabler","Act Like it!","Aspiration","BaseMod","Better Match","Better Note","Better Skull","Better Third Choice","Block Reminder","CatGirl Mod","Colored Map","Colored Powertips","DeckTracker","Defuse TimeMaze Blight","Displayed Cursed Tome","GifTheSpireLib","Googly Eyes","Highlight Path","Lobotomy","LobotomyExtend","Minty Spire (QoL Compilation)","Permanent Neow","Quick Restart","RNG Fix","Random Character Button","Rare Cards Sparkle","Relic Sorter","StSLib","The IronCluck","Uncapped","Unceasing Turn Reminder","Waifu the Spire","everything is the same but u backflip on backflip"],"gold_per_floor":[111,30,30,55,81,93,105,150,162,174,212,242,254,299,311,428,440,463,475,487,517,547,559,598,610,668,680,707,719,719],"floor_reached":29,"playtime":2218,"items_purged":[],"score":300,"play_id":"b11f02a4-c508-451c-a8e9-10c5916c471f","local_time":"20201219111643","is_ascension_mode":true,"campfire_choices":[{"floor":15,"key":"REST"},{"floor":23,"key":"REST"}],"circlet_count":0,"master_deck":["SpecialBullet","SpecialBullet","SpecialBullet","SpecialBullet","SpecialBullet","SpecialBullet","SpecialBullet","SpecialBullet","InformationCode","ControlCode","CentralCode","Soda","Bandage Up","Regret","Soda","Scorched","Moonlight","ScreamingWedge","MeatLantern","RapturousDream","Twilight","SpecialBullet","ShyLook","SpecialBullet","Soda+1","SpecialBullet","SpecialBullet","WelfareCode"],"relics":["CogitoBucket","aspiration:Nostalgia","Ring of the Snake","LetterFromLob","MawBank","Oddly Smooth Stone","Letter Opener","AdjustmentMirror","HornCleat","Bag of Marbles","aspiration:SecretTechniqueScroll","betterThird:NestCultRelic","AspirationHeart","aspiration:ChemicalBlood","Ancient Tea Set"],"acts_visited":["Exordium","TheCity"],"potions_floor_usage":[14,14],"damage_taken":[{"damage":0,"enemies":"Small Slimes","floor":1,"turns":2},{"damage":12,"enemies":"Jaw Worm","floor":4,"turns":2},{"damage":7,"enemies":"2 Louse","floor":5,"turns":2},{"damage":36,"enemies":"Gremlin Nob","floor":8,"turns":4},{"damage":37,"enemies":"Lagavulin","floor":11,"turns":6},{"damage":0,"enemies":"Lots of Slimes","floor":12,"turns":1},{"damage":1,"enemies":"Gremlin Nob","floor":14,"turns":4},{"damage":24,"enemies":"Hexaghost","floor":16,"turns":16},{"damage":0,"enemies":"Shell Parasite","floor":18,"turns":3},{"damage":27,"enemies":"Spheric Guardian","floor":21,"turns":5},{"damage":56,"enemies":"Cultist and Chosen","floor":22,"turns":5},{"damage":25,"enemies":"Book of Stabbing","floor":24,"turns":7},{"damage":0,"enemies":"Snake Plant","floor":28,"turns":5},{"damage":47,"enemies":"Slavers","floor":29,"turns":2}],"seed_played":"-3048043322518412950","potions_obtained":[{"floor":1,"key":"SkillPotion"},{"floor":4,"key":"Block Potion"}],"is_trial":false,"path_per_floor":["M","$","?","M","M","R","M","E","T","R","E","M","T","E","R","B",null,"M","?","?","M","M","R","E","R","T","R","M","E"],"character_chosen":"Angela","items_purchased":["Bandage Up"],"campfire_rested":2,"item_purchase_floors":[2],"current_hp_per_floor":[70,70,70,59,58,58,58,28,28,28,3,3,3,14,35,41,70,70,70,70,55,18,42,28,28,28,28,38,0,0],"gold":719,"neow_bonus":"NOSTALGIA","is_daily":false,"chose_seed":false,"campfire_upgraded":0,"win_rate":0.0,"timestamp":1608394603,"path_taken":["M","?","?","M","?","R","M","E","T","R","E","M","?","E","R","BOSS","M","?","?","?","M","R","E","R","T","R","M","E"],"items_purchased_type":["Card"],"build_version":"2020-12-13","purchased_purges":0,"victory":false,"max_hp_per_floor":[70,70,70,70,70,70,70,70,70,70,70,70,70,70,70,70,70,70,70,70,70,80,80,80,80,80,80,80,80,80],"card_choices":[{"not_picked":["WristCuter"],"picked":"Soda","floor":1},{"not_picked":["Diffraction"],"picked":"Soda","floor":4},{"not_picked":["QueenOfHatred","Bloodbath"],"picked":"Scorched","floor":5},{"not_picked":["FourthMatchFlame"],"picked":"Moonlight","floor":5},{"not_picked":["Regret_ego"],"picked":"ScreamingWedge","floor":8},{"not_picked":["PunishingBird","Funeral"],"picked":"MeatLantern","floor":11},{"not_picked":["Tough"],"picked":"RapturousDream","floor":11},{"not_picked":["Pleasure","SwordSharpenedByTears"],"picked":"SKIP","floor":12},{"not_picked":["CherryBlossom","Loneliness"],"picked":"SKIP","floor":14},{"not_picked":["Justitia"],"picked":"Twilight","floor":16},{"not_picked":["Lantern+1","Regret_ego"],"picked":"SKIP","floor":18},{"not_picked":["PunishingBird","VoidDream"],"picked":"ShyLook","floor":21},{"not_picked":["Regret_ego"],"picked":"Soda+1","floor":21},{"not_picked":["Tough+1","Discord"],"picked":"SKIP","floor":22},{"not_picked":["Adoration","Loneliness+1"],"picked":"SKIP","floor":24},{"not_picked":["CherryBlossom","Tough"],"picked":"SKIP","floor":28}],"player_experience":329357,"relics_obtained":[{"floor":1,"key":"LetterFromLob"},{"floor":8,"key":"Oddly Smooth Stone"},{"floor":11,"key":"Letter Opener"},{"floor":13,"key":"HornCleat"},{"floor":14,"key":"Bag of Marbles"},{"floor":24,"key":"aspiration:ChemicalBlood"},{"floor":26,"key":"Ancient Tea Set"}],"event_choices":[{"damage_healed":0,"gold_gain":0,"player_choice":"Box","damage_taken":0,"relics_obtained":["MawBank"],"max_hp_gain":0,"max_hp_loss":0,"event_name":"Big Fish","floor":3,"gold_loss":0,"cards_obtained":["Regret"]},{"damage_healed":0,"gold_gain":0,"player_choice":"Bought 0 Potions","damage_taken":0,"max_hp_gain":0,"max_hp_loss":0,"event_name":"The Woman in Blue","floor":19,"gold_loss":0},{"damage_healed":0,"gold_gain":0,"player_choice":"Madness","damage_taken":0,"relics_obtained":["betterThird:NestCultRelic"],"max_hp_gain":0,"max_hp_loss":0,"event_name":"betterThird:BetterNest","floor":20,"gold_loss":0}],"is_beta":false,"boss_relics":[{"not_picked":["Snecko Eye","aspiration:PoetsPen_weak"],"picked":"aspiration:SecretTechniqueScroll"}],"items_purged_floors":[],"is_endless":false,"potions_floor_spawned":[1,4],"killed_by":"Slavers","ascension_level":1}}