{"host":"dt8tt9y5uobrbn6j","time":1608354148,"event":{"mods":["Act Like it!","Aspiration","BaseMod","Better Third Choice","BetterRewards","Card Forge","Colored Powertips","Conspire","Hubris","Infinite Spire","Minty Spire (QoL Compilation)","Quick Restart","Relic Stats","Replay The Spire","Retaliation","Shop Mod","StSLib","vexMod","óô»ðÖ¸ÄÏ"],"gold_per_floor":[116,116,127,140,156,186,186,201,201,234,234,234,234,234,234,311,311,326,326,337,337,352,352,377,377,426,455,469,469,479,507,507,580,680,700,718,718,750,762,762,814,830,830,848,335,362,362,376,376,376,376,376,376,218,252,252],"floor_reached":57,"playtime":2127,"items_purged":["Strike_P","Strike_P","Defend_P","Strike_P"],"score":3104,"play_id":"93daed95-ffb0-4599-ae1c-eaee099144e5","local_time":"20201219130228","is_ascension_mode":true,"campfire_choices":[{"data":"SignatureMove+1","floor":11.0,"key":"SMITH"},{"data":"Eruption","floor":13.0,"key":"SMITH"},{"data":"Hidden Blade","floor":15.0,"key":"SMITH"},{"data":"SignatureMove+2","floor":23.0,"key":"SMITH"},{"floor":25.0,"key":"RECALL"},{"data":"SignatureMove+3","floor":29.0,"key":"SMITH"},{"data":"SignatureMove+4","floor":32.0,"key":"SMITH"},{"data":"Madness","floor":40.0,"key":"SMITH"},{"data":"Seek","floor":47.0,"key":"SMITH"},{"data":"Acrobatics","floor":47.0,"key":"SMITH"},{"data":"Acrobatics+1","floor":49.0,"key":"SMITH"},{"data":"Hidden Blade+1","floor":49.0,"key":"SMITH"},{"data":"Seek+1","floor":53,"key":"SMITH"},{"data":"SignatureMove+5","floor":53,"key":"SMITH"}],"circlet_count":0,"master_deck":["AscendersBane","Defend_P","Defend_P","Defend_P","Eruption+1","Vigilance","SignatureMove+6","MentalFortress","Adaptation","Hidden Blade+2","Dark Embrace+1","PiercingWail+1","hubris:Counter+1","Backflip","Echo Form","Acrobatics+2","Madness+1","Seek+2"],"relics":["PureWater","Hammer of Thor","Seething Fire","Anvil of the Gods","FossilizedHelix","Molten Egg 2","Chemical X","hubris:FunFungus","PrismaticShard","Membership Card","Gambling Chip","MerchantsRug","Peace Pipe","hubris:EmptyBottle","Du-Vu Doll","Calipers","Strange Spoon","White Beast Statue","infinitespire:Lychee Nut","Thread and Needle","hubris:TenFootPole","conspire:InfiniteJournal","Runic Dome","hubris:SphereOfDissonance","infinitespire:Broken Mirror","conspire:Dentures","vexMod:MysteryBossChallenge","Snecko Heart","MutagenicStrength","Turnip","Lizard Tail","Pantograph","Replay:Wanted Poster","hubris:Icosahedron","hubris:CrystalStatue","CloakClasp","Replay:Arrowhead","Anchor","TheAbacus","aspiration:AnachronicSnailShell"],"acts_visited":["Exordium","TheCity","TheBeyond","TheEnding"],"potions_floor_usage":[],"damage_taken":[{"damage":0.0,"enemies":"Jaw Worm","floor":1.0,"turns":1.0},{"damage":0.0,"enemies":"Small Slimes","floor":3.0,"turns":3.0},{"damage":0.0,"enemies":"Cultist","floor":4.0,"turns":2.0},{"damage":0.0,"enemies":"Large Slime","floor":5.0,"turns":2.0},{"damage":0.0,"enemies":"Replay:BlueRogue","floor":6.0,"turns":3.0},{"damage":0.0,"enemies":"3 Louse","floor":8.0,"turns":3.0},{"damage":0.0,"enemies":"Gremlin Nob","floor":10.0,"turns":2.0},{"damage":3.0,"enemies":"The Guardian","floor":16.0,"turns":3.0},{"damage":0.0,"enemies":"Chosen","floor":18.0,"turns":1.0},{"damage":0.0,"enemies":"3 Byrds","floor":20.0,"turns":3.0},{"damage":0.0,"enemies":"Snecko","floor":22.0,"turns":2.0},{"damage":0.0,"enemies":"Nightmare","floor":24.0,"turns":2.0},{"damage":0.0,"enemies":"Gremlin Leader","floor":27.0,"turns":1.0},{"damage":0.0,"enemies":"Chosen and Byrds","floor":28.0,"turns":1.0},{"damage":0.0,"enemies":"Centurion and Healer","floor":30.0,"turns":3.0},{"damage":0.0,"enemies":"Slavers","floor":31.0,"turns":3.0},{"damage":0.0,"enemies":"Pondfish","floor":33.0,"turns":4.0},{"damage":0.0,"enemies":"Orb Walker","floor":35.0,"turns":1.0},{"damage":0.0,"enemies":"3 Darklings","floor":36.0,"turns":2.0},{"damage":0.0,"enemies":"Writhing Mass","floor":39.0,"turns":2.0},{"damage":0.0,"enemies":"2 Orb Walkers","floor":41.0,"turns":1.0},{"damage":0.0,"enemies":"Transient","floor":42.0,"turns":4.0},{"damage":0.0,"enemies":"Maw","floor":44.0,"turns":2.0},{"damage":0.0,"enemies":"Nemesis","floor":46.0,"turns":3.0},{"damage":0.0,"enemies":"3 Darklings","floor":48.0,"turns":3.0},{"damage":6,"enemies":"Replay:Hell Engine","floor":50,"turns":2},{"damage":0,"enemies":"infinitespire:MassOfShapes","floor":51,"turns":3},{"damage":0,"enemies":"Shield and Spear","floor":55,"turns":3},{"damage":0,"enemies":"The Heart","floor":56,"turns":1}],"seed_played":"-4321718021689499009","potions_obtained":[{"floor":1.0,"key":"PowerPotion"},{"floor":2.0,"key":"conspire:TimeTravelPotion"},{"floor":3.0,"key":"ColorlessPotion"},{"floor":4.0,"key":"LifebloodPotion"},{"floor":5.0,"key":"Flashbang"}],"is_trial":false,"path_per_floor":["M","?","M","M","M","E","AVR","M","T","E","R","?","R","?","R","B",null,"M","?","M","?","M","R","NM","R","T","E","M","R","M","E","R","B",null,"M","M","?","?","M","R","?","M","T","M","?","E","R","M","R","B","B",null,"R","$","E","B",null],"character_chosen":"WATCHER","items_purchased":["SignatureMove","FossilizedHelix","Molten Egg 2","Chemical X","MentalFortress","hubris:FunFungus","PrismaticShard","Adaptation","Membership Card","MerchantsRug","hubris:EmptyBottle","Calipers","Strange Spoon","White Beast Statue","Thread and Needle","hubris:TenFootPole","TheAbacus"],"campfire_rested":0,"item_purchase_floors":[0,0,0,0,0,0,0,0,0,0,0,0,0,0,0,0,54],"current_hp_per_floor":[19,19,24,27,30,36,36,41,41,44,44,44,44,44,44,47,50,50,50,51,51,51,51,51,51,51,51,51,51,51,51,51,51,51,51,51,51,41,45,45,45,51,51,51,51,51,51,51,51,45,51,51,51,51,51,51],"gold":252,"neow_bonus":"","is_daily":false,"chose_seed":false,"campfire_upgraded":13,"win_rate":0.0,"timestamp":1608354148,"path_taken":["M","?","M","M","M","E","AVR","M","T","E","R","?","R","?","R","BOSS","M","?","M","?","M","R","NM","R","T","E","M","R","M","E","R","BOSS","M","M","?","?","?","R","?","M","T","M","?","E","R","M","R","BOSS","BOSS","R","$","E","BOSS"],"items_purchased_type":["Card","Relic","Relic","Relic","Card","Relic","Relic","Card","Relic","Relic","Relic","Relic","Relic","Relic","Relic","Relic","Relic"],"build_version":"2020-12-13","purchased_purges":4,"victory":true,"max_hp_per_floor":[51,51,51,51,51,51,51,51,51,51,51,51,51,51,51,51,51,51,51,51,51,51,51,51,51,51,51,51,51,51,51,51,51,51,51,51,51,51,51,51,51,51,51,51,51,51,51,51,51,51,51,51,51,51,51,51],"relic_stats":{"Peace Pipe":0,"Strange Spoon":[29],"Lizard Tail":0,"TheAbacus":[6],"counters":[133,512],"Gambling Chip":[89],"Pantograph":23,"Turnip":[7],"CloakClasp":[45],"Chemical X":[1],"obtain_stats":[{"Golden Egg":5,"Replay:Accelerometer":46,"infinitespire:Cubic Diamond":13,"Whetstone":26,"hubris:MysteriousPyramids":54,"Sling":0,"Blood Vial":45,"Replay:Wanted Poster":34,"vexMod:CardConverter":0,"Sundial":0,"Replay:Bottled Flurry":5,"MerchantsRug":0,"conspire:TreasureMap":0,"Pear":12,"Counterbalance":22,"hubris:SphereOfDissonance":9,"vexMod:MysteryBossChallenge":17,"Eternal Feather":40,"Pen Nib":39,"vexMod:GhostlyGear":0,"Runic Dome":7,"infinitespire:Lychee Nut":0,"infinitespire:Broken Mirror":10,"MutagenicStrength":21,"hubris:TenFootPole":0,"conspire:BottledYoYo":47,"Unceasing Top":25,"infinitespire:PuzzleCube":42,"vexMod:ImprovementManual":34,"vexMod:PlasmaPancake":0,"Lantern":0,"aspiration:Lifesprig":29,"Singing Bowl":40,"Torii":10,"Magic Flower":26,"Blue Doll":0,"StoneCalendar":43,"Replay:Multitool":8,"Bag of Preparation":25,"hubris:EmptyBottle":46,"Burning Blood":0,"Pet Ghost":0,"Replay:Rubber Ducky":4,"conspire:InfiniteJournal":6,"Shovel":6,"Ninja Scroll":0,"aspiration:AnachronicSnailShell":55,"hubris:FunFungus":0,"Chemical X":0,"Ring of the Snake":0,"Potion Belt":0,"Golden Idol":11,"Thread and Needle":0,"PreservedInsect":5,"infinitespire:Joker Card":45,"The Courier":31,"Seething Fire":0,"infinitespire:CheckeredPen":46,"Frozen Egg 2":28,"GoldenEye":40,"Replay:Arrowhead":0,"Ornamental Fan":0,"Orrery":0,"Ectoplasm":4,"Turnip":24,"Garlic":53,"Art of War":48,"conspire:DeflatedDodgeball":55,"ReplayTheSpireMod:Lightbulb":0,"infinitespire:Midas Blood":53,"hubris:BottledRain":9,"Tiny House":34,"hubris:CrystalStatue":43,"Calipers":0,"Gremlin Horn":0,"conspire:RoyalGoblet":13,"Hammer of Thor":0,"aspiration:Stabinomicon":24,"Sozu":34,"Centennial Puzzle":0,"Lizard Tail":27,"HornCleat":0,"Strawberry":8,"Toxic Egg 2":2,"conspire:Dentures":0,"Girya":31,"Happy Flower":20,"aspiration:Nostalgia":0,"ReplayTheSpireMod:CursedCoin":0,"vexMod:ScavengeHelm":23,"Oddly Smooth Stone":47,"aspiration:SeaSaltIceCream":47,"aspiration:HiddenCompartment":42,"hubris:Zylophone":29,"Du-Vu Doll":0,"OrangePellets":0,"Replay:Baseball":21,"ReplayTheSpireMod:Spearhead":44,"Bottled Flame":7,"Anvil of the Gods":0,"Bronze Scales":0,"hubris:PeanutButter":0,"Molten Egg 2":0,"Black Star":17,"hubris:ToyBattleship":45,"Grinning Jar":10,"aspiration:HatOfInfinitePower":49,"Pocketwatch":48,"Snecko Heart":17,"Mango":0,"aspiration:TomeofQuesting":28,"Juzu Bracelet":10,"CloakClasp":41,"PrismaticShard":0,"Dream Catcher":24,"Replay:Bandana":28,"hubris:Icosahedron":44,"TheAbacus":54,"Mummified Hand":25,"hubris:Stopwatch":17,"Pantograph":40,"Gambling Chip":0,"hubris:IronBody":43,"Replay:Bottled Snecko":23,"Cracked Core":0,"BargainBundle":54,"aspiration:FetidBarrel":0,"Orichalcum":23,"Medical Kit":0,"White Beast Statue":9,"Peace Pipe":0,"Strange Spoon":0,"Anchor":46,"hubris:GrandSneckoEye":17,"Snack Pack":55,"Membership Card":0,"PureWater":0,"hubris:OldNail":0,"FossilizedHelix":0},{"Golden Egg":33,"Replay:Accelerometer":98,"infinitespire:Cubic Diamond":8,"Whetstone":86,"hubris:MysteriousPyramids":27,"Sling":71,"Blood Vial":98,"Replay:Wanted Poster":121,"vexMod:CardConverter":29,"Sundial":2,"Replay:Bottled Flurry":75,"MerchantsRug":0,"conspire:TreasureMap":29,"Pear":78,"Counterbalance":43,"hubris:SphereOfDissonance":110,"vexMod:MysteryBossChallenge":112,"Eternal Feather":54,"Pen Nib":53,"vexMod:GhostlyGear":2,"Runic Dome":109,"infinitespire:Lychee Nut":104,"infinitespire:Broken Mirror":111,"MutagenicStrength":114,"hubris:TenFootPole":2,"conspire:BottledYoYo":58,"Unceasing Top":14,"infinitespire:PuzzleCube":22,"vexMod:ImprovementManual":91,"vexMod:PlasmaPancake":2,"Lantern":2,"aspiration:Lifesprig":16,"Singing Bowl":21,"Torii":77,"Magic Flower":14,"Blue Doll":0,"StoneCalendar":97,"Replay:Multitool":7,"Bag of Preparation":86,"hubris:EmptyBottle":98,"Burning Blood":0,"Pet Ghost":29,"Replay:Rubber Ducky":1,"conspire:InfiniteJournal":109,"Shovel":34,"Ninja Scroll":63,"aspiration:AnachronicSnailShell":132,"hubris:FunFungus":104,"Chemical X":104,"Ring of the Snake":0,"Potion Belt":71,"Golden Idol":70,"Thread and Needle":104,"PreservedInsect":1,"infinitespire:Joker Card":57,"The Courier":90,"Seething Fire":0,"infinitespire:CheckeredPen":58,"Frozen Egg 2":87,"GoldenEye":96,"Replay:Arrowhead":29,"Ornamental Fan":2,"Orrery":71,"Ectoplasm":1,"Turnip":116,"Garlic":27,"Art of War":59,"conspire:DeflatedDodgeball":62,"ReplayTheSpireMod:Lightbulb":2,"infinitespire:Midas Blood":61,"hubris:BottledRain":69,"Tiny House":17,"hubris:CrystalStatue":55,"Calipers":104,"Gremlin Horn":29,"conspire:RoyalGoblet":37,"Hammer of Thor":0,"aspiration:Stabinomicon":43,"Sozu":49,"Centennial Puzzle":29,"Lizard Tail":117,"HornCleat":2,"Strawberry":69,"Toxic Egg 2":1,"conspire:Dentures":29,"Girya":90,"Happy Flower":82,"aspiration:Nostalgia":29,"ReplayTheSpireMod:CursedCoin":29,"vexMod:ScavengeHelm":84,"Oddly Smooth Stone":23,"aspiration:SeaSaltIceCream":99,"aspiration:HiddenCompartment":55,"hubris:Zylophone":87,"Du-Vu Doll":104,"OrangePellets":0,"Replay:Baseball":12,"ReplayTheSpireMod:Spearhead":23,"Bottled Flame":76,"Anvil of the Gods":0,"Bronze Scales":2,"hubris:PeanutButter":71,"Molten Egg 2":71,"Black Star":80,"hubris:ToyBattleship":98,"Grinning Jar":70,"aspiration:HatOfInfinitePower":24,"Pocketwatch":24,"Snecko Heart":112,"Mango":71,"aspiration:TomeofQuesting":87,"Juzu Bracelet":8,"CloakClasp":125,"PrismaticShard":104,"Dream Catcher":14,"Replay:Bandana":46,"hubris:Icosahedron":97,"TheAbacus":131,"Mummified Hand":44,"hubris:Stopwatch":10,"Pantograph":96,"Gambling Chip":104,"hubris:IronBody":22,"Replay:Bottled Snecko":84,"Cracked Core":29,"BargainBundle":61,"aspiration:FetidBarrel":29,"Orichalcum":43,"Medical Kit":2,"White Beast Statue":7,"Peace Pipe":104,"Strange Spoon":2,"Anchor":128,"hubris:GrandSneckoEye":39,"Snack Pack":103,"Membership Card":2,"PureWater":0,"hubris:OldNail":2,"FossilizedHelix":104},{"Golden Egg":127,"Replay:Accelerometer":412,"infinitespire:Cubic Diamond":39,"Whetstone":353,"hubris:MysteriousPyramids":105,"Sling":283,"Blood Vial":412,"Replay:Wanted Poster":485,"vexMod:CardConverter":114,"Sundial":13,"Replay:Bottled Flurry":293,"MerchantsRug":0,"conspire:TreasureMap":114,"Pear":309,"Counterbalance":173,"hubris:SphereOfDissonance":460,"vexMod:MysteryBossChallenge":465,"Eternal Feather":205,"Pen Nib":202,"vexMod:GhostlyGear":13,"Runic Dome":457,"infinitespire:Lychee Nut":446,"infinitespire:Broken Mirror":462,"MutagenicStrength":469,"hubris:TenFootPole":13,"conspire:BottledYoYo":218,"Unceasing Top":60,"infinitespire:PuzzleCube":94,"vexMod:ImprovementManual":376,"vexMod:PlasmaPancake":13,"Lantern":13,"aspiration:Lifesprig":73,"Singing Bowl":93,"Torii":301,"Magic Flower":60,"Blue Doll":0,"StoneCalendar":407,"Replay:Multitool":36,"Bag of Preparation":353,"hubris:EmptyBottle":412,"Burning Blood":0,"Pet Ghost":114,"Replay:Rubber Ducky":4,"conspire:InfiniteJournal":457,"Shovel":134,"Ninja Scroll":237,"aspiration:AnachronicSnailShell":511,"hubris:FunFungus":446,"Chemical X":446,"Ring of the Snake":0,"Potion Belt":283,"Golden Idol":280,"Thread and Needle":446,"PreservedInsect":4,"infinitespire:Joker Card":216,"The Courier":370,"Seething Fire":0,"infinitespire:CheckeredPen":218,"Frozen Egg 2":358,"GoldenEye":406,"Replay:Arrowhead":114,"Ornamental Fan":13,"Orrery":283,"Ectoplasm":4,"Turnip":473,"Garlic":105,"Art of War":222,"conspire:DeflatedDodgeball":232,"ReplayTheSpireMod:Lightbulb":13,"infinitespire:Midas Blood":229,"hubris:BottledRain":270,"Tiny House":79,"hubris:CrystalStatue":209,"Calipers":446,"Gremlin Horn":114,"conspire:RoyalGoblet":142,"Hammer of Thor":0,"aspiration:Stabinomicon":173,"Sozu":189,"Centennial Puzzle":114,"Lizard Tail":474,"HornCleat":13,"Strawberry":270,"Toxic Egg 2":4,"conspire:Dentures":114,"Girya":370,"Happy Flower":330,"aspiration:Nostalgia":114,"ReplayTheSpireMod:CursedCoin":114,"vexMod:ScavengeHelm":343,"Oddly Smooth Stone":97,"aspiration:SeaSaltIceCream":416,"aspiration:HiddenCompartment":209,"hubris:Zylophone":358,"Du-Vu Doll":446,"OrangePellets":0,"Replay:Baseball":51,"ReplayTheSpireMod:Spearhead":97,"Bottled Flame":296,"Anvil of the Gods":0,"Bronze Scales":13,"hubris:PeanutButter":283,"Molten Egg 2":283,"Black Star":324,"hubris:ToyBattleship":412,"Grinning Jar":280,"aspiration:HatOfInfinitePower":98,"Pocketwatch":98,"Snecko Heart":465,"Mango":283,"aspiration:TomeofQuesting":358,"Juzu Bracelet":39,"CloakClasp":491,"PrismaticShard":446,"Dream Catcher":60,"Replay:Bandana":183,"hubris:Icosahedron":407,"TheAbacus":508,"Mummified Hand":178,"hubris:Stopwatch":46,"Pantograph":406,"Gambling Chip":446,"hubris:IronBody":94,"Replay:Bottled Snecko":343,"Cracked Core":114,"BargainBundle":229,"aspiration:FetidBarrel":114,"Orichalcum":173,"Medical Kit":13,"White Beast Statue":36,"Peace Pipe":446,"Strange Spoon":13,"Anchor":500,"hubris:GrandSneckoEye":154,"Snack Pack":438,"Membership Card":13,"PureWater":0,"hubris:OldNail":13,"FossilizedHelix":446}]},"card_choices":[{"not_picked":["Body Slam+1","Coolheaded"],"picked":"Hidden Blade","floor":1.0},{"not_picked":["Flex","Gash+1","Iron Wave+1"],"picked":"SKIP","floor":3.0},{"not_picked":["Flex","Gash+1","Iron Wave+1"],"picked":"SKIP","floor":3.0},{"not_picked":["ReplayTheSpireMod:Corrosion Curse","DDmod:SpikedSkill","WreathOfFlame"],"picked":"SKIP","floor":4.0},{"not_picked":["ReplayTheSpireMod:GoodbyeWorld","Time Bomb","Sword Boomerang+1"],"picked":"SKIP","floor":5.0},{"not_picked":["TalkToTheHand+1","Draining Mist","Replay:Hum"],"picked":"SKIP","floor":6.0},{"not_picked":["Leap","Abandon","Armaments"],"picked":"SKIP","floor":8.0},{"not_picked":["Force Field","Electrodynamics"],"picked":"Dark Embrace","floor":10.0},{"not_picked":["Outmaneuver+1","Good Instincts","Headbutt+1"],"picked":"SKIP","floor":18.0},{"not_picked":["Go for the Eyes+1","BowlingBash+1"],"picked":"PiercingWail+1","floor":20.0},{"not_picked":["Slice+1","Sucker Punch+1"],"picked":"hubris:Counter+1","floor":22.0},{"not_picked":["Poisoned Stab+1","Stack","DDmod:EasePowerCard"],"picked":"SKIP","floor":24.0},{"not_picked":["PiercingWail+1","Replay:BluntJabs+1"],"picked":"Backflip","floor":27.0},{"not_picked":["Combust+1","Deflect","Stack"],"picked":"SKIP","floor":28.0},{"not_picked":["Iron Wave+1","hubris:Ssssneak","Shrug It Off"],"picked":"SKIP","floor":30.0},{"not_picked":["Hidden Blade+1","CrushJoints+1","FlurryOfBlows+1"],"picked":"SKIP","floor":31.0},{"not_picked":["Bludgeon+1","DDmod:GrandUltimatumAttack+1"],"picked":"Echo Form","floor":33.0},{"not_picked":["Rebound+1","Barrage+1","hubris:PowerSurge"],"picked":"SKIP","floor":35.0},{"not_picked":["Blade Dance","Sweeping Beam+1","Cloak And Dagger"],"picked":"SKIP","floor":36.0},{"not_picked":["ThirdEye","Disarm+1"],"picked":"Acrobatics","floor":38.0},{"not_picked":["ReplayTheSpireMod:Strike From Hell+1","conspire:PoisonWeapons","Madness"],"picked":"SKIP","floor":39.0},{"not_picked":["ReplayTheSpireMod:Strike From Hell+1","conspire:PoisonWeapons"],"picked":"Madness","floor":39.0},{"not_picked":["FlurryOfBlows+1","Scrape+1"],"picked":"Seek","floor":41.0},{"not_picked":["Bane+1","DDmod:SpikeInjectionSkill","CrushJoints+1"],"picked":"SKIP","floor":42.0},{"not_picked":["Defy Death+1","ReplayTheSpireMod:Uncanny Aura","Blade Dance+1"],"picked":"SKIP","floor":44.0},{"not_picked":["infinitespire:Gouge","infinitespire:Collect"],"picked":"infinitespire:SealOfDarkness+","floor":45.0},{"not_picked":["ReplaySolidLightProjector","ReplayTheSpireMod:LeadingStrike+1","Conserve Battery+1"],"picked":"SKIP","floor":46.0},{"not_picked":["Warcry","Uppercut+1","BasicCrystalCard"],"picked":"SKIP","floor":48.0},{"not_picked":["Riddle With Holes+1","FollowUp+1","Barrage+1"],"picked":"SKIP","floor":55}],"player_experience":800587,"relics_obtained":[{"floor":6.0,"key":"conspire:InfiniteJournal"},{"floor":9.0,"key":"hubris:SphereOfDissonance"},{"floor":10.0,"key":"infinitespire:Broken Mirror"},{"floor":14.0,"key":"conspire:Dentures"},{"floor":24.0,"key":"Turnip"},{"floor":27.0,"key":"Lizard Tail"},{"floor":31.0,"key":"Pantograph"},{"floor":38.0,"key":"hubris:CrystalStatue"},{"floor":41.0,"key":"CloakClasp"},{"floor":43.0,"key":"Replay:Arrowhead"},{"floor":46.0,"key":"Anchor"},{"floor":55,"key":"aspiration:AnachronicSnailShell"}],"event_choices":[{"damage_healed":0.0,"max_hp_gain":0.0,"max_hp_loss":0.0,"gold_gain":0.0,"event_name":"Lab","player_choice":"Got Potions","floor":2.0,"gold_loss":0.0,"damage_taken":0.0},{"damage_healed":0.0,"max_hp_gain":0.0,"max_hp_loss":0.0,"gold_gain":0.0,"event_name":"Wheel of Change","player_choice":"Relic","floor":14.0,"gold_loss":0.0,"damage_taken":0.0},{"damage_healed":0.0,"max_hp_gain":0.0,"max_hp_loss":0.0,"gold_gain":0.0,"event_name":"Drug Dealer","player_choice":"Inject Mutagens","floor":21.0,"gold_loss":0.0,"damage_taken":0.0,"relics_obtained":["MutagenicStrength"]},{"damage_healed":0.0,"max_hp_gain":0.0,"max_hp_loss":0.0,"gold_gain":0.0,"event_name":"Mysterious Sphere","player_choice":"Fight","floor":41.0,"gold_loss":0.0,"damage_taken":0.0}],"is_beta":false,"boss_relics":[{"not_picked":["hubris:ScarierMask","VioletLotus"],"picked":"vexMod:MysteryBossChallenge"},{"not_picked":["vexMod:TanglingVine","ReplayTheSpireMod:SealedPack"],"picked":"Replay:Wanted Poster"}],"items_purged_floors":[0,0,0,54],"is_endless":false,"potions_floor_spawned":[1,3,4,5,6,8,10,16,18,20,22,24,27,28,30,31,33,35,36,39,41,42,44,46,48,55],"ascension_level":20}}