{"host":"elnvswdbusdewy2q","time":1608407879,"event":{"mods":["2.2 Compatiblity","BaseMod","CapriCore","Colored Map","Hermit","Koishi","Lobotomy","Marisa£¨Ùöéë¡¡Øª×âÞÞ£©","Minty Spire (QoL Compilation)","Rare Cards Sparkle","StSLib","Td1madao Mod","The Bug Knight","The Cursed","The Dragon Tamer","The Gatherer","The Hierophant","The Immortal","The Poker Player","The Runesmith","WarShipGirlsR/??á´Ò³R mod"],"gold_per_floor":[118,118,130,130,148,148,181,181,181,33,33,33,69,82,82,82,82],"floor_reached":16,"playtime":431,"items_purged":[],"score":108,"play_id":"039a42ae-536c-4892-8472-c49170a685fc","local_time":"20201220045759","is_ascension_mode":false,"campfire_choices":[{"data":"rmod:expedition","floor":6,"key":"SMITH"},{"floor":8,"key":"REST"},{"data":"rmod:basicallowance","floor":12,"key":"SMITH"},{"floor":15,"key":"REST"}],"circlet_count":0,"master_deck":["rmod:strick","rmod:strick","rmod:strick+1","rmod:strick","rmod:defend","rmod:defend","rmod:defend","rmod:basicallowance+1","rmod:maingunfire+1","rmod:fletcherpendant","rmod:expedition+1","rmod:fletcherpendant","rmod:seals","rmod:maintain"],"relics":["rmod:firstchargereward","NeowsBlessing","Gambling Chip","Unceasing Top","MealTicket","Golden Idol","Matryoshka"],"acts_visited":["Exordium"],"potions_floor_usage":[7],"damage_taken":[{"damage":0,"enemies":"Jaw Worm","floor":1,"turns":1},{"damage":0,"enemies":"Small Slimes","floor":3,"turns":1},{"damage":0,"enemies":"Cultist","floor":5,"turns":1},{"damage":14,"enemies":"Gremlin Nob","floor":7,"turns":3},{"damage":22,"enemies":"Lagavulin","floor":13,"turns":5},{"damage":7,"enemies":"Red Slaver","floor":14,"turns":4},{"damage":45,"enemies":"Slime Boss","floor":16,"turns":9}],"seed_played":"8102301103350391973","potions_obtained":[{"floor":5,"key":"FearPotion"},{"floor":14,"key":"Dexterity Potion"}],"is_trial":false,"path_per_floor":["M","?","M","?","M","R","E","R","T","$","?","R","E","M","R","B"],"character_chosen":"PRAEFECT","items_purchased":["MealTicket"],"campfire_rested":2,"item_purchase_floors":[10],"current_hp_per_floor":[75,60,60,60,60,60,46,68,68,68,50,50,28,21,43,0,0],"gold":82,"neow_bonus":"THREE_ENEMY_KILL","is_daily":false,"chose_seed":false,"campfire_upgraded":2,"win_rate":0.0,"timestamp":1608407879,"path_taken":["M","?","M","?","?","R","E","R","T","?","?","R","E","M","R","BOSS"],"items_purchased_type":["Relic"],"build_version":"2020-12-13","purchased_purges":0,"victory":false,"max_hp_per_floor":[75,75,75,75,75,75,75,75,75,75,75,75,75,75,75,75,75],"card_choices":[{"not_picked":["rmod:fuelsupply","rmod:ring"],"picked":"rmod:fletcherpendant","floor":1},{"not_picked":["rmod:tearstotiara","rmod:diamondstrike"],"picked":"rmod:expedition","floor":3},{"not_picked":["rmod:heivgo","rmod:combined"],"picked":"rmod:fletcherpendant","floor":5},{"not_picked":["rmod:combined","rmod:sl","rmod:steelsupply"],"picked":"SKIP","floor":7},{"not_picked":["rmod:luckystar","rmod:fuelsupply"],"picked":"rmod:seals","floor":13},{"not_picked":["rmod:mineteam","rmod:overbreakdown"],"picked":"rmod:maintain","floor":14}],"player_experience":516140,"relics_obtained":[{"floor":7,"key":"Gambling Chip"},{"floor":9,"key":"Unceasing Top"},{"floor":13,"key":"Matryoshka"}],"event_choices":[{"damage_healed":0,"gold_gain":0,"player_choice":"Entered Light","damage_taken":15,"max_hp_gain":0,"max_hp_loss":0,"event_name":"Shining Light","floor":2,"gold_loss":0,"cards_upgraded":["rmod:strick","rmod:maingunfire"]},{"cards_removed":["rmod:defend"],"damage_healed":0,"gold_gain":0,"player_choice":"Purged","damage_taken":0,"max_hp_gain":0,"max_hp_loss":0,"event_name":"Purifier","floor":4,"gold_loss":0},{"damage_healed":0,"gold_gain":0,"player_choice":"Take Damage","damage_taken":18,"relics_obtained":["Golden Idol"],"max_hp_gain":0,"max_hp_loss":0,"event_name":"Golden Idol","floor":11,"gold_loss":0}],"is_beta":false,"boss_relics":[],"items_purged_floors":[],"is_endless":false,"potions_floor_spawned":[5,14],"killed_by":"Slime Boss","ascension_level":0}}