{"host":"auv68s8i97pkmhwr","time":1608383593,"event":{"mods":["AchievementEnabler","BaseMod","Best Route Mod","Bestiary","Better Altar","Better Match","Better Note","Better Sensory Stone","Better Skull","Better Third Choice","Better Vampires","BetterRewards","Block Reminder","Colored Map","Colored Powertips","Displayed Cursed Tome","Minty Spire (QoL Compilation)","StSLib","SuperFastMode","Uncapped","Unceasing Turn Reminder"],"gold_per_floor":[116,134,148,160,48,48,81,91,116,142,155,155,166,193,193,296,296,311,311,323,339,339,365,465,495,495,521,538,538,538,554,554,650,650,666,666,423,442,442,476,502,502,548,581,593,624,413,442,442,442,442,442,50,84,84],"floor_reached":56,"playtime":1338,"items_purged":["Strike_R","Strike_R","Strike_R","Strike_R","Defend_R","Defend_R"],"score":2360,"play_id":"e940259b-86ec-43a0-acc5-49cc65d0f53f","local_time":"20201219211313","is_ascension_mode":true,"campfire_choices":[{"data":"Inflame","floor":6.0,"key":"SMITH"},{"data":"Berserk","floor":15.0,"key":"SMITH"},{"data":"Barricade","floor":29,"key":"SMITH"},{"data":"Double Tap","floor":32,"key":"SMITH"},{"data":"Limit Break","floor":42,"key":"SMITH"},{"floor":49,"key":"RECALL"},{"floor":52,"key":"DIG"}],"circlet_count":0,"master_deck":["AscendersBane","Defend_R","Bash","Cleave","Shrug It Off","Sword Boomerang+1","Shrug It Off","Shockwave","Double Tap+1","Inflame+1","Disarm","Spot Weakness","Berserk+1","Barricade+1","Dropkick+1","Limit Break+1","Feel No Pain+1","Entrench","True Grit+1"],"relics":["Burning Blood","Membership Card","Molten Egg 2","Bird Faced Urn","Ginger","Torii","Pantograph","Pocketwatch","Prayer Wheel","Shovel","Akabeko","Sling","Ancient Tea Set","Blood Vial","Lantern","Toy Ornithopter","Black Star","HornCleat","Juzu Bracelet","Kunai","Meat on the Bone","Gremlin Horn","Sundial","Smiling Mask","Sozu","Oddly Smooth Stone","Ornamental Fan","Omamori","Question Card","Nunchaku","Pen Nib","Orichalcum","MawBank","Ice Cream","OrangePellets","Mummified Hand","Self Forming Clay","Letter Opener","Medical Kit","Magic Flower","Red Skull","Art of War","Happy Flower"],"acts_visited":["Exordium","TheCity","TheBeyond","TheEnding"],"potions_floor_usage":[18,25,27,31,44,54],"damage_taken":[{"damage":0.0,"enemies":"Cultist","floor":1.0,"turns":2.0},{"damage":0.0,"enemies":"2 Louse","floor":2.0,"turns":1.0},{"damage":1.0,"enemies":"Jaw Worm","floor":3.0,"turns":2.0},{"damage":0.0,"enemies":"2 Fungi Beasts","floor":4.0,"turns":1.0},{"damage":13.0,"enemies":"Gremlin Nob","floor":7.0,"turns":3.0},{"damage":0.0,"enemies":"Looter","floor":8.0,"turns":1.0},{"damage":1.0,"enemies":"3 Sentries","floor":10.0,"turns":2.0},{"damage":0.0,"enemies":"Blue Slaver","floor":11.0,"turns":1.0},{"damage":0.0,"enemies":"2 Fungi Beasts","floor":13.0,"turns":2.0},{"damage":0.0,"enemies":"Lagavulin","floor":14.0,"turns":2.0},{"damage":1.0,"enemies":"The Guardian","floor":16.0,"turns":5.0},{"damage":22,"enemies":"Spheric Guardian","floor":18,"turns":6},{"damage":12,"enemies":"Chosen","floor":20,"turns":3},{"damage":0,"enemies":"Snake Plant","floor":21,"turns":3},{"damage":0,"enemies":"Gremlin Leader","floor":23,"turns":3},{"damage":1,"enemies":"Book of Stabbing","floor":25,"turns":2},{"damage":3,"enemies":"Gremlin Leader","floor":27,"turns":4},{"damage":0,"enemies":"Snecko","floor":28,"turns":4},{"damage":1,"enemies":"Cultist and Chosen","floor":31,"turns":3},{"damage":15,"enemies":"Collector","floor":33,"turns":5},{"damage":8,"enemies":"3 Shapes","floor":35,"turns":2},{"damage":0,"enemies":"Orb Walker","floor":38,"turns":3},{"damage":17,"enemies":"Reptomancer","floor":40,"turns":4},{"damage":33,"enemies":"Nemesis","floor":44,"turns":7},{"damage":1,"enemies":"Jaw Worm Horde","floor":46,"turns":3},{"damage":1,"enemies":"Reptomancer","floor":48,"turns":3},{"damage":24,"enemies":"Time Eater","floor":50,"turns":5},{"damage":17,"enemies":"Shield and Spear","floor":54,"turns":4},{"damage":0,"enemies":"The Heart","floor":55,"turns":7}],"seed_played":"2910646349656314422","potions_obtained":[{"floor":1.0,"key":"LiquidBronze"},{"floor":3.0,"key":"AttackPotion"},{"floor":4.0,"key":"Fruit Juice"},{"floor":13.0,"key":"Ancient Potion"},{"floor":20,"key":"LiquidMemories"},{"floor":21,"key":"Weak Potion"},{"floor":25,"key":"Regen Potion"},{"floor":27,"key":"FearPotion"},{"floor":33,"key":"Fire Potion"}],"is_trial":false,"path_per_floor":["M","M","M","M","$","R","E","M","T","E","M","?","M","E","R","B",null,"M","?","M","M","?","E","?","E","T","E","M","R","T","M","R","B",null,"M","?","$","M","?","E","T","R","T","E","?","M","$","E","R","B",null,"R","$","E","B",null],"character_chosen":"IRONCLAD","items_purchased":["Membership Card","Cleave","Shrug It Off","Molten Egg 2","Bird Faced Urn","Sword Boomerang+1","Shrug It Off","Pantograph","Shockwave","Prayer Wheel","Akabeko","Double Tap","SteroidPotion","Inflame","Sling","Oddly Smooth Stone","Ornamental Fan","Ice Cream","OrangePellets","Entrench","Medical Kit","Magic Flower","Red Skull"],"campfire_rested":0,"item_purchase_floors":[0,0,0,0,0,0,0,0,0,0,0,0,0,5,5,37,37,47,47,53,53,53,53],"current_hp_per_floor":[78,80,80,80,80,80,73,79,79,80,80,80,85,85,85,85,85,70,75,77,85,85,85,85,85,85,85,85,85,85,85,85,78,83,85,85,85,85,85,76,76,76,76,62,62,73,73,85,85,67,81,81,81,85,85],"gold":84,"neow_bonus":"","is_daily":false,"chose_seed":false,"campfire_upgraded":5,"win_rate":0.0,"timestamp":1608383593,"path_taken":["M","M","M","M","$","R","E","M","T","E","M","?","M","E","R","BOSS","M","?","M","M","?","E","?","E","T","E","M","R","?","M","R","BOSS","M","?","$","M","?","E","?","R","T","E","?","M","$","E","R","BOSS","R","$","E","BOSS"],"items_purchased_type":["Relic","Card","Card","Relic","Relic","Card","Card","Relic","Card","Relic","Relic","Card","Potion","Card","Relic","Relic","Relic","Relic","Relic","Card","Relic","Relic","Relic"],"build_version":"2020-12-13","purchased_purges":6,"victory":true,"max_hp_per_floor":[80,80,80,80,80,80,80,80,80,80,80,80,85,85,85,85,85,85,85,85,85,85,85,85,85,85,85,85,85,85,85,85,85,85,85,85,85,85,85,85,85,85,85,85,85,85,85,85,85,85,85,85,85,85,85],"card_choices":[{"not_picked":["Shrug It Off","Wild Strike+1"],"picked":"Whirlwind+1","floor":1.0},{"not_picked":["Pummel+1","Uppercut+1","Cleave+1"],"picked":"SKIP","floor":1.0},{"not_picked":["Twin Strike+1","Intimidate","Metallicize"],"picked":"SKIP","floor":2.0},{"not_picked":["Uppercut+1","Armaments","Warcry"],"picked":"SKIP","floor":2.0},{"not_picked":["Dark Embrace","Anger+1","Entrench"],"picked":"SKIP","floor":3.0},{"not_picked":["Thunderclap+1","Flex","Fiend Fire+1"],"picked":"SKIP","floor":3.0},{"not_picked":["Perfected Strike+1","Rampage+1","Headbutt+1"],"picked":"SKIP","floor":4.0},{"not_picked":["Clothesline+1","Second Wind","Headbutt+1"],"picked":"SKIP","floor":4.0},{"not_picked":["Armaments","Warcry","Wild Strike+1"],"picked":"SKIP","floor":7.0},{"not_picked":["Clash+1","Twin Strike+1","Sever Soul+1"],"picked":"SKIP","floor":8.0},{"not_picked":["Hemokinesis+1","Fire Breathing","Perfected Strike+1"],"picked":"SKIP","floor":8.0},{"not_picked":["Cleave+1","Exhume"],"picked":"Disarm","floor":10.0},{"not_picked":["Clothesline+1","Iron Wave+1","Flame Barrier"],"picked":"SKIP","floor":11.0},{"not_picked":["Dual Wield","Evolve","Iron Wave+1"],"picked":"SKIP","floor":11.0},{"not_picked":["Warcry","Body Slam+1"],"picked":"Spot Weakness","floor":13.0},{"not_picked":["Shrug It Off","Seeing Red","Pommel Strike+1"],"picked":"SKIP","floor":13.0},{"not_picked":["Berserk","Havoc","Clash+1"],"picked":"SKIP","floor":14.0},{"not_picked":["Havoc","Clash+1"],"picked":"Berserk","floor":14.0},{"not_picked":["Feed+1","Limit Break"],"picked":"Barricade","floor":16.0},{"not_picked":["Pummel+1","Spot Weakness+1","Pommel Strike+1"],"picked":"SKIP","floor":18},{"not_picked":["Heavy Blade+1","Second Wind","Cleave+1"],"picked":"SKIP","floor":18},{"not_picked":["Pummel+1","Uppercut+1"],"picked":"Dropkick+1","floor":20},{"not_picked":["Sword Boomerang+1","Rage","Metallicize"],"picked":"SKIP","floor":20},{"not_picked":["Infernal Blade","Twin Strike+1","Wild Strike+1"],"picked":"SKIP","floor":21},{"not_picked":["Bloodletting","Dropkick+1","Clothesline+1"],"picked":"SKIP","floor":21},{"not_picked":["Heavy Blade+1","Pommel Strike+1","Battle Trance+1"],"picked":"SKIP","floor":23},{"not_picked":["Bludgeon+1","Wild Strike+1","Offering"],"picked":"SKIP","floor":25},{"not_picked":["Sever Soul+1","Rampage+1","Blood for Blood+1"],"picked":"SKIP","floor":27},{"not_picked":["Dual Wield","Seeing Red+1","True Grit"],"picked":"SKIP","floor":28},{"not_picked":["Twin Strike+1","Spot Weakness","Perfected Strike+1"],"picked":"SKIP","floor":28},{"not_picked":["Twin Strike+1","Pommel Strike+1","Perfected Strike+1"],"picked":"SKIP","floor":31},{"not_picked":["Reckless Charge+1","Carnage+1","Spot Weakness"],"picked":"SKIP","floor":31},{"not_picked":["Juggernaut","Exhume"],"picked":"Limit Break","floor":33},{"not_picked":["Fire Breathing+1","Havoc","Warcry"],"picked":"SKIP","floor":35},{"not_picked":["Infernal Blade","Sword Boomerang+1","Thunderclap+1"],"picked":"SKIP","floor":35},{"not_picked":["Heavy Blade+1","Wild Strike+1","True Grit"],"picked":"SKIP","floor":38},{"not_picked":["Uppercut+1","Clothesline+1","Iron Wave+1"],"picked":"SKIP","floor":38},{"not_picked":["Armaments","Body Slam+1","Flex+1"],"picked":"SKIP","floor":40},{"not_picked":["Havoc","Hemokinesis+1","True Grit","Fire Breathing+1"],"picked":"SKIP","floor":44},{"not_picked":["Cleave+1","Flex","Bloodletting"],"picked":"Feel No Pain+1","floor":46},{"not_picked":["Second Wind","Seeing Red","Havoc","Anger+1"],"picked":"SKIP","floor":46},{"not_picked":["Combust","Headbutt+1","Spot Weakness","Twin Strike+1"],"picked":"SKIP","floor":48},{"not_picked":["Clothesline+1","Clash+1","Offering"],"picked":"True Grit+1","floor":54}],"player_experience":1236472,"relics_obtained":[{"floor":7.0,"key":"Ancient Tea Set"},{"floor":9.0,"key":"Blood Vial"},{"floor":10.0,"key":"Lantern"},{"floor":14.0,"key":"Toy Ornithopter"},{"floor":23,"key":"HornCleat"},{"floor":23,"key":"Juzu Bracelet"},{"floor":25,"key":"Kunai"},{"floor":25,"key":"Meat on the Bone"},{"floor":27,"key":"Gremlin Horn"},{"floor":27,"key":"Sundial"},{"floor":30,"key":"Smiling Mask"},{"floor":40,"key":"Omamori"},{"floor":40,"key":"Question Card"},{"floor":41,"key":"Nunchaku"},{"floor":43,"key":"Pen Nib"},{"floor":44,"key":"Orichalcum"},{"floor":44,"key":"MawBank"},{"floor":48,"key":"Mummified Hand"},{"floor":48,"key":"Self Forming Clay"},{"floor":52,"key":"Letter Opener"},{"floor":54,"key":"Art of War"},{"floor":54,"key":"Happy Flower"}],"event_choices":[{"cards_removed":["Strike_R"],"damage_healed":0.0,"max_hp_gain":0.0,"max_hp_loss":0.0,"gold_gain":0.0,"event_name":"Purifier","player_choice":"Purged","floor":12.0,"gold_loss":0.0,"damage_taken":0.0},{"cards_removed":["Havoc"],"damage_healed":5,"gold_gain":0,"player_choice":"Offered Common","damage_taken":0,"max_hp_gain":0,"max_hp_loss":0,"event_name":"Bonfire Elementals","floor":19,"gold_loss":0},{"cards_removed":["Havoc"],"damage_healed":5,"gold_gain":0,"player_choice":"Offered Special","damage_taken":0,"max_hp_gain":0,"max_hp_loss":0,"event_name":"Bonfire Elementals","floor":19,"gold_loss":0},{"cards_removed":["Defend_R"],"damage_healed":0,"gold_gain":0,"player_choice":"Card Removal","damage_taken":0,"max_hp_gain":0,"max_hp_loss":0,"event_name":"Wheel of Change","floor":22,"gold_loss":0},{"damage_healed":0,"gold_gain":100,"player_choice":"Pray","damage_taken":0,"max_hp_gain":0,"max_hp_loss":0,"event_name":"Golden Shrine","floor":24,"gold_loss":0},{"damage_healed":0,"gold_gain":3,"player_choice":"1","damage_taken":0,"max_hp_gain":0,"max_hp_loss":0,"event_name":"betterStone:BetterStone","floor":36,"gold_loss":0},{"damage_healed":0,"gold_gain":0,"player_choice":"Ignored","damage_taken":0,"max_hp_gain":0,"max_hp_loss":0,"event_name":"Tomb of Lord Red Mask","floor":39,"gold_loss":0},{"cards_removed":["Whirlwind"],"damage_healed":0,"gold_gain":0,"player_choice":"Removed Attack","damage_taken":0,"max_hp_gain":0,"max_hp_loss":0,"event_name":"Falling","floor":45,"gold_loss":0}],"is_beta":false,"boss_relics":[{"not_picked":["Ectoplasm","Velvet Choker"],"picked":"Black Star"},{"not_picked":["Runic Pyramid","Empty Cage"],"picked":"Sozu"}],"items_purged_floors":[0,0,0,0,37,53],"is_endless":false,"potions_floor_spawned":[1,3,4,13,20,21,25,27,33,38,40,54],"ascension_level":10}}