{"host":"02w9hl92h62kgkzk","time":1608363545,"event":{"mods":["2.2 Compatiblity","AchievementEnabler","Act Like it!","AlwaysNeverKeys","Aspiration","Bard","BaseMod","Better Altar","Better Match","Better Note","Better Sensory Stone","Better Skull","Better Third Choice","Better Vampires","BetterRewards","Block Reminder","CCEM","ChefMod","Colored Map","Colored Powertips","Conspire","Downfall","Ekko","Elementarium","Emptier Cage","Energized Spire","Friendly Minions","FruityMod","Gensokyo","GifTheSpireLib","Halation","Hallownest","Hermit","Hubris","Jorbs\u0027s Wanderer Trilogy","Magitek Elite","Marisa????????","Marked Mod","Minty Spire (QoL Compilation)","Permanent Neow","QueenMod","Quick Restart","Random Character Mod","Rare Cards Sparkle","Replay The Spire","Retaliation","Reworked Bosses","Robot Space Explorer","SIMod","Shade Mod","Shop Mod","Spicy Shops","Spikes Relics","StSLib","Stuff the Spire","Synergy Search","The Administrix","The Animator","The Blackbeard","The Blue Laboratory","The Bug Knight","The Construct","The Cursed","The Death Knight","The Disciple","The Factory","The Florist","The Forsaken","The Gatherer","The Hayseed","The Hierophant","The Jungle","The Runesmith","The Valiant","The Wild Card","TheHero","TheVacant","Trackpad","Transform Curses","Unceasing Turn Reminder","Wandering Minibosses","thorton","vexMod"],"gold_per_floor":[113,133,33,47,47,47,47,85,85,640,378,215,238,163,163,302,302,306,306,345,386,386,420,420,55,55,55,55,86,114,129,174,237,237,357,357,461,461,526,526,526,572,572,603,603,116,156,186,219,28,28,38,38,38,10,58,102,102],"floor_reached":57,"playtime":12587,"items_purged":["Shame","hermit:PistolWhip+1"],"score":1097,"play_id":"b2e994ab-ba32-43f1-95a5-48d30698eff0","local_time":"20201219013905","daily_mods":["Draft","Heirloom"],"is_ascension_mode":false,"campfire_choices":[{"data":"conspire:SpireCoStock","floor":6,"key":"SMITH"},{"floor":15,"key":"REST"},{"floor":24,"key":"REST"},{"floor":34,"key":"RECALL"},{"floor":43,"key":"REST"},{"floor":51,"key":"REST"},{"floor":54,"key":"REST"}],"circlet_count":0,"master_deck":["hermit:Ricochet","conspire:SpireCoStock","conspire:SpireCoStock+1","hermit:LuckOfTheDraw+1","hermit:CursedWeapon+1","hermit:BlackWind+1","hermit:TrackingShot+1","hermit:DeadMansHand+1","hermit:CursedWeapon+1","hermit:Roughhouse+1","hermit:Roulette+1"],"relics":["theForsaken:HumbleEgg","Hallownest:DreamNailRelic","MerchantsRug","Philosopher\u0027s Stone","aspiration:Stabinomicon","trackpad:BottledShadow","Tiny Chest","HollowMod:QueensCombRelic","RoseTintedShades","CCEMRelics:DissonantTune","Fusion Hammer","wanderingMiniBosses:ThiefScarf","trackpad:SneckoScepter","Runesmith:Nanobots","trackpad:AdjectivePendant","halation:LettersToHer","Replay:Bottled Steam","HollowMod:LifeEnderRelic","ReplayTheSpireMod:Ninjato","hubris:FunFungus","CCEMRelics:GrapeVine","Calipers","Happy Flower","ExplosiveVial","Akabeko","CCEMRelics:BiPhaseBiplane","hubris:EmptyBottle"],"acts_visited":["Hallownest:Greenpath","TheCity","TheBeyond","TheEnding"],"potions_floor_usage":[44,57],"damage_taken":[{"damage":0,"enemies":"Hallownest:monsterHuskWarrior","floor":1,"turns":1},{"damage":6,"enemies":"Hallownest:2_Tiktiks_and_1_Crawlid","floor":2,"turns":2},{"damage":0,"enemies":"Hallownest:2_Baldur","floor":4,"turns":2},{"damage":0,"enemies":"Hallownest:monsterMossCharger","floor":8,"turns":1},{"damage":4,"enemies":"Hallownest:1_Ooma_and_2_Uuma","floor":13,"turns":2},{"damage":31,"enemies":"Hallownest:BossFalseKnight","floor":16,"turns":3},{"damage":25,"enemies":"Spheric Guardian","floor":18,"turns":6},{"damage":35,"enemies":"2 Thieves","floor":20,"turns":3},{"damage":16,"enemies":"3 Cultists","floor":21,"turns":3},{"damage":15,"enemies":"Centurion and Healer","floor":23,"turns":2},{"damage":28,"enemies":"Snake Plant","floor":29,"turns":2},{"damage":4,"enemies":"conspire:Head Lice","floor":30,"turns":1},{"damage":6,"enemies":"Cultist and Chosen","floor":31,"turns":2},{"damage":11,"enemies":"3 Cultists","floor":32,"turns":3},{"damage":6,"enemies":"Replay:Snechameleon","floor":33,"turns":1},{"damage":33,"enemies":"bossMod:newChamp","floor":35,"turns":5},{"damage":16,"enemies":"3 Darklings","floor":37,"turns":4},{"damage":4,"enemies":"3 Shapes","floor":39,"turns":2},{"damage":6,"enemies":"Nemesis","floor":42,"turns":1},{"damage":4,"enemies":"R_Hoarder","floor":44,"turns":1},{"damage":2,"enemies":"Nemesis","floor":47,"turns":1},{"damage":4,"enemies":"Writhing Mass","floor":48,"turns":1},{"damage":4,"enemies":"Spire Growth","floor":49,"turns":1},{"damage":6,"enemies":"Time Eater","floor":52,"turns":2},{"damage":4,"enemies":"Shield and Spear","floor":56,"turns":1},{"damage":77,"enemies":"The Heart","floor":57,"turns":2}],"seed_played":"534120499356916221","potions_obtained":[{"floor":2,"key":"blueLaboratory:FruitPreserves"},{"floor":18,"key":"Cursed Concoction"},{"floor":20,"key":"sneckomod:MuddlingPotion"},{"floor":33,"key":"GamblersBrew"},{"floor":39,"key":"conspire:TimeTravelPotion"},{"floor":42,"key":"sneckomod:MuddlingPotion"},{"floor":47,"key":"FearPotion"},{"floor":48,"key":"SkillPotion"},{"floor":56,"key":"blueLaboratory:NullPotion"}],"is_trial":true,"path_per_floor":["M","M","?","M","T","R","?","M","T","?","$","$","M","?","R","B",null,"M","?","M","M","?","M","R","$","T","PTL","PTL","M","E","M","M","E","R","B",null,"M","?","M","T","T","E","R","E","T","$","E","M","M","$","R","B",null,"R","$","E","B"],"character_chosen":"HERMIT","items_purchased":["MerchantsRug","Meat on the Bone","champ:Barbells","Molten Egg 2","trackpad:BottledShadow","CCEMRelics:WrappedPresent","HollowMod:LifeEnderRelic","ReplayTheSpireMod:Ninjato","CCEMRelics:WarHorn","CCEMRelics:GrapeVine","Calipers","Happy Flower","ExplosiveVial","Swift Potion"],"campfire_rested":5,"item_purchase_floors":[11,11,11,12,25,25,46,46,50,50,55,55,55,55],"current_hp_per_floor":[75,69,69,69,69,69,69,69,69,18,18,18,36,36,58,47,75,52,52,35,39,23,28,50,50,50,50,50,34,44,48,43,50,50,35,50,38,33,50,50,50,50,50,48,48,48,48,48,48,48,50,50,50,50,50,46,0,0],"gold":102,"neow_bonus":"","is_daily":false,"chose_seed":false,"campfire_upgraded":1,"win_rate":0.0,"timestamp":1608363545,"path_taken":["M","M","?","M","?","R","?","?","T","?","?","$","M","?","R","BOSS","M","?","?","M","?","M","R","$","T","PTL","PTL","M","E","M","M","E","R","BOSS","M","?","?","?","?","E","R","E","T","$","E","?","?","?","R","BOSS","R","$","E","BOSS"],"items_purchased_type":["Relic","Relic","Relic","Relic","Relic","Relic","Relic","Relic","Relic","Relic","Relic","Relic","Relic","Potion"],"build_version":"2020-12-13","purchased_purges":2,"victory":false,"max_hp_per_floor":[75,75,75,75,75,75,75,75,75,75,75,75,75,75,75,75,75,75,75,75,75,75,75,75,50,50,50,50,50,50,50,50,50,50,50,50,50,50,50,50,50,50,50,50,50,50,50,50,50,50,50,50,50,50,50,50,50,50],"card_choices":[{"not_picked":["hermit:LowProfile","hermit:Maintenance"],"picked":"hermit:Roulette","floor":0},{"not_picked":["hermit:Misfire","hermit:CalledShot"],"picked":"hermit:Roulette","floor":0},{"not_picked":["hermit:CalledShot","hermit:Vantage"],"picked":"hermit:Roulette","floor":0},{"not_picked":["hermit:Combo","hermit:Midnight"],"picked":"hermit:TrackingShot","floor":0},{"not_picked":["hermit:Manifest","hermit:CalledShot"],"picked":"hermit:Vantage","floor":0},{"not_picked":["hermit:Scavenge","hermit:HighCaliber"],"picked":"hermit:Vantage","floor":0},{"not_picked":["hermit:Snipe","hermit:LowProfile"],"picked":"hermit:EyeOfTheStorm","floor":0},{"not_picked":["hermit:FlashPowder","hermit:LowProfile"],"picked":"hermit:Ricochet","floor":0},{"not_picked":["hermit:TakeCover","hermit:Vantage"],"picked":"hermit:Quickdraw","floor":0},{"not_picked":["hermit:Misfire","hermit:TakeAim"],"picked":"hermit:WideOpen","floor":0},{"not_picked":["hermit:Maintenance","hermit:Deadeye"],"picked":"hermit:Coalescence","floor":0},{"not_picked":["hermit:Showdown","hermit:Ricochet"],"picked":"hermit:Enervate","floor":0},{"not_picked":["hermit:FlashPowder","hermit:Desperado"],"picked":"hermit:Headshot","floor":0},{"not_picked":["hermit:Showdown","hermit:BodyArmor"],"picked":"hermit:EyeOfTheStorm","floor":0},{"not_picked":["hermit:HighCaliber","hermit:GhostlyPresence"],"picked":"hermit:LuckOfTheDraw","floor":0},{"not_picked":["hermit:Showdown","hermit:Vantage","hermit:Midnight"],"picked":"hermit:Ricochet","floor":1},{"not_picked":["hermit:LowProfile","hermit:BodyArmor","hermit:WideOpen"],"picked":"hermit:Malice","floor":2},{"not_picked":["hermit:Desperado","hermit:Brawl","hermit:ItchyTrigger"],"picked":"hermit:Ricochet","floor":4},{"not_picked":["hermit:TrackingShot+1","hermit:Roulette+1","hermit:Misfire+1"],"picked":"hermit:LuckOfTheDraw","floor":8},{"not_picked":["hermit:Gestalt","hermit:GhostlyPresence","hermit:Snipe+1"],"picked":"SKIP","floor":13},{"not_picked":["hermit:Virtue+1","hermit:Enervate+1"],"picked":"hermit:CursedWeapon+1","floor":14},{"not_picked":["hermit:EternalForm","hermit:Magnum+1"],"picked":"hermit:BlackWind+1","floor":16},{"not_picked":["hermit:Snipe+1","hermit:Deadeye+1","hermit:Gestalt"],"picked":"SKIP","floor":18},{"not_picked":["hermit:Ricochet+1","hermit:Vantage+1"],"picked":"hermit:TrackingShot+1","floor":20},{"not_picked":["hermit:Grudge+1","hermit:CalledShot+1","hermit:Feint+1"],"picked":"SKIP","floor":21},{"not_picked":["hermit:Vantage+1","hermit:HighCaliber+1","hermit:Quickdraw+1"],"picked":"SKIP","floor":23},{"not_picked":["hermit:ItchyTrigger+1","hermit:NoHoldsBarred+1"],"picked":"hermit:DeadMansHand+1","floor":29},{"not_picked":["hermit:CalledShot+1","hermit:Roulette+1"],"picked":"hermit:CursedWeapon+1","floor":30},{"not_picked":["hermit:EyeOfTheStorm+1","hermit:Virtue+1","hermit:Adapt"],"picked":"SKIP","floor":31},{"not_picked":["hermit:BigShot","hermit:Horror","hermit:TakeAim"],"picked":"SKIP","floor":32},{"not_picked":["hermit:FromBeyond","hermit:Manifest+1","hermit:Glare+1"],"picked":"SKIP","floor":33},{"not_picked":["hermit:Gambit","hermit:Magnum+1"],"picked":"hermit:Roughhouse+1","floor":35},{"not_picked":["hermit:Grudge+1","hermit:Glare+1","hermit:Desperado+1"],"picked":"SKIP","floor":37},{"not_picked":["hermit:Dive+1","hermit:Quickdraw+1","hermit:CalledShot+1"],"picked":"SKIP","floor":39},{"not_picked":["hermit:Determination+1","hermit:ItchyTrigger+1","hermit:Coalescence+1"],"picked":"SKIP","floor":42},{"not_picked":["hermit:NoHoldsBarred+1","hermit:HoleUp+1"],"picked":"hermit:Roulette+1","floor":44},{"not_picked":["hermit:TrackingShot+1","hermit:Dissolve","hermit:Enervate+1"],"picked":"SKIP","floor":47},{"not_picked":["hermit:BodyArmor+1","hermit:Gestalt+1","hermit:Misfire+1"],"picked":"SKIP","floor":48},{"not_picked":["hermit:Determination","hermit:GoldenBullet+1","hermit:ItchyTrigger+1"],"picked":"SKIP","floor":49},{"not_picked":["hermit:GoldenBullet","hermit:LowProfile+1","hermit:ItchyTrigger+1"],"picked":"SKIP","floor":56}],"player_experience":1018823,"relics_obtained":[{"floor":5,"key":"theForsaken:HumbleEgg"},{"floor":9,"key":"Archangels Feather"},{"floor":22,"key":"aspiration:Stabinomicon"},{"floor":25,"key":"Tiny Chest"},{"floor":25,"key":"HollowMod:QueensCombRelic"},{"floor":30,"key":"RoseTintedShades"},{"floor":33,"key":"CCEMRelics:DissonantTune"},{"floor":37,"key":"wanderingMiniBosses:ThiefScarf"},{"floor":37,"key":"trackpad:SneckoScepter"},{"floor":40,"key":"Runesmith:Nanobots"},{"floor":41,"key":"trackpad:AdjectivePendant"},{"floor":42,"key":"halation:LettersToHer"},{"floor":44,"key":"Replay:Bottled Steam"},{"floor":45,"key":"halation:LettersToHer"},{"floor":45,"key":"Replay:Accelerometer"},{"floor":47,"key":"hubris:FunFungus"},{"floor":56,"key":"Akabeko"}],"event_choices":[{"damage_healed":0,"gold_gain":0,"player_choice":"Invest 2","damage_taken":0,"max_hp_gain":0,"max_hp_loss":0,"event_name":"conspire:Investor","floor":3,"gold_loss":0},{"damage_healed":0,"gold_gain":555,"player_choice":"GO GO GO GO GO ","damage_taken":56,"relics_obtained":[],"max_hp_gain":0,"max_hp_loss":0,"event_name":"betterSkull:BetterSkull","floor":10,"gold_loss":0,"cards_upgraded":[]},{"damage_healed":0,"gold_gain":0,"player_choice":"3","damage_taken":0,"max_hp_gain":0,"max_hp_loss":0,"event_name":"betterMatch:BetterMatch","floor":14,"gold_loss":0,"cards_obtained":["betterMatch:UncommonCard"]},{"damage_healed":0,"gold_gain":0,"cards_transformed":["hermit:Roulette"],"player_choice":"Transformed","damage_taken":0,"max_hp_gain":0,"max_hp_loss":0,"event_name":"Transmorgrifier","floor":19,"gold_loss":0,"cards_obtained":["hermit:PistolWhip"]},{"damage_healed":0,"gold_gain":0,"player_choice":"Obtained Book","damage_taken":16,"max_hp_gain":0,"max_hp_loss":0,"event_name":"Cursed Tome","floor":22,"gold_loss":0},{"damage_healed":0,"gold_gain":0,"player_choice":"Damaged","damage_taken":5,"max_hp_gain":0,"max_hp_loss":0,"event_name":"Wheel of Change","floor":38,"gold_loss":0}],"is_beta":false,"boss_relics":[{"not_picked":["hubris:VirtuousBlindfold","Replay:Drink Me"],"picked":"Philosopher\u0027s Stone"},{"not_picked":["Coffee Dripper","hubris:RunicObelisk"],"picked":"Fusion Hammer"}],"items_purged_floors":[25,46],"is_endless":false,"potions_floor_spawned":[2,18,20,33,39,42,47,48,56],"killed_by":"The Heart","ascension_level":0}}