{"host":"fo1pcjb7ykmk7tjo","time":1608390993,"event":{"mods":["BaseMod","Colored Map","Downfall","Hermit","Hubris","Infinite Spire","Marisa????????","Minty Spire (QoL Compilation)","Replay The Spire","StSLib","The Disciple","The Servant 0.9.4"],"gold_per_floor":[18,18,31,31,51,51,78,78,129,139,139,164,178,198,198,277,277,290,290,290],"floor_reached":19,"playtime":463,"items_purged":[],"score":304,"play_id":"505a6472-a795-4937-8a5c-9eadf2aea247","local_time":"20201219161633","is_ascension_mode":true,"campfire_choices":[{"data":"Whirlwind","floor":6,"key":"SMITH"},{"data":"Warcry","floor":8,"key":"SMITH"},{"data":"Flex","floor":11,"key":"SMITH"},{"data":"ReplayTheSpireMod:Muscle Training","floor":15,"key":"SMITH"}],"circlet_count":0,"master_deck":["AscendersBane","Strike_R","Strike_R+1","Strike_R","Defend_R","Defend_R","Defend_R","Bash","Whirlwind+1","infinitespire:Gouge+1","Flex+1","Warcry+1","Clash","Iron Wave","ReplayTheSpireMod:Muscle Training+1","Barricade"],"relics":["Burning Blood","Whetstone","Bag of Marbles","Centennial Puzzle","Velvet Choker"],"acts_visited":["Exordium","TheCity"],"potions_floor_usage":[12],"damage_taken":[{"damage":14,"enemies":"Jaw Worm","floor":1,"turns":3},{"damage":0,"enemies":"2 Louse","floor":3,"turns":3},{"damage":4,"enemies":"Cultist","floor":5,"turns":3},{"damage":15,"enemies":"3 Sentries","floor":7,"turns":4},{"damage":0,"enemies":"Exordium Wildlife","floor":10,"turns":1},{"damage":15,"enemies":"Lagavulin","floor":12,"turns":3},{"damage":0,"enemies":"3 Louse","floor":13,"turns":1},{"damage":0,"enemies":"Lots of Slimes","floor":14,"turns":1},{"damage":29,"enemies":"The Guardian","floor":16,"turns":6},{"damage":12,"enemies":"Chosen","floor":18,"turns":3}],"seed_played":"6901207956298473363","potions_obtained":[{"floor":1,"key":"ElixirPotion"},{"floor":7,"key":"Adrenaline Potion"},{"floor":13,"key":"SkillPotion"},{"floor":14,"key":"FearPotion"}],"is_trial":false,"path_per_floor":["M","?","M","?","M","R","E","R","T","M","R","E","M","M","R","B",null,"M","?"],"character_chosen":"IRONCLAD","items_purchased":[],"campfire_rested":0,"item_purchase_floors":[],"current_hp_per_floor":[60,41,47,47,49,49,40,40,40,46,46,37,43,49,49,26,63,57,57,57],"gold":290,"neow_bonus":"REMOVE_TWO","is_daily":false,"chose_seed":false,"campfire_upgraded":4,"win_rate":0.0,"timestamp":1608390993,"path_taken":["M","?","M","?","M","R","E","R","T","M","R","E","?","M","R","BOSS","M","?"],"items_purchased_type":[],"build_version":"2020-12-13","purchased_purges":0,"victory":false,"max_hp_per_floor":[75,75,75,75,75,75,75,75,75,75,75,75,75,75,75,75,75,75,75,75],"card_choices":[{"not_picked":["Heavy Blade","Iron Wave"],"picked":"Whirlwind","floor":1},{"not_picked":["infinitespire:NeuralNetwork","ReplayTheSpireMod:??????????????????????"],"picked":"infinitespire:Gouge","floor":2},{"not_picked":["Heavy Blade","Entrench","Rage"],"picked":"SKIP","floor":3},{"not_picked":["Second Wind","Havoc","Iron Wave"],"picked":"SKIP","floor":5},{"not_picked":["Massacre","Reckless Charge"],"picked":"Warcry","floor":7},{"not_picked":["Perfected Strike","Anger","Cleave"],"picked":"SKIP","floor":10},{"not_picked":["Juggernaut","Iron Wave"],"picked":"Clash","floor":12},{"not_picked":["Rupture","Cleave"],"picked":"Iron Wave","floor":13},{"not_picked":["Pummel","Power Through"],"picked":"ReplayTheSpireMod:Muscle Training","floor":14},{"not_picked":["Immolate","Eclipse"],"picked":"Barricade","floor":16},{"not_picked":["ReplayTheSpireMod:LeadingStrike","Combust","Wild Strike+1"],"picked":"SKIP","floor":18}],"player_experience":162909,"relics_obtained":[{"floor":7,"key":"Whetstone"},{"floor":9,"key":"Bag of Marbles"},{"floor":12,"key":"Centennial Puzzle"}],"event_choices":[{"damage_healed":0,"gold_gain":0,"cards_transformed":["Strike_R"],"player_choice":"Transformed","damage_taken":0,"max_hp_gain":0,"max_hp_loss":0,"event_name":"Transmorgrifier","floor":4,"gold_loss":0,"cards_obtained":["Flex"]}],"is_beta":false,"boss_relics":[{"not_picked":["Electric Blood","Empty Cage"],"picked":"Velvet Choker"}],"items_purged_floors":[],"is_endless":false,"potions_floor_spawned":[1,7,13,14,16],"ascension_level":14}}