{"host":"i09pxcjttd31eh4q","time":1608368235,"event":{"mods":["AchievementEnabler","BaseMod","Colored Map","Keyboard Shortcuts","Minty Spire (QoL Compilation)","StSLib","SuperFastMode"],"gold_per_floor":[119,139,158,169,185,185,196,210,210,235,235,185,185,200,200,200,200],"floor_reached":16,"playtime":154,"items_purged":[],"score":96,"play_id":"9a14e913-35bf-47b5-b034-104beb1b46d9","local_time":"20201219175715","is_ascension_mode":false,"campfire_choices":[{"data":"Eruption","floor":6,"key":"SMITH"},{"data":"Tantrum","floor":13,"key":"SMITH"},{"data":"FearNoEvil","floor":15,"key":"SMITH"}],"circlet_count":0,"master_deck":["Strike_P","Strike_P","Strike_P","Defend_P","Defend_P","Defend_P","Defend_P","Eruption+1","Vigilance+1","InnerPeace+1","Tantrum+1","FearNoEvil+1"],"relics":["PureWater","NeowsBlessing","Mango","War Paint"],"acts_visited":["Exordium"],"potions_floor_usage":[7],"damage_taken":[{"damage":0,"enemies":"Cultist","floor":1,"turns":1},{"damage":0,"enemies":"2 Louse","floor":2,"turns":2},{"damage":0,"enemies":"Small Slimes","floor":3,"turns":1},{"damage":5,"enemies":"Looter","floor":4,"turns":4},{"damage":21,"enemies":"Exordium Wildlife","floor":5,"turns":4},{"damage":0,"enemies":"Gremlin Gang","floor":7,"turns":2},{"damage":3,"enemies":"3 Louse","floor":8,"turns":3},{"damage":5,"enemies":"Looter","floor":14,"turns":2},{"damage":0,"enemies":"Hexaghost","floor":16,"turns":1}],"seed_played":"1136680273856576486","potions_obtained":[{"floor":1,"key":"SteroidPotion"},{"floor":3,"key":"Dexterity Potion"},{"floor":8,"key":"AttackPotion"},{"floor":14,"key":"EntropicBrew"}],"is_trial":false,"path_per_floor":["M","M","M","M","M","R","M","M","T","T","$","?","R","M","R","B"],"character_chosen":"WATCHER","items_purchased":[],"campfire_rested":0,"item_purchase_floors":[],"current_hp_per_floor":[72,72,72,67,46,46,46,43,57,57,57,57,57,52,52,52,52],"gold":200,"neow_bonus":"THREE_ENEMY_KILL","is_daily":false,"chose_seed":false,"campfire_upgraded":3,"win_rate":0.0,"timestamp":1608368235,"path_taken":["M","M","M","M","M","R","M","M","T","?","$","?","R","M","R","BOSS"],"items_purchased_type":[],"build_version":"2020-12-13","purchased_purges":0,"victory":false,"max_hp_per_floor":[72,72,72,72,72,72,72,72,86,86,86,86,86,86,86,86,86],"card_choices":[{"not_picked":["Crescendo","Fasting2","CrushJoints"],"picked":"SKIP","floor":1},{"not_picked":["WindmillStrike","WreathOfFlame"],"picked":"InnerPeace","floor":2},{"not_picked":["SashWhip","Pray","ReachHeaven"],"picked":"SKIP","floor":3},{"not_picked":["EmptyFist","EmptyBody"],"picked":"Tantrum","floor":4},{"not_picked":["Vengeance","Consecrate","Conclude"],"picked":"SKIP","floor":5},{"not_picked":["FollowUp","WindmillStrike"],"picked":"FearNoEvil","floor":7},{"not_picked":["ThirdEye","BowlingBash","Evaluate"],"picked":"SKIP","floor":8},{"not_picked":["ReachHeaven","EmptyBody","Pray"],"picked":"SKIP","floor":14}],"player_experience":750211,"relics_obtained":[{"floor":9,"key":"Mango"},{"floor":10,"key":"War Paint"}],"event_choices":[{"cards_removed":["Strike_P"],"damage_healed":0,"gold_gain":0,"player_choice":"Card Removal","damage_taken":0,"max_hp_gain":0,"max_hp_loss":0,"event_name":"The Cleric","floor":12,"gold_loss":50}],"is_beta":false,"boss_relics":[],"items_purged_floors":[],"is_endless":false,"potions_floor_spawned":[1,3,8,14],"killed_by":"Hexaghost","ascension_level":0}}