{"host":"f5n4tidiz2n5sooh","time":1608382756,"event":{"mods":["BaseMod","Bestiary","Colored Map","Minty Spire (QoL Compilation)","Relic Stats","StSLib"],"gold_per_floor":[18,30,48,59,72,72,83,83,83,83,102,112,147,162,162,233,233,251,263,263,263,188,188,221,221,271,303,303,322,341,353,353,429,429,446,456,474,490,52,83,83,102,128,140,0,31,31,31,31,31,31,31,31,31,66,66],"floor_reached":57,"playtime":3661,"items_purged":["Strike_R"],"score":2820,"play_id":"a48a86c3-fd4f-4aed-b8dc-e3b0b5ae1849","local_time":"20201219065916","is_ascension_mode":true,"campfire_choices":[{"data":"Bash","floor":6,"key":"SMITH"},{"data":"Feed","floor":8,"key":"SMITH"},{"data":"Blood for Blood","floor":10,"key":"SMITH"},{"data":"Hemokinesis","floor":15,"key":"SMITH"},{"data":"Disarm","floor":23,"key":"SMITH"},{"data":"Dual Wield","floor":28,"key":"SMITH"},{"data":"Spot Weakness","floor":32,"key":"SMITH"},{"data":"Second Wind","floor":41,"key":"SMITH"},{"data":"Shockwave","floor":47,"key":"SMITH"},{"floor":49,"key":"RECALL"},{"floor":53,"key":"REST"}],"circlet_count":0,"master_deck":["AscendersBane","Defend_R","Defend_R","Defend_R","Defend_R","Bash+1","Feed+1","Disarm+1","Blood for Blood+1","Shockwave+1","Flame Barrier+1","Dual Wield+1","Hemokinesis+1","Burning Pact","Exhume","Necronomicurse","Blood for Blood","Dark Embrace+1","Second Wind+1","Spot Weakness+1","Corruption","Shrug It Off+1","Entrench"],"relics":["Burning Blood","Meat on the Bone","Dead Branch","Sozu","Necronomicon","Pocketwatch","Mango","Red Skull","The Courier","Empty Cage","Medical Kit","Lizard Tail","Torii","Red Mask","Toy Ornithopter","Blood Vial"],"acts_visited":["Exordium","TheCity","TheBeyond","TheEnding"],"potions_floor_usage":[13,16,33],"damage_taken":[{"damage":6.0,"enemies":"Cultist","floor":1.0,"turns":3.0},{"damage":9.0,"enemies":"2 Louse","floor":2.0,"turns":4.0},{"damage":12.0,"enemies":"Jaw Worm","floor":3.0,"turns":4.0},{"damage":36.0,"enemies":"Exordium Thugs","floor":4.0,"turns":6.0},{"damage":4,"enemies":"2 Fungi Beasts","floor":5,"turns":6},{"damage":14,"enemies":"Lots of Slimes","floor":7,"turns":6},{"damage":13,"enemies":"Looter","floor":11,"turns":4},{"damage":27,"enemies":"Gremlin Gang","floor":12,"turns":4},{"damage":28,"enemies":"Lagavulin","floor":13,"turns":6},{"damage":21,"enemies":"Large Slime","floor":14,"turns":6},{"damage":29,"enemies":"Slime Boss","floor":16,"turns":11},{"damage":26,"enemies":"2 Thieves","floor":18,"turns":5},{"damage":31,"enemies":"3 Byrds","floor":19,"turns":7},{"damage":54,"enemies":"Gremlin Leader","floor":24,"turns":7},{"damage":25,"enemies":"Slavers","floor":27,"turns":5},{"damage":24,"enemies":"Snake Plant","floor":29,"turns":3},{"damage":28,"enemies":"Sentry and Sphere","floor":30,"turns":4},{"damage":4,"enemies":"Centurion and Healer","floor":31,"turns":6},{"damage":19,"enemies":"Champ","floor":33,"turns":10},{"damage":6,"enemies":"3 Darklings","floor":35,"turns":4},{"damage":17,"enemies":"Orb Walker","floor":36,"turns":3},{"damage":48,"enemies":"3 Darklings","floor":37,"turns":9},{"damage":33,"enemies":"Sphere and 2 Shapes","floor":38,"turns":8},{"damage":8,"enemies":"Giant Head","floor":40,"turns":4},{"damage":25,"enemies":"4 Shapes","floor":42,"turns":5},{"damage":9,"enemies":"Transient","floor":44,"turns":6},{"damage":14,"enemies":"Reptomancer","floor":46,"turns":4},{"damage":33,"enemies":"Time Eater","floor":50,"turns":7},{"damage":56,"enemies":"Awakened One","floor":51,"turns":7},{"damage":63,"enemies":"Shield and Spear","floor":55,"turns":7},{"damage":150,"enemies":"The Heart","floor":56,"turns":7}],"seed_played":"-5155069506904169127","potions_obtained":[{"floor":4.0,"key":"SpeedPotion"},{"floor":11,"key":"Strength Potion"},{"floor":13,"key":"SmokeBomb"},{"floor":14,"key":"Regen Potion"},{"floor":16,"key":"CultistPotion"}],"is_trial":false,"path_per_floor":["M","M","M","M","M","R","M","R","T","R","M","M","E","M","R","B",null,"M","M","?","?","?","R","E","T","T","E","R","M","M","M","R","B",null,"M","M","M","M","$","E","R","M","T","M","?","E","R","?","R","B","B",null,"R","$","E","B",null],"character_chosen":"IRONCLAD","items_purchased":["Medical Kit","Lizard Tail"],"campfire_rested":1,"item_purchase_floors":[39,39],"current_hp_per_floor":[71,71,68,41,46,46,41,41,41,41,50,45,39,40,40,52,101,81,76,55,55,55,55,23,37,37,34,34,32,26,48,48,47,134,134,127,101,90,90,104,104,101,101,98,98,106,106,106,106,91,57,158,191,191,134,99],"gold":66,"neow_bonus":"THREE_RARE_CARDS","is_daily":false,"chose_seed":false,"campfire_upgraded":9,"win_rate":0.0,"timestamp":1608382756,"path_taken":["M","M","M","M","M","R","M","R","T","R","M","?","E","M","R","BOSS","M","M","?","?","?","R","E","?","T","E","R","M","?","M","R","BOSS","M","M","M","M","$","E","R","M","T","M","?","E","R","?","R","BOSS","BOSS","R","$","E","BOSS"],"items_purchased_type":["Relic","Relic"],"build_version":"2020-12-13","purchased_purges":1,"victory":true,"max_hp_per_floor":[78,81,84,87,90,90,93,93,93,93,97,101,105,109,109,117,117,117,125,125,125,125,125,129,143,143,147,147,151,155,163,163,163,163,163,167,171,175,175,179,179,183,183,183,183,187,187,187,187,187,191,191,191,191,191,191],"relic_stats":{"Torii":26,"counters":[31,178],"Dead Branch":[449],"Medical Kit":[16],"Burning Blood":186,"Sozu":8,"Blood Vial":2,"Lizard Tail":95,"Necronomicon":[49],"obtain_stats":[{"Torii":40,"Dead Branch":13,"Mango":25,"The Courier":27,"Empty Cage":34,"Medical Kit":39,"Burning Blood":0,"Sozu":17,"Blood Vial":55,"Lizard Tail":39,"Necronomicon":20,"Red Mask":45,"Red Skull":26,"Toy Ornithopter":46,"Meat on the Bone":9,"Pocketwatch":24},{"Torii":24,"Dead Branch":9,"Mango":14,"The Courier":15,"Empty Cage":19,"Medical Kit":23,"Burning Blood":0,"Sozu":11,"Blood Vial":30,"Lizard Tail":23,"Necronomicon":13,"Red Mask":26,"Red Skull":14,"Toy Ornithopter":27,"Meat on the Bone":6,"Pocketwatch":14},{"Torii":135,"Dead Branch":43,"Mango":79,"The Courier":84,"Empty Cage":107,"Medical Kit":131,"Burning Blood":0,"Sozu":60,"Blood Vial":171,"Lizard Tail":131,"Necronomicon":72,"Red Mask":146,"Red Skull":79,"Toy Ornithopter":150,"Meat on the Bone":29,"Pocketwatch":79}],"Toy Ornithopter":0,"Meat on the Bone":240,"Pocketwatch":[79]},"card_choices":[{"not_picked":["Demon Form","Immolate"],"picked":"Feed","floor":0.0},{"not_picked":["Havoc","Flex"],"picked":"Disarm","floor":1.0},{"not_picked":["Fire Breathing","Heavy Blade"],"picked":"Blood for Blood","floor":2.0},{"not_picked":["Whirlwind","Headbutt"],"picked":"Shockwave","floor":3.0},{"not_picked":["Bloodletting","Carnage"],"picked":"Flame Barrier","floor":4.0},{"not_picked":["Warcry","Shrug It Off"],"picked":"Dual Wield","floor":5},{"not_picked":["Disarm","Warcry","Sword Boomerang"],"picked":"SKIP","floor":7},{"not_picked":["Searing Blow","Infernal Blade","Body Slam"],"picked":"SKIP","floor":11},{"not_picked":["True Grit","Entrench"],"picked":"Hemokinesis","floor":12},{"not_picked":["Perfected Strike","Warcry","Sentinel"],"picked":"SKIP","floor":13},{"not_picked":["Evolve","Flex"],"picked":"Burning Pact","floor":14},{"not_picked":["Offering","Double Tap"],"picked":"Exhume","floor":16},{"not_picked":["Flex","Warcry","Whirlwind"],"picked":"SKIP","floor":18},{"not_picked":["Shockwave","Havoc","Cleave"],"picked":"SKIP","floor":19},{"not_picked":["True Grit","Rage","Dual Wield"],"picked":"SKIP","floor":24},{"not_picked":["Shockwave","Clothesline"],"picked":"Dark Embrace+1","floor":27},{"not_picked":["Cleave","Dark Embrace","Anger"],"picked":"SKIP","floor":29},{"not_picked":["Iron Wave","Limit Break"],"picked":"Second Wind","floor":30},{"not_picked":["Body Slam","Iron Wave"],"picked":"Spot Weakness","floor":31},{"not_picked":["Exhume","Immolate"],"picked":"Corruption","floor":33},{"not_picked":["Evolve","Battle Trance","Metallicize"],"picked":"SKIP","floor":35},{"not_picked":["Metallicize","Pummel"],"picked":"Shrug It Off+1","floor":36},{"not_picked":["Infernal Blade","Anger","Flame Barrier"],"picked":"SKIP","floor":37},{"not_picked":["Thunderclap","Battle Trance"],"picked":"Entrench","floor":38},{"not_picked":["Metallicize","Cleave","Dropkick"],"picked":"SKIP","floor":40},{"not_picked":["Headbutt","Perfected Strike","Immolate"],"picked":"SKIP","floor":42},{"not_picked":["Flex+1","Havoc","Clothesline"],"picked":"SKIP","floor":44},{"not_picked":["Pummel","Dropkick+1","Sentinel"],"picked":"SKIP","floor":46},{"not_picked":["Armaments","Whirlwind","Corruption"],"picked":"SKIP","floor":55}],"player_experience":1895236,"relics_obtained":[{"floor":9,"key":"Meat on the Bone"},{"floor":13,"key":"Dead Branch"},{"floor":20,"key":"Necronomicon"},{"floor":24,"key":"Pocketwatch"},{"floor":25,"key":"Mango"},{"floor":26,"key":"Red Skull"},{"floor":27,"key":"The Courier"},{"floor":40,"key":"Torii"},{"floor":46,"key":"Toy Ornithopter"},{"floor":55,"key":"Blood Vial"}],"event_choices":[{"damage_healed":0,"gold_gain":0,"player_choice":"Obtained Book","damage_taken":21,"max_hp_gain":0,"max_hp_loss":0,"event_name":"Cursed Tome","floor":20,"gold_loss":0},{"damage_healed":0,"gold_gain":0,"cards_transformed":["Strike_R","Strike_R"],"player_choice":"Became Test Subject","damage_taken":0,"max_hp_gain":0,"max_hp_loss":0,"event_name":"Drug Dealer","floor":21,"gold_loss":0,"cards_obtained":["Blood for Blood","Clash"]},{"cards_removed":["Clash"],"damage_healed":0,"gold_gain":0,"player_choice":"Gave Gold","damage_taken":0,"max_hp_gain":0,"max_hp_loss":0,"event_name":"Beggar","floor":22,"gold_loss":75},{"damage_healed":0,"gold_gain":0,"player_choice":"Paid","damage_taken":0,"relics_obtained":["Red Mask"],"max_hp_gain":0,"max_hp_loss":0,"event_name":"Tomb of Lord Red Mask","floor":45,"gold_loss":140},{"damage_healed":0,"gold_gain":0,"player_choice":"Upgraded","damage_taken":0,"max_hp_gain":0,"max_hp_loss":0,"event_name":"Upgrade Shrine","floor":48,"gold_loss":0,"cards_upgraded":["Flame Barrier"]}],"is_beta":false,"boss_relics":[{"not_picked":["Runic Cube","Black Blood"],"picked":"Sozu"},{"not_picked":["SacredBark","Philosopher\u0027s Stone"],"picked":"Empty Cage"}],"items_purged_floors":[39],"is_endless":false,"potions_floor_spawned":[4,11,13,14,16,24,27,30,31,36,37,38,55],"ascension_level":20}}