{"host":"mqhvlr3kpxebko0t","time":1608375281,"event":{"mods":["AchievementEnabler","BaseMod","Colored Map","Colored Powertips","Keyboard Shortcuts","Minty Spire (QoL Compilation)","StSLib","SuperFastMode"],"gold_per_floor":[115,95,108,108,73,99,110,110,110],"floor_reached":8,"playtime":63,"items_purged":[],"score":142,"play_id":"b302dc9a-0b7e-45e3-b6ca-71a73324bf12","local_time":"20201219195441","is_ascension_mode":true,"campfire_choices":[],"circlet_count":0,"master_deck":["AscendersBane","Strike_B","Strike_B","Strike_B","Defend_B","Defend_B","Defend_B","Defend_B","Zap","Dualcast","Chaos","Compile Driver","Chill","Blizzard"],"relics":["Cracked Core","NeowsBlessing","Potion Belt"],"acts_visited":["Exordium"],"potions_floor_usage":[],"damage_taken":[{"damage":0,"enemies":"2 Louse","floor":1,"turns":1},{"damage":0,"enemies":"Cultist","floor":3,"turns":1},{"damage":0,"enemies":"3 Sentries","floor":6,"turns":1},{"damage":0,"enemies":"Jaw Worm","floor":7,"turns":3},{"damage":0,"enemies":"Gremlin Nob","floor":8,"turns":1}],"seed_played":"5773643857087739111","potions_obtained":[{"floor":1,"key":"Block Potion"},{"floor":2,"key":"Block Potion"},{"floor":7,"key":"SpeedPotion"}],"is_trial":false,"path_per_floor":["M","?","M","?","$","E","M","E"],"character_chosen":"DEFECT","items_purchased":["Chill"],"campfire_rested":0,"item_purchase_floors":[5],"current_hp_per_floor":[64,64,64,57,57,57,57,57,57],"gold":110,"neow_bonus":"THREE_ENEMY_KILL","is_daily":false,"chose_seed":false,"campfire_upgraded":0,"win_rate":0.0,"timestamp":1608375281,"path_taken":["M","?","?","?","$","E","M","E"],"items_purchased_type":["Card"],"build_version":"2020-12-13","purchased_purges":0,"victory":false,"max_hp_per_floor":[71,71,71,71,71,71,71,71,71],"card_choices":[{"not_picked":["Cold Snap","Go for the Eyes"],"picked":"Chaos","floor":1},{"not_picked":["Consume","Turbo"],"picked":"Compile Driver","floor":3},{"not_picked":["Reinforced Body","Steam","Fusion"],"picked":"SKIP","floor":6},{"not_picked":["Beam Cell","Leap"],"picked":"Blizzard","floor":7}],"player_experience":651463,"relics_obtained":[{"floor":6,"key":"Potion Belt"}],"event_choices":[{"damage_healed":0,"gold_gain":0,"player_choice":"Bought 1 Potion","damage_taken":0,"max_hp_gain":0,"max_hp_loss":0,"event_name":"The Woman in Blue","floor":2,"gold_loss":0},{"cards_removed":["Strike_B"],"damage_healed":0,"gold_gain":0,"player_choice":"Card Removal","damage_taken":7,"max_hp_gain":0,"max_hp_loss":0,"event_name":"Golden Wing","floor":4,"gold_loss":0}],"is_beta":false,"boss_relics":[],"items_purged_floors":[],"is_endless":false,"potions_floor_spawned":[1,7],"killed_by":"Gremlin Nob","ascension_level":15}}