{"host":"gx04ak8ofzo346nl","time":1608402997,"event":{"mods":["BaseMod","Colored Map","Downfall","Googly Eyes","Minty Spire (QoL Compilation)","Replay The Spire","StSLib"],"gold_per_floor":[99,132,189,189,222,6,6,19,4,32,50,50,70,89,106,204,204,54,105,121,152,100,25,49,82,82,117,134,134,134,119,137,232,232,232,242,242,268,283,283,283,283,315,315,303,303,156,156,196,196,196,223,3,3,3],"floor_reached":56,"playtime":5368,"items_purged":[],"score":1523,"play_id":"39bbbb4b-3285-4f88-8217-265ac68afe78","local_time":"20201219103637","is_ascension_mode":true,"campfire_choices":[{"floor":1,"key":"RECALL"},{"data":"sneckomod:Unknown3Cost","floor":18,"key":"SMITH"},{"data":"sneckomod:SoulCleanse","floor":23,"key":"SMITH"},{"floor":26,"key":"REST"},{"data":"sneckomod:MorePower","floor":35,"key":"SMITH"},{"data":"sneckomod:UnknownRareAttack","floor":40,"key":"SMITH"},{"data":"sneckomod:UnknownRarePower","floor":42,"key":"SMITH"},{"data":"sneckomod:SnekBeam","floor":44,"key":"SMITH"},{"floor":54,"key":"REST"}],"circlet_count":0,"master_deck":["sneckomod:Strike+1","sneckomod:Strike+1","sneckomod:Strike","sneckomod:Defend","sneckomod:Defend","sneckomod:Defend","sneckomod:TailWhip","sneckomod:SnekBite+1","sneckomod:Unknown+1","sneckomod:Unknown","sneckomod:UnknownStrike","sneckomod:UnknownUncommonSkill+1","Regret","sneckomod:UnknownCommonAttack","sneckomod:SoulCleanse+1","sneckomod:Unknown1Cost","sneckomod:UnknownUncommonPower","sneckomod:UnknownCommonSkill","sneckomod:Unknown2Cost+1","sneckomod:UnknownUncommonPower","sneckomod:UnknownBlock","sneckomod:UnknownCommonAttack","sneckomod:UnknownUncommonAttack","sneckomod:Unknown3Cost+1","sneckomod:QuickMove+1","sneckomod:Unknown0Cost","sneckomod:UnknownStrike+1","sneckomod:Unknown1Cost+1","sneckomod:Unknown1Cost","sneckomod:SnakeSap","sneckomod:UnknownBlock","sneckomod:UnknownRareAttack+1","sneckomod:UnknownBlock","sneckomod:MorePower+1","sneckomod:Unknown3Cost+1","sneckomod:WideSting+1","sneckomod:Unknown2Cost+1","Pot Of Greed","Pot Of Greed","Pot Of Greed","Pot Of Greed","sneckomod:UnknownRarePower+1","sneckomod:Nope+1","sneckomod:UnknownRareAttack+1","sneckomod:SnekBeam+1","sneckomod:UnknownVulnerable","sneckomod:UnknownUncommonPower","sneckomod:SnekBeam+1","expansioncontent:GoopSpray","sneckomod:UnknownStrength+1","sneckomod:UnknownExhaust+1","Pot Of Greed","sneckomod:UnknownStrength+1","sneckomod:DiceBlock","sneckomod:SnekBeam"],"relics":["sneckomod:SneckoSoul","HornCleat","Replay:Bottled Steam","Replay:Towering Pillar of Hats","PreservedInsect","Meat on the Bone","Ring of Hypnosis","Ring of Panic","Replay:Bronze Core","downfall:HeartBlessingRed","downfall:HeartBlessingBlue","Juzu Bracelet","downfall:HeartBlessingGreen","Vajra","Mango","Bottled Tornado","Sozu","Grinning Jar","White Beast Statue","Replay:Rubber Ducky","Orichalcum","Chemical X","DollysMirror","Bronze Scales","Whetstone"],"acts_visited":["Exordium","TheCity","TheBeyond","TheEnding"],"potions_floor_usage":[5,5,15,16,16,28,31,33,55,55,55],"damage_taken":[{"damage":12,"enemies":"Gremlin Nob","floor":2,"turns":4},{"damage":17,"enemies":"Lagavulin","floor":5,"turns":4},{"damage":3,"enemies":"downfall:FleeingMerchant","floor":6,"turns":4},{"damage":0,"enemies":"2 Louse","floor":8,"turns":1},{"damage":0,"enemies":"downfall:FleeingMerchant","floor":9,"turns":4},{"damage":4,"enemies":"Gremlin Nob","floor":10,"turns":4},{"damage":11,"enemies":"Jaw Worm","floor":11,"turns":3},{"damage":0,"enemies":"Small Slimes","floor":13,"turns":2},{"damage":0,"enemies":"Red Slaver","floor":14,"turns":1},{"damage":9,"enemies":"Exordium Wildlife","floor":15,"turns":3},{"damage":65,"enemies":"downfall:Defect","floor":16,"turns":7},{"damage":45,"enemies":"Book of Stabbing","floor":19,"turns":5},{"damage":1,"enemies":"3 Byrds","floor":20,"turns":4},{"damage":47,"enemies":"Gremlin Leader","floor":21,"turns":5},{"damage":0,"enemies":"downfall:FleeingMerchant","floor":22,"turns":5},{"damage":13,"enemies":"Replay:Snechameleon","floor":25,"turns":4},{"damage":36,"enemies":"Gremlin Leader","floor":27,"turns":5},{"damage":1,"enemies":"Snecko","floor":28,"turns":5},{"damage":2,"enemies":"downfall:FleeingMerchant","floor":31,"turns":5},{"damage":8,"enemies":"Centurion and Healer","floor":32,"turns":6},{"damage":26,"enemies":"downfall:Watcher","floor":33,"turns":8},{"damage":2,"enemies":"3 Shapes","floor":36,"turns":5},{"damage":17,"enemies":"R_Hoarder","floor":38,"turns":6},{"damage":11,"enemies":"Orb Walker","floor":39,"turns":3},{"damage":44,"enemies":"Reptomancer","floor":43,"turns":8},{"damage":0,"enemies":"downfall:FleeingMerchant","floor":45,"turns":1},{"damage":30,"enemies":"Spire Growth","floor":49,"turns":6},{"damage":48,"enemies":"downfall:Ironclad","floor":50,"turns":10},{"damage":43,"enemies":"downfall:CharBossMerchant","floor":52,"turns":5},{"damage":30,"enemies":"downfall:NeowBoss","floor":55,"turns":26}],"seed_played":"-6246394796722556766","potions_obtained":[{"floor":2,"key":"AttackPotion"},{"floor":3,"key":"Block Potion"},{"floor":11,"key":"SpeedPotion"},{"floor":13,"key":"Adrenaline Potion"},{"floor":14,"key":"SteroidPotion"},{"floor":15,"key":"SkillPotion"},{"floor":21,"key":"Strength Potion"},{"floor":29,"key":"sneckomod:DiceRollPotion"},{"floor":29,"key":"Block Potion"},{"floor":29,"key":"LiquidBronze"},{"floor":32,"key":"Weak Potion"},{"floor":33,"key":"PowerPotion"}],"is_trial":false,"path_per_floor":["R","E","?","?","E","$","T","M","$","E","M","?","M","M","M","B",null,"R","E","M","E","$","R","T","E","R","E","M","?","?","$","M","B",null,"R","M","?","E","M","R","T","R","E","R","?","?","$","?","M","B",null,"E","$","R","B",null],"character_chosen":"THE_SNECKO","items_purchased":["PreservedInsect","sneckomod:Unknown1Cost","sneckomod:Unknown1Cost+1","Orichalcum","Chemical X","sneckomod:UnknownUncommonPower","DollysMirror","Whetstone","sneckomod:SnekBeam"],"campfire_rested":2,"item_purchase_floors":[6,6,22,45,45,45,47,53,53],"current_hp_per_floor":[99,88,49,49,33,31,31,32,33,30,32,32,45,58,72,20,114,124,84,83,49,63,63,63,77,119,91,91,91,91,90,99,79,146,146,145,145,130,119,119,119,119,76,76,78,78,78,78,62,30,154,112,112,155,125],"gold":3,"neow_bonus":"TEN_PERCENT_HP_BONUS","is_daily":false,"chose_seed":false,"campfire_upgraded":6,"win_rate":0.0,"timestamp":1608402997,"path_taken":["R","E","?","?","E","$","T","M","?","E","M","?","M","?","M","BOSS","R","E","M","E","$","R","T","E","R","E","M","?","?","$","M","BOSS","R","M","?","E","M","R","T","R","E","R","?","?","$","?","M","BOSS","E","$","R","BOSS"],"items_purchased_type":["Relic","Card","Card","Relic","Relic","Card","Relic","Relic","Card"],"build_version":"2020-12-13","purchased_purges":0,"victory":true,"max_hp_per_floor":[99,100,101,101,102,103,103,104,105,106,107,107,108,109,113,114,114,124,125,125,126,128,128,128,143,143,143,144,144,144,145,146,146,146,146,147,147,149,149,149,149,149,150,150,152,152,152,152,154,154,154,155,155,155,155],"card_choices":[{"not_picked":["sneckomod:MasterEye","sneckomod:UnknownCommonSkill"],"picked":"sneckomod:UnknownStrike","floor":2},{"not_picked":["sneckomod:QuickBite","sneckomod:UnknownCommonAttack"],"picked":"sneckomod:UnknownUncommonSkill","floor":3},{"not_picked":["sneckomod:UnknownVulnerable","sneckomod:PureSnecko"],"picked":"sneckomod:UnknownCommonAttack","floor":5},{"not_picked":["sneckomod:WideSting","sneckomod:IronFang"],"picked":"sneckomod:SoulCleanse","floor":6},{"not_picked":["sneckomod:UnknownWeak","sneckomod:QuickMove"],"picked":"sneckomod:UnknownUncommonPower","floor":8},{"not_picked":["sneckomod:DiceBoulder","sneckomod:UnknownClassTHE_CHAMP_GRAY"],"picked":"sneckomod:UnknownCommonSkill","floor":9},{"not_picked":["sneckomod:Mudshield","sneckomod:UnknownX"],"picked":"sneckomod:Unknown2Cost","floor":10},{"not_picked":["sneckomod:IronFang","sneckomod:UnknownVulnerable"],"picked":"sneckomod:UnknownUncommonPower","floor":11},{"not_picked":["sneckomod:UnknownStrike","sneckomod:DiceBlock"],"picked":"sneckomod:UnknownBlock","floor":13},{"not_picked":["sneckomod:UnknownClassPURPLE","sneckomod:UnknownStrike"],"picked":"sneckomod:UnknownCommonAttack","floor":14},{"not_picked":["sneckomod:RainOfDice","sneckomod:DiceCrush"],"picked":"sneckomod:UnknownUncommonAttack","floor":15},{"not_picked":["sneckomod:UnlimitedRolls","sneckomod:Cheat"],"picked":"sneckomod:Unknown3Cost","floor":16},{"not_picked":["sneckomod:SoulDraw","sneckomod:SoulRoll"],"picked":"sneckomod:UnknownWeak+1","floor":19},{"not_picked":["sneckomod:TrashToTreasure","sneckomod:SoulRoll"],"picked":"sneckomod:QuickMove+1","floor":20},{"not_picked":["sneckomod:WideSting+1","sneckomod:UnknownClassGUARDIAN"],"picked":"sneckomod:Unknown0Cost","floor":21},{"not_picked":["sneckomod:IronFang","sneckomod:UnknownClassGREEN+1"],"picked":"sneckomod:UnknownStrike","floor":22},{"not_picked":["sneckomod:ImprovisedGuard","sneckomod:UnknownCommonAttack"],"picked":"sneckomod:Unknown1Cost","floor":25},{"not_picked":["sneckomod:SoulRoll","sneckomod:WideSting"],"picked":"sneckomod:SnakeSap","floor":27},{"not_picked":["sneckomod:Unknown2Cost","sneckomod:DiceBlock"],"picked":"sneckomod:UnknownBlock","floor":28},{"not_picked":["sneckomod:DiceCrush+1","sneckomod:IronFang+1"],"picked":"sneckomod:UnknownRareAttack","floor":31},{"not_picked":["sneckomod:UnknownClassTHE_CHAMP_GRAY","sneckomod:UnknownEthereal+1"],"picked":"sneckomod:UnknownBlock","floor":32},{"not_picked":["sneckomod:SoulExchange","sneckomod:Mudshield"],"picked":"sneckomod:MorePower","floor":33},{"not_picked":["sneckomod:UnknownBlock+1","sneckomod:UnknownClassPURPLE+1"],"picked":"sneckomod:Unknown3Cost+1","floor":36},{"not_picked":["sneckomod:PureSnecko","sneckomod:UnknownClassBLUE"],"picked":"sneckomod:WideSting+1","floor":36},{"not_picked":["sneckomod:UnknownBlock+1","sneckomod:UnknownClassGUARDIAN+1"],"picked":"sneckomod:Unknown2Cost+1","floor":38},{"not_picked":["sneckomod:QuickMove+1","sneckomod:TrashToTreasure+1"],"picked":"sneckomod:UnknownRarePower","floor":38},{"not_picked":["sneckomod:SoulRoll","sneckomod:WideSting"],"picked":"sneckomod:Nope+1","floor":39},{"not_picked":["sneckomod:UnknownClassBLUE+1","sneckomod:Unknown0Cost+1"],"picked":"sneckomod:UnknownRareAttack+1","floor":43},{"not_picked":["sneckomod:UnknownClassTHE_CHAMP_GRAY+1","sneckomod:SlitherStrike+1"],"picked":"sneckomod:SnekBeam","floor":43},{"not_picked":["sneckomod:UnknownClassGREEN+1","sneckomod:QuickBite"],"picked":"sneckomod:UnknownVulnerable","floor":45},{"not_picked":["expansioncontent:ManipulateTime","Replay:SS_fish_3"],"picked":"expansioncontent:GoopSpray","floor":48},{"not_picked":["sneckomod:UnknownBlock+1","sneckomod:UnknownWeak+1"],"picked":"sneckomod:UnknownStrength+1","floor":49},{"not_picked":["sneckomod:UnknownCommonSkill+1","sneckomod:UnknownVulnerable"],"picked":"sneckomod:UnknownExhaust+1","floor":49},{"not_picked":["sneckomod:UnknownUncommonSkill+1","sneckomod:UnknownClassRED+1"],"picked":"sneckomod:UnknownStrength+1","floor":52},{"not_picked":["sneckomod:SoulDraw+1","sneckomod:DiceCrush"],"picked":"sneckomod:DiceBlock","floor":52}],"player_experience":176339,"relics_obtained":[{"floor":2,"key":"HornCleat"},{"floor":3,"key":"Replay:Bottled Steam"},{"floor":5,"key":"Replay:Towering Pillar of Hats"},{"floor":10,"key":"Meat on the Bone"},{"floor":12,"key":"Ring of Hypnosis"},{"floor":12,"key":"Ring of Panic"},{"floor":19,"key":"Juzu Bracelet"},{"floor":21,"key":"War Paint"},{"floor":24,"key":"Vajra"},{"floor":25,"key":"Mango"},{"floor":27,"key":"Bottled Tornado"},{"floor":38,"key":"Grinning Jar"},{"floor":41,"key":"White Beast Statue"},{"floor":43,"key":"Replay:Rubber Ducky"},{"floor":52,"key":"Bronze Scales"}],"event_choices":[{"damage_healed":0,"gold_gain":0,"player_choice":"Ignored","damage_taken":0,"max_hp_gain":0,"max_hp_loss":0,"event_name":"Vampires","floor":30,"gold_loss":0},{"cards_removed":["sneckomod:UnknownWeak"],"damage_healed":0,"gold_gain":0,"player_choice":"Removed Skill","damage_taken":0,"max_hp_gain":0,"max_hp_loss":0,"event_name":"Falling","floor":46,"gold_loss":0}],"is_beta":false,"boss_relics":[{"not_picked":["Fusion Hammer","Replay:Ancient Bell"],"picked":"Replay:Bronze Core"},{"not_picked":["Cursed Key","Tiny House"],"picked":"Sozu"}],"items_purged_floors":[],"is_endless":false,"potions_floor_spawned":[2,11,13,14,15,21,32,33,38,43,45,49,52],"ascension_level":1}}