{"host":"gc0hqzwg2gd3zszy","time":1608367499,"event":{"mods":["BaseMod","DeckTracker","Minty Spire (QoL Compilation)","Relic Stats","SuperFastMode"],"gold_per_floor":[110,125,145,145,70,70,105,117,171,171,171,187,206,206,106,106,183,183,193,193,213,213,226,260,260,260,260,135,151,162,216,229,229,229,229],"floor_reached":34,"playtime":1160,"items_purged":["Defend_P","Strike_P","Fasting2"],"score":698,"play_id":"6a58c8ad-702f-47d6-8118-58910a38cb39","local_time":"20201219174459","is_ascension_mode":true,"campfire_choices":[{"data":"Eruption","floor":6.0,"key":"SMITH"},{"floor":11.0,"key":"REST"},{"floor":16.0,"key":"REST"},{"data":"WheelKick","floor":25,"key":"SMITH"},{"floor":33,"key":"REST"}],"circlet_count":0,"master_deck":["AscendersBane","Eruption+1","Vigilance","Halt","FollowUp","WheelKick+1","DeusExMachina","Consecrate","Brilliance","Wallop","InnerPeace"],"relics":["PureWater","FossilizedHelix","Mercury Hourglass","Juzu Bracelet","Mummified Hand","Pandora\u0027s Box","Omamori","Blood Vial"],"acts_visited":["Exordium","TheCity"],"potions_floor_usage":[19,23,34],"damage_taken":[{"damage":0.0,"enemies":"Jaw Worm","floor":1.0,"turns":4.0},{"damage":0.0,"enemies":"2 Louse","floor":2.0,"turns":4.0},{"damage":0.0,"enemies":"Small Slimes","floor":3.0,"turns":3.0},{"damage":54.0,"enemies":"Lagavulin","floor":7.0,"turns":9.0},{"damage":0.0,"enemies":"Looter","floor":8.0,"turns":3.0},{"damage":17.0,"enemies":"Gremlin Gang","floor":12.0,"turns":5.0},{"damage":0.0,"enemies":"2 Fungi Beasts","floor":13.0,"turns":3.0},{"damage":0,"enemies":"Slime Boss","floor":17,"turns":4},{"damage":0,"enemies":"3 Byrds","floor":19,"turns":3},{"damage":0,"enemies":"2 Thieves","floor":21,"turns":3},{"damage":0,"enemies":"Centurion and Healer","floor":23,"turns":3},{"damage":0,"enemies":"Gremlin Leader","floor":24,"turns":3},{"damage":32,"enemies":"Snake Plant","floor":29,"turns":2},{"damage":22,"enemies":"Shelled Parasite and Fungi","floor":30,"turns":4},{"damage":0,"enemies":"Cultist and Chosen","floor":32,"turns":3},{"damage":72,"enemies":"Automaton","floor":34,"turns":8}],"seed_played":"8970332006229706635","potions_obtained":[{"floor":2.0,"key":"SkillPotion"},{"floor":7.0,"key":"SteroidPotion"},{"floor":13.0,"key":"LiquidBronze"},{"floor":21,"key":"PowerPotion"},{"floor":24,"key":"FairyPotion"},{"floor":32,"key":"GamblersBrew"}],"is_trial":false,"path_per_floor":["M","M","M","?","$","R","E","M","T","T","R","M","M","M","$","R","B",null,"M","?","M","?","M","E","R","?","T","$","M","M","T","M","R","B"],"character_chosen":"WATCHER","items_purchased":[],"campfire_rested":3,"item_purchase_floors":[],"current_hp_per_floor":[61,61,61,61,61,61,7,7,7,7,25,8,8,8,8,26,26,53,53,53,53,53,53,53,53,53,53,53,23,3,3,5,23,0,0],"gold":229,"neow_bonus":"ONE_RARE_RELIC","is_daily":false,"chose_seed":false,"campfire_upgraded":2,"win_rate":0.0,"timestamp":1608367499,"path_taken":["M","M","M","?","$","R","E","M","T","?","R","M","M","M","$","R","BOSS","M","?","M","?","M","E","R","?","T","$","M","M","?","M","R","BOSS"],"items_purchased_type":[],"build_version":"2020-12-13","purchased_purges":3,"victory":false,"max_hp_per_floor":[62,62,62,62,62,62,62,62,62,62,62,62,62,62,62,62,62,62,62,62,62,62,62,62,62,62,62,62,62,62,62,62,62,62,62],"relic_stats":{"Blood Vial":8,"counters":[16,64],"Mummified Hand":[2],"Pandora\u0027s Box":["SignatureMove","Consecrate","Fasting2","Brilliance","Wallop"],"Juzu Bracelet":0,"obtain_stats":[{"Blood Vial":27,"Mummified Hand":10,"Pandora\u0027s Box":18,"Juzu Bracelet":9,"Omamori":24,"PureWater":0,"FossilizedHelix":0,"Mercury Hourglass":7},{"Blood Vial":12,"Mummified Hand":5,"Pandora\u0027s Box":8,"Juzu Bracelet":5,"Omamori":12,"PureWater":0,"FossilizedHelix":0,"Mercury Hourglass":4},{"Blood Vial":47,"Mummified Hand":23,"Pandora\u0027s Box":35,"Juzu Bracelet":23,"Omamori":47,"PureWater":0,"FossilizedHelix":0,"Mercury Hourglass":20}],"Mercury Hourglass":[190]},"card_choices":[{"not_picked":["SashWhip","Crescendo","Prostrate"],"picked":"SKIP","floor":1.0},{"not_picked":["Protect","JustLucky","Consecrate"],"picked":"SKIP","floor":2.0},{"not_picked":["WindmillStrike","FlurryOfBlows"],"picked":"Halt","floor":3.0},{"not_picked":["Perseverance","BowlingBash","Nirvana"],"picked":"SKIP","floor":7.0},{"not_picked":["EmptyBody","ReachHeaven","JustLucky"],"picked":"SKIP","floor":8.0},{"not_picked":["Swivel","Evaluate"],"picked":"FollowUp","floor":12.0},{"not_picked":["Wallop","EmptyBody"],"picked":"WheelKick","floor":13.0},{"not_picked":["Devotion","LessonLearned"],"picked":"DeusExMachina","floor":17},{"not_picked":["Crescendo+1","FlurryOfBlows","PathToVictory"],"picked":"SKIP","floor":19},{"not_picked":["Wallop","EmptyBody+1","Crescendo+1"],"picked":"SKIP","floor":21},{"not_picked":["FollowUp","TalkToTheHand","FlurryOfBlows+1"],"picked":"SKIP","floor":23},{"not_picked":["Crescendo","CutThroughFate","ThirdEye"],"picked":"SKIP","floor":24},{"not_picked":["DeceiveReality","EmptyBody","ForeignInfluence"],"picked":"SKIP","floor":29},{"not_picked":["Sanctity","Vengeance","FlurryOfBlows"],"picked":"SKIP","floor":30},{"not_picked":["CarveReality","EmptyBody","ThirdEye"],"picked":"SKIP","floor":32}],"player_experience":1308203,"relics_obtained":[{"floor":7.0,"key":"Mercury Hourglass"},{"floor":9.0,"key":"Juzu Bracelet"},{"floor":10.0,"key":"Mummified Hand"},{"floor":24,"key":"Omamori"},{"floor":27,"key":"Blood Vial"}],"event_choices":[{"cards_removed":["Strike_P"],"damage_healed":0.0,"max_hp_gain":0.0,"max_hp_loss":0.0,"gold_gain":0.0,"event_name":"Living Wall","player_choice":"Forget","floor":4.0,"gold_loss":0.0,"damage_taken":0.0},{"cards_removed":["SignatureMove"],"damage_healed":0,"gold_gain":0,"player_choice":"Elegance","damage_taken":0,"max_hp_gain":0,"max_hp_loss":0,"event_name":"Back to Basics","floor":20,"gold_loss":0},{"damage_healed":0,"gold_gain":0,"player_choice":"Ignored","damage_taken":0,"max_hp_gain":0,"max_hp_loss":0,"event_name":"Vampires","floor":22,"gold_loss":0},{"damage_healed":0,"gold_gain":0,"player_choice":"Read","damage_taken":0,"max_hp_gain":0,"max_hp_loss":0,"event_name":"The Library","floor":26,"gold_loss":0,"cards_obtained":["InnerPeace"]}],"is_beta":false,"boss_relics":[{"not_picked":["Fusion Hammer","Velvet Choker"],"picked":"Pandora\u0027s Box"}],"items_purged_floors":[5,15,28],"is_endless":false,"potions_floor_spawned":[2,7,13,21,24,32],"killed_by":"Automaton","ascension_level":20}}