{"host":"a5lz0e76zb3fcwkm","time":1608390230,"event":{"mods":["AchievementEnabler","BaseMod","Colored Map","Colored Powertips","Minty Spire (QoL Compilation)","StSLib","SuperFastMode"],"gold_per_floor":[110,110,121,135,135,175,175,209,209,228,228,153,184,199,199,298,298,318,343,343,258,208,251,274,309,309,309,333,374,324,358,358,457,457,473,473,473],"floor_reached":36,"playtime":980,"items_purged":["Strike_G","Strike_G"],"score":1420,"play_id":"7f5fc457-4e66-46c0-b9d5-71de6cd1c33e","local_time":"20201220000350","is_ascension_mode":true,"campfire_choices":[{"data":"Bouncing Flask","floor":7,"key":"SMITH"},{"data":"Finisher","floor":11,"key":"SMITH"},{"floor":15,"key":"RECALL"},{"data":"Leg Sweep","floor":27,"key":"SMITH"},{"data":"Catalyst","floor":32,"key":"SMITH"}],"circlet_count":0,"master_deck":["AscendersBane","Strike_G","Strike_G","Defend_G","Defend_G","Defend_G","Defend_G","Defend_G","Survivor","Neutralize+1","Corruption+1","PiercingWail","Finisher+1","Bouncing Flask+1","Escape Plan","Escape Plan","Deflect","Venomology","Leg Sweep+1","Deadly Poison","Calculated Gamble","Blade Dance","Catalyst","Catalyst+1","After Image","Infinite Blades"],"relics":["Dead Branch","Bottled Tornado","WristBlade","Golden Idol","Happy Flower","Shuriken","Smiling Mask","CaptainsWheel","Sozu","Enchiridion","Singing Bowl","Meat on the Bone","Dream Catcher","Omamori","Gremlin Horn","Calling Bell","Vajra","Mercury Hourglass","Incense Burner"],"acts_visited":["Exordium","TheCity","TheBeyond"],"potions_floor_usage":[6,16,16],"damage_taken":[{"damage":0,"enemies":"2 Louse","floor":1,"turns":3},{"damage":0,"enemies":"Cultist","floor":3,"turns":3},{"damage":0,"enemies":"Jaw Worm","floor":4,"turns":1},{"damage":0,"enemies":"Gremlin Nob","floor":6,"turns":2},{"damage":10,"enemies":"Lagavulin","floor":8,"turns":5},{"damage":0,"enemies":"Blue Slaver","floor":10,"turns":2},{"damage":0,"enemies":"Gremlin Nob","floor":13,"turns":2},{"damage":0,"enemies":"Gremlin Gang","floor":14,"turns":3},{"damage":0,"enemies":"Slime Boss","floor":16,"turns":3},{"damage":0,"enemies":"3 Byrds","floor":18,"turns":2},{"damage":0,"enemies":"Chosen","floor":19,"turns":2},{"damage":0,"enemies":"Book of Stabbing","floor":23,"turns":2},{"damage":0,"enemies":"Centurion and Healer","floor":24,"turns":4},{"damage":8,"enemies":"Slavers","floor":25,"turns":2},{"damage":0,"enemies":"3 Cultists","floor":28,"turns":2},{"damage":0,"enemies":"Book of Stabbing","floor":29,"turns":3},{"damage":0,"enemies":"Gremlin Leader","floor":31,"turns":1},{"damage":0,"enemies":"Collector","floor":33,"turns":4},{"damage":0,"enemies":"Orb Walker","floor":35,"turns":1},{"damage":33,"enemies":"3 Shapes","floor":36,"turns":3}],"seed_played":"-5825458485108677882","potions_obtained":[{"floor":1,"key":"Dexterity Potion"},{"floor":4,"key":"FearPotion"},{"floor":8,"key":"PowerPotion"},{"floor":10,"key":"PowerPotion"}],"is_trial":false,"path_per_floor":["M","?","M","M","?","E","R","E","T","M","R","?","E","M","R","B",null,"M","M","?","?","$","E","M","E","T","R","M","E","$","E","R","B",null,"M","M"],"character_chosen":"THE_SILENT","items_purchased":[],"campfire_rested":0,"item_purchase_floors":[],"current_hp_per_floor":[59,59,59,59,36,36,36,26,26,26,26,26,26,26,26,26,56,56,56,35,35,35,37,37,41,41,41,41,41,41,41,41,41,61,61,28,28],"gold":473,"neow_bonus":"BOSS_RELIC","is_daily":false,"chose_seed":false,"campfire_upgraded":4,"win_rate":0.0,"timestamp":1608390230,"path_taken":["M","?","?","?","?","E","R","E","T","M","R","?","E","M","R","BOSS","M","M","?","?","$","E","M","E","T","R","M","E","$","E","R","BOSS","M","M"],"items_purchased_type":[],"build_version":"2020-12-13","purchased_purges":2,"victory":false,"max_hp_per_floor":[66,66,66,66,66,66,66,66,66,66,66,66,66,66,66,66,66,66,66,66,66,66,68,68,68,68,68,68,68,68,68,68,68,68,68,68,68],"card_choices":[{"not_picked":["Footwork","Heel Hook"],"picked":"PiercingWail","floor":1},{"not_picked":["Dagger Spray","All Out Attack","Underhanded Strike"],"picked":"SKIP","floor":3},{"not_picked":["Dagger Throw","Dodge and Roll"],"picked":"Finisher","floor":4},{"not_picked":["Caltrops","Expertise"],"picked":"Bouncing Flask","floor":6},{"not_picked":["Phantasmal Killer","Flying Knee"],"picked":"Escape Plan","floor":8},{"not_picked":["Flying Knee","PiercingWail"],"picked":"Escape Plan","floor":10},{"not_picked":["Malaise","Unload","Masterful Stab"],"picked":"SKIP","floor":13},{"not_picked":["Dagger Spray","Dagger Throw"],"picked":"Deflect","floor":14},{"not_picked":["Phantasmal Killer","Glass Knife"],"picked":"Venomology","floor":16},{"not_picked":["Bane","Dagger Throw"],"picked":"Leg Sweep","floor":18},{"not_picked":["Prepared","Flying Knee","Expertise+1"],"picked":"SKIP","floor":19},{"not_picked":["Sucker Punch","Flying Knee","Endless Agony"],"picked":"Singing Bowl","floor":23},{"not_picked":["Deflect","Slice+1"],"picked":"Deadly Poison","floor":24},{"not_picked":["Poisoned Stab","Night Terror"],"picked":"Calculated Gamble","floor":25},{"not_picked":["Cloak And Dagger","Flying Knee"],"picked":"Blade Dance","floor":28},{"not_picked":["Masterful Stab","Deadly Poison"],"picked":"Catalyst","floor":29},{"not_picked":["Sucker Punch","Tactician+1"],"picked":"Catalyst","floor":31},{"not_picked":["Night Terror","Glass Knife"],"picked":"After Image","floor":33},{"not_picked":["Bouncing Flask","Bane"],"picked":"Infinite Blades","floor":35}],"player_experience":1619787,"relics_obtained":[{"floor":6,"key":"Happy Flower"},{"floor":8,"key":"Shuriken"},{"floor":9,"key":"Smiling Mask"},{"floor":13,"key":"CaptainsWheel"},{"floor":20,"key":"Enchiridion"},{"floor":23,"key":"Meat on the Bone"},{"floor":25,"key":"Dream Catcher"},{"floor":29,"key":"Omamori"},{"floor":31,"key":"Gremlin Horn"},{"floor":34,"key":"Vajra"},{"floor":34,"key":"Mercury Hourglass"},{"floor":34,"key":"Incense Burner"}],"event_choices":[{"damage_healed":0,"gold_gain":0,"player_choice":"Upgraded","damage_taken":0,"max_hp_gain":0,"max_hp_loss":0,"event_name":"Upgrade Shrine","floor":2,"gold_loss":0,"cards_upgraded":["Neutralize"]},{"damage_healed":0,"gold_gain":0,"player_choice":"Take Damage","damage_taken":23,"relics_obtained":["Golden Idol"],"max_hp_gain":0,"max_hp_loss":0,"event_name":"Golden Idol","floor":5,"gold_loss":0},{"cards_removed":["Strike_G"],"damage_healed":0,"gold_gain":0,"player_choice":"Card Removal","damage_taken":0,"max_hp_gain":0,"max_hp_loss":0,"event_name":"The Cleric","floor":12,"gold_loss":75},{"damage_healed":0,"gold_gain":0,"player_choice":"Obtained Book","damage_taken":21,"max_hp_gain":0,"max_hp_loss":0,"event_name":"Cursed Tome","floor":20,"gold_loss":0},{"damage_healed":0,"gold_gain":0,"player_choice":"Obtained Relic","damage_taken":0,"relics_obtained":["Singing Bowl"],"max_hp_gain":0,"max_hp_loss":0,"event_name":"Addict","floor":21,"gold_loss":85}],"is_beta":false,"boss_relics":[{"not_picked":["Ectoplasm","Runic Pyramid"],"picked":"Sozu"},{"not_picked":["Cursed Key","Philosopher\u0027s Stone"],"picked":"Calling Bell"}],"items_purged_floors":[22,30],"is_endless":false,"potions_floor_spawned":[1,4,8,10,18,24,29,33],"killed_by":"3 Shapes","ascension_level":20}}