{"host":"ac6e1xz8pi3qqstb","time":1608385477,"event":{"mods":["BaseMod","Lobotomy","LobotomyExtend","Minty Spire (QoL Compilation)","MostiFishMod","Relic Stats","Replay The Spire","StSLib","vexMod"],"gold_per_floor":[116,126,21,21,34,34,54,54,72,72,95,95,19,44,44,69,69,18,41,41,41,160,160,174,174,174,195,195,195,195,209,209,233,233,256,276,291,291,291,291],"floor_reached":33,"playtime":1822,"items_purged":[],"score":347,"play_id":"71f39c0c-0a81-4b51-b820-e0846dd90219","local_time":"20201219214437","is_ascension_mode":false,"campfire_choices":[{"data":"BasicCrystalCard","floor":6,"key":"SMITH"},{"data":"Coolheaded","floor":6,"key":"SMITH"},{"data":"Doom and Gloom","floor":11,"key":"SMITH"},{"data":"Injury","floor":15,"key":"PURGE"},{"data":"MostiFishMod:PushDownKick","floor":24,"key":"SMITH"},{"data":"Steam","floor":32,"key":"SMITH"}],"circlet_count":0,"master_deck":["Strike_B+1","Strike_B+1","Strike_B+1","Strike_B+1","Defend_B+1","Defend_B+1","Defend_B+1","Defend_B+1","Zap","Dualcast+1","BasicCrystalCard+1","Conserve Battery","Self Repair","Stack","Coolheaded+1","Doom and Gloom+1","Redo","Sweeping Beam","Rebound+1","MostiFishMod:PushDownKick+1","Redo","Turbo","Steam+1","Chaos+1","Auto Shields","Hologram+1","Conserve Battery"],"relics":["Cracked Core","DaveBox","RhineFirstAidKit","Question Card","Question Card","LetterFromLob","Golden Idol","ThornShield","ImportantClient","Inserter","Replay:Baseball"],"acts_visited":["Exordium","TheCity"],"potions_floor_usage":[],"damage_taken":[{"damage":1,"enemies":"Cultist","floor":1,"turns":3},{"damage":1,"enemies":"2 Louse","floor":2,"turns":2},{"damage":8,"enemies":"Small Slimes","floor":5,"turns":3},{"damage":0,"enemies":"Cultist","floor":1,"turns":3},{"damage":0,"enemies":"Small Slimes","floor":3,"turns":2},{"damage":9,"enemies":"Jaw Worm","floor":5,"turns":4},{"damage":0,"enemies":"Large Slime","floor":8,"turns":5},{"damage":7,"enemies":"Blue Slaver","floor":10,"turns":3},{"damage":0,"enemies":"3 Louse","floor":13,"turns":2},{"damage":39,"enemies":"The Guardian","floor":16,"turns":13},{"damage":27,"enemies":"2 Thieves","floor":18,"turns":3},{"damage":19,"enemies":"Shell Parasite","floor":21,"turns":6},{"damage":15,"enemies":"3 Cultists","floor":25,"turns":6},{"damage":1,"enemies":"Snake Plant","floor":27,"turns":3},{"damage":17,"enemies":"Chosen and Byrds","floor":29,"turns":5},{"damage":18,"enemies":"Snecko","floor":30,"turns":5},{"damage":0,"enemies":"Cultist and Chosen","floor":31,"turns":5},{"damage":57,"enemies":"Collector","floor":33,"turns":6}],"seed_played":"2548129356692763859","potions_obtained":[{"floor":2,"key":"SteroidPotion"},{"floor":10,"key":"AttackPotion"},{"floor":13,"key":"Doom Potion"},{"floor":30,"key":"SmokeBomb"}],"is_trial":false,"path_per_floor":["M","M","$","?","M","R","M","M","?","M","?","M","R","$","M","T","M","R","$","M","?","R","B",null,"M","?","?","M","?","?","R","M","T","M","?","M","M","M","R","B"],"character_chosen":"DEFECT","items_purchased":["Self Repair","Steam","Doom and Gloom","Sweeping Beam"],"campfire_rested":0,"item_purchase_floors":[3,3,7,12],"current_hp_per_floor":[74,73,73,78,80,80,80,80,80,80,80,80,80,80,80,80,80,80,80,80,80,55,80,53,53,57,80,80,80,80,65,65,71,71,61,43,50,50,0,0],"gold":291,"neow_bonus":"RANDOM_EVENT","is_daily":false,"chose_seed":false,"campfire_upgraded":5,"win_rate":0.0,"timestamp":1608385477,"path_taken":["M","?","$","?","M","R","M","M","?","M","?","M","R","$","M","T","M","R","?","?","?","R","BOSS","M","?","?","M","?","?","R","?","T","M","?","M","M","?","R","BOSS"],"items_purchased_type":["Card","Card","Card","Card"],"build_version":"2020-12-13","purchased_purges":0,"victory":false,"max_hp_per_floor":[75,75,75,80,80,80,80,80,80,80,80,80,80,80,80,80,80,80,80,80,80,80,80,80,80,80,80,80,80,80,80,80,80,80,80,80,80,80,80,80],"relic_stats":{"Inserter":[19],"counters":[18,79],"Golden Idol":71,"Question Card":29,"obtain_stats":[{"Replay:Baseball":28,"RhineFirstAidKit":0,"Inserter":17,"DaveBox":0,"Golden Idol":4,"LetterFromLob":1,"Cracked Core":0,"Question Card":1,"ThornShield":9,"ImportantClient":16},{"Replay:Baseball":14,"RhineFirstAidKit":0,"Inserter":10,"DaveBox":0,"Golden Idol":5,"LetterFromLob":1,"Cracked Core":0,"Question Card":1,"ThornShield":7,"ImportantClient":10},{"Replay:Baseball":58,"RhineFirstAidKit":0,"Inserter":40,"DaveBox":0,"Golden Idol":13,"LetterFromLob":3,"Cracked Core":0,"Question Card":3,"ThornShield":22,"ImportantClient":40}]},"card_choices":[{"not_picked":["Coolheaded","FIFO Queue"],"picked":"BasicCrystalCard","floor":1},{"not_picked":["Turbo","Chaos","Steam"],"picked":"Conserve Battery","floor":2},{"not_picked":["Storm","Force Field","MostiFishMod:Impulse"],"picked":"Stack","floor":5},{"not_picked":["Gash","Hologram","Storm","Fusion"],"picked":"SKIP","floor":1},{"not_picked":["Go for the Eyes","MostiFishMod:FourSeasons","Rebound","Beam Cell"],"picked":"Coolheaded","floor":3},{"not_picked":["Leap","Double Energy","Compile Driver","Gash","Aggregate"],"picked":"SKIP","floor":5},{"not_picked":["Consume","Reprogram","Coolheaded","Stack"],"picked":"Redo","floor":8},{"not_picked":["Reinforced Body","Barrage","Panic Button","MostiFishMod:ReprogramOld","Storm"],"picked":"SKIP","floor":10},{"not_picked":["MostiFishMod:ReprogramOld","Storm","Aggregate","Go for the Eyes","FTL"],"picked":"SKIP","floor":13},{"not_picked":["Hyperbeam","Buffer","Meteor Strike","MostiFishMod:FluxCapactior"],"picked":"MostiFishMod:PushDownKick","floor":16},{"not_picked":["Ball Lightning+1","Rebound","Compile Driver+1","Gash"],"picked":"Redo","floor":18},{"not_picked":["Genetic Algorithm","Coolheaded","Ball Lightning","All For One"],"picked":"Turbo","floor":21},{"not_picked":["Cold Snap","Conserve Battery","Lockon+1","Recycle"],"picked":"Steam","floor":25},{"not_picked":["Cold Snap","Beam Cell","Rebound+1","Steam Power"],"picked":"Chaos+1","floor":27},{"not_picked":["Hologram","Conserve Battery","Reprogram","Streamline"],"picked":"Auto Shields","floor":29},{"not_picked":["Conserve Battery","ReplayTheSpireMod:GoodbyeWorld","MostiFishMod:InterfaceCompatibility","Coolheaded"],"picked":"Hologram+1","floor":30},{"not_picked":["Rebound","ReplayTheSpireMod:Repulse","Self Repair","Turbo"],"picked":"Conserve Battery","floor":31}],"player_experience":377217,"relics_obtained":[{"floor":1,"key":"Question Card"},{"floor":1,"key":"LetterFromLob"},{"floor":1,"key":"Question Card"},{"floor":1,"key":"LetterFromLob"},{"floor":9,"key":"ThornShield"},{"floor":16,"key":"ImportantClient"}],"event_choices":[{"damage_healed":0,"gold_gain":0,"player_choice":"Grow","damage_taken":0,"max_hp_gain":0,"max_hp_loss":0,"event_name":"Living Wall","floor":0,"gold_loss":0,"cards_upgraded":["Dualcast"]},{"damage_healed":0,"gold_gain":0,"player_choice":"Donut","damage_taken":0,"max_hp_gain":5,"max_hp_loss":0,"event_name":"Big Fish","floor":4,"gold_loss":0},{"damage_healed":0,"gold_gain":0,"player_choice":"Leave","damage_taken":0,"max_hp_gain":0,"max_hp_loss":0,"event_name":"The Cleric","floor":2,"gold_loss":0},{"damage_healed":0,"gold_gain":0,"player_choice":"Take Wound","damage_taken":0,"relics_obtained":["Golden Idol"],"max_hp_gain":0,"max_hp_loss":0,"event_name":"Golden Idol","floor":4,"gold_loss":0,"cards_obtained":["Injury"]},{"damage_healed":0,"gold_gain":0,"player_choice":"Ignored","damage_taken":0,"max_hp_gain":0,"max_hp_loss":0,"event_name":"Ghosts","floor":19,"gold_loss":0},{"damage_healed":0,"gold_gain":0,"player_choice":"Ignored","damage_taken":0,"max_hp_gain":0,"max_hp_loss":0,"event_name":"Vampires","floor":22,"gold_loss":0},{"damage_healed":0,"gold_gain":0,"player_choice":"Simplicity","damage_taken":0,"max_hp_gain":0,"max_hp_loss":0,"event_name":"Back to Basics","floor":23,"gold_loss":0,"cards_upgraded":["Strike_B","Strike_B","Strike_B","Strike_B","Defend_B","Defend_B","Defend_B","Defend_B"]},{"cards_removed":["Self Repair"],"damage_healed":0,"gold_gain":0,"player_choice":"Gave Card","damage_taken":0,"relics_obtained":["Replay:Baseball"],"max_hp_gain":0,"max_hp_loss":0,"event_name":"WeMeetAgain","floor":28,"gold_loss":0}],"is_beta":false,"boss_relics":[{"not_picked":["Abe\u0027s Treasure","MoonlightInvasionPlan"],"picked":"Inserter"}],"items_purged_floors":[],"is_endless":false,"potions_floor_spawned":[2,10,13,18,30],"killed_by":"Collector","ascension_level":0}}