{"host":"0tiuc76yumknr6qf","time":1608352547,"event":{"mods":["BaseMod","Highlight Path","Jedi Mod","Minty Spire (QoL Compilation)","StSLib"],"gold_per_floor":[110,125,125,135,148,148,183,183,183,509,564,96,113,142,142,213,213,225,84,84,98,111,111,131,131,131],"floor_reached":25,"playtime":1447,"items_purged":["Strike_G"],"score":446,"play_id":"dae87e38-6b69-48bb-bd57-4f18c754c627","local_time":"20201218223547","is_ascension_mode":true,"campfire_choices":[{"data":"Bane","floor":6,"key":"SMITH"},{"data":"jedi:collectorvenom","floor":8,"key":"SMITH"},{"floor":15,"key":"REST"},{"floor":23,"key":"REST"}],"circlet_count":0,"master_deck":["AscendersBane","Strike_G","Strike_G","Strike_G","Strike_G","Defend_G","Defend_G","Defend_G","Defend_G","Defend_G","Survivor","Neutralize+1","Quick Slash","Bane+1","Poisoned Stab","Accuracy","jedi:collectorvenom+1","Cloak And Dagger","Master of Strategy","Envenom","Dash","Burst","Cloak And Dagger","Catalyst","jedi:poisonivy","Acrobatics"],"relics":["Ring of the Snake","MealTicket","Bottled Flame","Old Coin","Membership Card","White Beast Statue","SacredBark","Nunchaku"],"acts_visited":["Exordium","TheCity"],"potions_floor_usage":[7,14,18,21,22,25],"damage_taken":[{"damage":0,"enemies":"Jaw Worm","floor":1,"turns":7},{"damage":0,"enemies":"2 Louse","floor":2,"turns":3},{"damage":5,"enemies":"Small Slimes","floor":4,"turns":3},{"damage":0,"enemies":"Blue Slaver","floor":5,"turns":3},{"damage":20,"enemies":"Gremlin Nob","floor":7,"turns":4},{"damage":29,"enemies":"3 Sentries","floor":10,"turns":10},{"damage":0,"enemies":"2 Fungi Beasts","floor":13,"turns":3},{"damage":10,"enemies":"Lagavulin","floor":14,"turns":7},{"damage":22,"enemies":"The Guardian","floor":16,"turns":12},{"damage":10,"enemies":"Chosen","floor":18,"turns":5},{"damage":11,"enemies":"Shell Parasite","floor":21,"turns":5},{"damage":20,"enemies":"Chosen and Byrds","floor":22,"turns":6},{"damage":0,"enemies":"Snecko","floor":24,"turns":3},{"damage":33,"enemies":"Slavers","floor":25,"turns":4}],"seed_played":"5988965818708289703","potions_obtained":[{"floor":4,"key":"Energy Potion"},{"floor":5,"key":"LiquidBronze"},{"floor":14,"key":"SpeedPotion"},{"floor":16,"key":"LiquidMemories"},{"floor":18,"key":"BlessingOfTheForge"},{"floor":21,"key":"Poison Potion"},{"floor":22,"key":"ColorlessPotion"},{"floor":24,"key":"LiquidMemories"}],"is_trial":false,"path_per_floor":["M","M","?","M","M","R","E","R","T","E","?","$","M","E","R","B",null,"M","$","?","M","M","R","M","E"],"character_chosen":"THE_SILENT","items_purchased":["Membership Card","Cloak And Dagger","Master of Strategy","Block Potion","Envenom","Dash","Nunchaku","jedi:poisonivy","Acrobatics"],"campfire_rested":2,"item_purchase_floors":[12,12,12,12,12,12,19,19,19],"current_hp_per_floor":[59,59,59,54,54,54,34,34,34,5,5,20,20,10,29,7,51,41,56,38,27,7,28,28,0,0],"gold":131,"neow_bonus":"UPGRADE_CARD","is_daily":false,"chose_seed":false,"campfire_upgraded":2,"win_rate":0.0,"timestamp":1608352547,"path_taken":["M","M","?","M","M","R","E","R","T","E","?","$","M","E","R","BOSS","M","$","?","M","M","R","M","E"],"items_purchased_type":["Relic","Card","Card","Potion","Card","Card","Relic","Card","Card"],"build_version":"2020-12-13","purchased_purges":1,"victory":false,"max_hp_per_floor":[66,66,66,66,66,66,66,66,66,66,66,66,66,66,66,66,66,66,66,71,71,71,71,71,71,71],"card_choices":[{"not_picked":["Slice","Concentrate"],"picked":"Quick Slash","floor":1},{"not_picked":["Reflex","Caltrops"],"picked":"Bane","floor":2},{"not_picked":["Flying Knee","Deflect"],"picked":"Poisoned Stab","floor":4},{"not_picked":["Flechettes","jedi:acidrain"],"picked":"Accuracy","floor":5},{"not_picked":["Acrobatics","Sucker Punch"],"picked":"jedi:collectorvenom","floor":7},{"not_picked":["Flying Knee","Deadly Poison"],"picked":"jedi:collectorvenom+1","floor":10},{"not_picked":["jedi:acidrain","Acrobatics"],"picked":"Burst","floor":13},{"not_picked":["Dagger Throw","Prepared"],"picked":"Cloak And Dagger","floor":14},{"not_picked":["Venomology","Malaise"],"picked":"jedi:collectorvenom+1","floor":16},{"not_picked":["Distraction+1","Deadly Poison"],"picked":"Catalyst","floor":18},{"not_picked":["Crippling Poison","Flechettes"],"picked":"jedi:collectorvenom+1","floor":21},{"not_picked":["Dodge and Roll","Quick Slash"],"picked":"jedi:collectorvenom+1","floor":22},{"not_picked":["Riddle With Holes","Dodge and Roll"],"picked":"jedi:collectorvenom+1","floor":24}],"player_experience":1820351,"relics_obtained":[{"floor":7,"key":"MealTicket"},{"floor":9,"key":"Bottled Flame"},{"floor":10,"key":"Old Coin"},{"floor":14,"key":"White Beast Statue"}],"event_choices":[{"damage_healed":0,"gold_gain":0,"player_choice":"Ignored","damage_taken":0,"max_hp_gain":0,"max_hp_loss":0,"event_name":"Liars Game","floor":3,"gold_loss":0},{"damage_healed":0,"gold_gain":55,"player_choice":"Gained Gold","damage_taken":0,"max_hp_gain":0,"max_hp_loss":0,"event_name":"Golden Wing","floor":11,"gold_loss":0},{"damage_healed":0,"gold_gain":0,"player_choice":"Shed Blood","damage_taken":23,"max_hp_gain":5,"max_hp_loss":0,"event_name":"Forgotten Altar","floor":20,"gold_loss":0}],"is_beta":false,"boss_relics":[{"not_picked":["Calling Bell","Black Star"],"picked":"SacredBark"}],"items_purged_floors":[12],"is_endless":false,"potions_floor_spawned":[4,5,14,16,18,21,22,24],"killed_by":"Slavers","ascension_level":20}}