{"host":"yo9wwslrag05lh37","time":1608350063,"event":{"mods":["AchievementEnabler","BaseMod","Block Reminder","Colored Map","Colored Powertips","GifTheSpireLib","HexUI Lib","Highlight Path","Minty Spire (QoL Compilation)","Rare Cards Sparkle","Relic Stats","StSLib","everything is the same but u backflip on backflip"],"gold_per_floor":[111,111,121,141,141,174,174,174,174,174,174,191,210,221,221,292,292,305,319,319,319],"floor_reached":20,"playtime":662,"items_purged":[],"score":352,"play_id":"2112810d-3648-4e26-b485-870ae79a01b6","local_time":"20201219045423","is_ascension_mode":true,"campfire_choices":[{"data":"Neutralize","floor":7.0,"key":"SMITH"},{"floor":10.0,"key":"REST"},{"data":"Sucker Punch","floor":15.0,"key":"SMITH"}],"circlet_count":0,"master_deck":["AscendersBane","Strike_G","Strike_G","Strike_G","Strike_G","Defend_G","Defend_G","Defend_G","Defend_G","Defend_G","Survivor","Neutralize+1","Blade Dance+1","Sucker Punch+1","Quick Slash","Die Die Die","Terror","Envenom","Acrobatics"],"relics":["SlaversCollar","WingedGreaves","Bird Faced Urn","InkBottle","Cursed Key"],"acts_visited":["Exordium","TheCity"],"potions_floor_usage":[19],"damage_taken":[{"damage":2.0,"enemies":"2 Louse","floor":1.0,"turns":6.0},{"damage":1.0,"enemies":"Cultist","floor":3.0,"turns":5.0},{"damage":1.0,"enemies":"Small Slimes","floor":4.0,"turns":3.0},{"damage":22.0,"enemies":"3 Sentries","floor":6.0,"turns":8.0},{"damage":4.0,"enemies":"Blue Slaver","floor":12.0,"turns":4.0},{"damage":6.0,"enemies":"Looter","floor":13.0,"turns":3.0},{"damage":0.0,"enemies":"Large Slime","floor":14.0,"turns":4.0},{"damage":10.0,"enemies":"Hexaghost","floor":16.0,"turns":9.0},{"damage":10.0,"enemies":"2 Thieves","floor":18.0,"turns":3.0},{"damage":26,"enemies":"Shell Parasite","floor":19,"turns":4},{"damage":30,"enemies":"Masked Bandits","floor":20,"turns":2}],"seed_played":"7063032439267155460","potions_obtained":[{"floor":4.0,"key":"Energy Potion"},{"floor":12.0,"key":"ColorlessPotion"},{"floor":16.0,"key":"Explosive Potion"},{"floor":18.0,"key":"Ancient Potion"}],"is_trial":false,"path_per_floor":["M","?","M","M","?","E","R","?","T","R","?","M","M","M","R","B",null,"M","M","?"],"character_chosen":"THE_SILENT","items_purchased":[],"campfire_rested":1,"item_purchase_floors":[],"current_hp_per_floor":[57,57,56,55,50,28,28,21,21,40,45,41,35,35,35,25,60,50,26,0,0],"gold":319,"neow_bonus":"BOSS_RELIC","is_daily":false,"chose_seed":false,"campfire_upgraded":2,"win_rate":0.0,"timestamp":1608350063,"path_taken":["M","?","?","M","?","E","R","?","T","R","?","M","M","M","R","BOSS","M","M","?"],"items_purchased_type":[],"build_version":"2020-12-13","purchased_purges":0,"victory":false,"max_hp_per_floor":[66,66,66,66,66,66,66,66,66,66,71,71,71,71,71,71,71,71,71,71,71],"relic_stats":{"counters":[11,51],"Bird Faced Urn":[4],"Cursed Key":0,"obtain_stats":[{"SlaversCollar":0,"Bird Faced Urn":6,"WingedGreaves":5,"Cursed Key":17,"InkBottle":9,"Ring of the Snake":0},{"SlaversCollar":0,"Bird Faced Urn":4,"WingedGreaves":3,"Cursed Key":8,"InkBottle":4,"Ring of the Snake":0},{"SlaversCollar":0,"Bird Faced Urn":22,"WingedGreaves":14,"Cursed Key":42,"InkBottle":22,"Ring of the Snake":0}],"InkBottle":[13]},"card_choices":[{"not_picked":["Deflect","Setup"],"picked":"Blade Dance","floor":1.0},{"not_picked":["Backflip","Cloak And Dagger"],"picked":"Sucker Punch","floor":3.0},{"not_picked":["Dagger Spray","Prepared"],"picked":"Quick Slash","floor":4.0},{"not_picked":["Flying Knee","Underhanded Strike","All Out Attack"],"picked":"SKIP","floor":6.0},{"not_picked":["Quick Slash","Bane"],"picked":"Die Die Die","floor":12.0},{"not_picked":["Heel Hook","Bane"],"picked":"Terror","floor":13.0},{"not_picked":["Flying Knee","Prepared","Outmaneuver"],"picked":"SKIP","floor":14.0},{"not_picked":["Adrenaline","Burst"],"picked":"Envenom","floor":16.0},{"not_picked":["Dagger Spray","PiercingWail"],"picked":"Acrobatics","floor":18.0},{"not_picked":["Dagger Throw","Blur","Outmaneuver"],"picked":"SKIP","floor":19}],"player_experience":1336245,"relics_obtained":[{"floor":6.0,"key":"Bird Faced Urn"},{"floor":9.0,"key":"InkBottle"}],"event_choices":[{"damage_healed":0.0,"max_hp_gain":0.0,"max_hp_loss":0.0,"gold_gain":0.0,"event_name":"Accursed Blacksmith","player_choice":"Forge","floor":2.0,"gold_loss":0.0,"damage_taken":0.0,"cards_upgraded":["Blade Dance"]},{"damage_healed":0.0,"max_hp_gain":0.0,"max_hp_loss":0.0,"gold_gain":0.0,"event_name":"Scrap Ooze","player_choice":"Success","floor":5.0,"gold_loss":0.0,"damage_taken":5.0,"relics_obtained":["WingedGreaves"]},{"cards_removed":["Strike_G"],"damage_healed":0.0,"max_hp_gain":0.0,"max_hp_loss":0.0,"gold_gain":0.0,"event_name":"Golden Wing","player_choice":"Card Removal","floor":8.0,"gold_loss":0.0,"damage_taken":7.0},{"damage_healed":0.0,"max_hp_gain":5.0,"max_hp_loss":0.0,"gold_gain":0.0,"event_name":"Big Fish","player_choice":"Donut","floor":11.0,"gold_loss":0.0,"damage_taken":0.0},{"damage_healed":0,"gold_gain":0,"player_choice":"Fought Bandits","damage_taken":0,"max_hp_gain":0,"max_hp_loss":0,"event_name":"Masked Bandits","floor":20,"gold_loss":0}],"is_beta":false,"boss_relics":[{"not_picked":["Philosopher\u0027s Stone","Tiny House"],"picked":"Cursed Key"}],"items_purged_floors":[],"is_endless":false,"potions_floor_spawned":[4,12,14,16,18],"killed_by":"Masked Bandits","ascension_level":20}}