{"host":"x1qj4d8ympd5jdqh","time":1608386236,"event":{"mods":["AchievementEnabler","AlwaysNeverKeys","BaseMod","Colored Map","Custom Start","DeckTracker","Highlight Path","Minty Spire (QoL Compilation)","StSLib","SuperFastMode"],"gold_per_floor":[110,126,143,68,87,87,116,128,155,155,155,174,200,200,200,274,274,289,301,35,53,66,66,81,81,81,101,0,0,18,35,35,112,112,124,142,167,179,179,179,54,73,155,155,182,182,196,196,196,196,196],"floor_reached":52,"playtime":2153,"items_purged":["Strike_P","Conclude+1","CarveReality"],"score":1896,"play_id":"87c6e062-4bf7-405b-9043-7bab16165af4","local_time":"20201219225716","is_ascension_mode":true,"campfire_choices":[{"data":"Eruption","floor":6.0,"key":"SMITH"},{"data":"CrushJoints","floor":11.0,"key":"SMITH"},{"data":"Adaptation","floor":15.0,"key":"SMITH"},{"floor":23.0,"key":"REST"},{"floor":25.0,"key":"REST"},{"data":"InnerPeace","floor":32.0,"key":"SMITH"},{"floor":40.0,"key":"REST"},{"data":"EmptyMind","floor":49,"key":"SMITH"}],"circlet_count":0,"master_deck":["AscendersBane","Eruption+1","Vigilance","TalkToTheHand","Adaptation+1","InnerPeace+1","JustLucky","MentalFortress+1","TalkToTheHand+1","FearNoEvil","Tantrum","Scrawl+1","EmptyMind+1","Fasting2"],"relics":["PureWater","NeowsBlessing","Sundial","Centennial Puzzle","Toy Ornithopter","Astrolabe","OrangePellets","Bottled Tornado","Pandora\u0027s Box","Juzu Bracelet","Shuriken","Blood Vial","GoldenEye"],"acts_visited":["Exordium","TheCity","TheBeyond"],"potions_floor_usage":[45],"damage_taken":[{"damage":0.0,"enemies":"Small Slimes","floor":1.0,"turns":1.0},{"damage":0.0,"enemies":"Cultist","floor":2.0,"turns":1.0},{"damage":0.0,"enemies":"2 Louse","floor":3.0,"turns":1.0},{"damage":1.0,"enemies":"Red Slaver","floor":5.0,"turns":3.0},{"damage":0.0,"enemies":"Lagavulin","floor":7.0,"turns":5.0},{"damage":15.0,"enemies":"3 Louse","floor":8.0,"turns":2.0},{"damage":0.0,"enemies":"Exordium Thugs","floor":12.0,"turns":3.0},{"damage":5.0,"enemies":"3 Sentries","floor":13.0,"turns":3.0},{"damage":22.0,"enemies":"Hexaghost","floor":16.0,"turns":7.0},{"damage":11.0,"enemies":"3 Byrds","floor":18.0,"turns":3.0},{"damage":17.0,"enemies":"2 Thieves","floor":19.0,"turns":3.0},{"damage":0.0,"enemies":"Chosen and Byrds","floor":21.0,"turns":5.0},{"damage":4.0,"enemies":"Cultist and Chosen","floor":22.0,"turns":4.0},{"damage":11.0,"enemies":"3 Cultists","floor":24.0,"turns":4.0},{"damage":28.0,"enemies":"Snecko","floor":27.0,"turns":4.0},{"damage":0.0,"enemies":"Chosen and Byrds","floor":30.0,"turns":4.0},{"damage":0.0,"enemies":"Snake Plant","floor":31.0,"turns":4.0},{"damage":19.0,"enemies":"Automaton","floor":33.0,"turns":3.0},{"damage":39.0,"enemies":"3 Shapes","floor":35.0,"turns":4.0},{"damage":3.0,"enemies":"Orb Walker","floor":36.0,"turns":3.0},{"damage":9.0,"enemies":"3 Darklings","floor":38.0,"turns":4.0},{"damage":0,"enemies":"Writhing Mass","floor":42,"turns":2},{"damage":0,"enemies":"Reptomancer","floor":45,"turns":2},{"damage":0,"enemies":"Transient","floor":47,"turns":1},{"damage":12,"enemies":"Awakened One","floor":50,"turns":3},{"damage":24,"enemies":"Time Eater","floor":51,"turns":8}],"seed_played":"6179358627134309214","potions_obtained":[{"floor":1.0,"key":"BlessingOfTheForge"},{"floor":7.0,"key":"Strength Potion"},{"floor":8.0,"key":"Swift Potion"},{"floor":13.0,"key":"DuplicationPotion"},{"floor":21.0,"key":"BlessingOfTheForge"},{"floor":22.0,"key":"FearPotion"},{"floor":35.0,"key":"Explosive Potion"},{"floor":45,"key":"SmokeBomb"}],"is_trial":false,"path_per_floor":["M","M","M","$","M","R","E","M","T","?","R","M","E","?","R","B",null,"M","M","$","M","M","R","M","R","T","M","?","?","M","M","R","B",null,"M","M","T","M","?","R","$","M","T","?","E","?","M","?","R","B","B",null],"character_chosen":"WATCHER","items_purchased":["OrangePellets"],"campfire_rested":3,"item_purchase_floors":[20],"current_hp_per_floor":[61,61,61,61,60,60,60,45,45,45,45,45,40,40,40,18,56,45,28,28,33,29,49,38,58,58,30,30,30,30,30,30,21,56,17,14,14,5,5,25,25,25,25,25,32,32,34,34,34,24,2],"gold":196,"neow_bonus":"THREE_ENEMY_KILL","is_daily":false,"chose_seed":false,"campfire_upgraded":5,"win_rate":0.0,"timestamp":1608386236,"path_taken":["M","M","M","$","M","R","E","M","T","?","R","M","E","?","R","BOSS","M","M","$","M","M","R","M","R","T","M","?","?","M","M","R","BOSS","M","M","?","M","?","R","$","M","T","?","E","?","M","?","R","BOSS","BOSS"],"items_purchased_type":["Relic"],"build_version":"2020-12-13","purchased_purges":3,"victory":true,"max_hp_per_floor":[68,68,68,68,68,68,68,68,68,68,68,68,68,68,68,68,68,68,68,68,68,68,68,68,68,68,68,68,68,68,68,68,68,68,68,68,68,68,68,68,68,68,68,68,68,68,68,68,68,68,68],"card_choices":[{"not_picked":["ReachHeaven","ClearTheMind"],"picked":"TalkToTheHand","floor":1.0},{"not_picked":["FlurryOfBlows","Protect"],"picked":"CarveReality","floor":2.0},{"not_picked":["CutThroughFate","Protect"],"picked":"FlurryOfBlows","floor":3.0},{"not_picked":["FlurryOfBlows","ThirdEye"],"picked":"CrushJoints","floor":5.0},{"not_picked":["Protect","JustLucky","MasterReality"],"picked":"SKIP","floor":7.0},{"not_picked":["Conclude","Pray"],"picked":"Adaptation","floor":8.0},{"not_picked":["SashWhip","CutThroughFate"],"picked":"InnerPeace","floor":12.0},{"not_picked":["Protect","JustLucky","PathToVictory"],"picked":"SKIP","floor":13.0},{"not_picked":["ThirdEye","EmptyFist","SashWhip"],"picked":"SKIP","floor":18.0},{"not_picked":["FlurryOfBlows","SashWhip","Wallop"],"picked":"SKIP","floor":19.0},{"not_picked":["BowlingBash","Evaluate","Prostrate"],"picked":"SKIP","floor":21.0},{"not_picked":["Pray","WreathOfFlame+1","Wallop+1"],"picked":"SKIP","floor":22.0},{"not_picked":["Meditate","Swivel","Halt"],"picked":"SKIP","floor":24.0},{"not_picked":["ThirdEye","EmptyFist","FlurryOfBlows"],"picked":"SKIP","floor":27.0},{"not_picked":["CrushJoints","Evaluate","Consecrate"],"picked":"SKIP","floor":30.0},{"not_picked":["CrushJoints","Evaluate","Consecrate"],"picked":"SKIP","floor":30.0},{"not_picked":["Halt","ThirdEye+1"],"picked":"Tantrum","floor":31.0},{"not_picked":["DevaForm","SpiritShield"],"picked":"Scrawl","floor":33.0},{"not_picked":["WreathOfFlame","Prostrate","Consecrate"],"picked":"SKIP","floor":35.0},{"not_picked":["FlurryOfBlows","SignatureMove+1","CrushJoints"],"picked":"SKIP","floor":36.0},{"not_picked":["Conclude","ThirdEye+1","WindmillStrike+1"],"picked":"SKIP","floor":38.0},{"not_picked":["Halt","SashWhip","Perseverance"],"picked":"SKIP","floor":42},{"not_picked":["Perseverance","SpiritShield","Pray"],"picked":"SKIP","floor":45},{"not_picked":["FollowUp+1","Crescendo"],"picked":"Fasting2","floor":47}],"player_experience":1245724,"relics_obtained":[{"floor":7.0,"key":"Sundial"},{"floor":9.0,"key":"Centennial Puzzle"},{"floor":13.0,"key":"Toy Ornithopter"},{"floor":26.0,"key":"Bottled Tornado"},{"floor":37.0,"key":"Juzu Bracelet"},{"floor":43,"key":"Shuriken"},{"floor":45,"key":"GoldenEye"}],"event_choices":[{"cards_removed":["Strike_P"],"damage_healed":0.0,"max_hp_gain":0.0,"max_hp_loss":0.0,"gold_gain":0.0,"event_name":"Living Wall","player_choice":"Forget","floor":10.0,"gold_loss":0.0,"damage_taken":0.0},{"damage_healed":0.0,"max_hp_gain":0.0,"max_hp_loss":0.0,"gold_gain":0.0,"cards_transformed":["Strike_P"],"event_name":"Transmorgrifier","player_choice":"Transformed","floor":14.0,"gold_loss":0.0,"damage_taken":0.0,"cards_obtained":["JustLucky"]},{"damage_healed":0.0,"max_hp_gain":0.0,"max_hp_loss":0.0,"gold_gain":0.0,"event_name":"Masked Bandits","player_choice":"Paid Fearfully","floor":28.0,"gold_loss":101.0,"damage_taken":0.0},{"damage_healed":0.0,"max_hp_gain":0.0,"max_hp_loss":0.0,"gold_gain":0.0,"cards_transformed":["Defend_P"],"event_name":"Transmorgrifier","player_choice":"Transformed","floor":29.0,"gold_loss":0.0,"damage_taken":0.0,"cards_obtained":["FearNoEvil"]},{"damage_healed":0.0,"max_hp_gain":0.0,"max_hp_loss":0.0,"gold_gain":0.0,"event_name":"Tomb of Lord Red Mask","player_choice":"Ignored","floor":39.0,"gold_loss":0.0,"damage_taken":0.0},{"cards_removed":["FlurryOfBlows"],"damage_healed":0,"gold_gain":0,"player_choice":"Gave Card","damage_taken":0,"relics_obtained":["Blood Vial"],"max_hp_gain":0,"max_hp_loss":0,"event_name":"WeMeetAgain","floor":44,"gold_loss":0},{"cards_removed":["CrushJoints"],"damage_healed":0,"gold_gain":0,"player_choice":"Removed Attack","damage_taken":0,"max_hp_gain":0,"max_hp_loss":0,"event_name":"Falling","floor":46,"gold_loss":0},{"damage_healed":0,"gold_gain":0,"player_choice":"Upgraded","damage_taken":0,"max_hp_gain":0,"max_hp_loss":0,"event_name":"Upgrade Shrine","floor":48,"gold_loss":0,"cards_upgraded":["Scrawl"]}],"is_beta":false,"boss_relics":[{"not_picked":["Busted Crown","Runic Pyramid"],"picked":"Astrolabe"},{"not_picked":["Calling Bell","Black Star"],"picked":"Pandora\u0027s Box"}],"items_purged_floors":[4,20,41],"is_endless":false,"potions_floor_spawned":[1,7,8,13,18,21,22,27,30,35,45],"ascension_level":20}}