{"host":"i0avyit1s6jb1siw","time":1608400492,"event":{"mods":["BaseMod","DeckTracker","Dota2Spire","Highlight Path","Minty Spire (QoL Compilation)","Quick Restart","Replay The Spire","StSLib","SuperFastMode"],"gold_per_floor":[111,111,127,70,70,70,114,114,114,114,134,195,216,234,234,234,234],"floor_reached":16,"playtime":300,"items_purged":[],"score":250,"play_id":"662a2a64-0045-4ba9-bb17-c5171581a453","local_time":"20201219185452","is_ascension_mode":true,"campfire_choices":[{"data":"Neutralize","floor":6,"key":"SMITH"},{"data":"Die Die Die","floor":8,"key":"SMITH"},{"data":"Cloak And Dagger","floor":10,"key":"SMITH"},{"data":"Replay:Poison Smokescreen","floor":15,"key":"SMITH"}],"circlet_count":0,"master_deck":["AscendersBane","Strike_G","Strike_G+1","Strike_G","Strike_G","Strike_G","Defend_G+1","Defend_G","Defend_G","Defend_G","Defend_G","Survivor","Neutralize+1","Dagger Throw","Cloak And Dagger+1","Well Laid Plans+1","Die Die Die+1","Blade Dance","Replay:Poison Smokescreen+1","Dash","Eviscerate"],"relics":["Ring of the Snake","NeowsBlessing","Golden Idol","Omamori","WingedGreaves"],"acts_visited":["Exordium"],"potions_floor_usage":[12],"damage_taken":[{"damage":0,"enemies":"Small Slimes","floor":1,"turns":1},{"damage":0,"enemies":"Jaw Worm","floor":3,"turns":1},{"damage":0,"enemies":"Lagavulin","floor":7,"turns":1},{"damage":0,"enemies":"Cultist","floor":11,"turns":3},{"damage":4,"enemies":"3 Sentries","floor":12,"turns":6},{"damage":0,"enemies":"Red Slaver","floor":13,"turns":3},{"damage":0,"enemies":"Looter","floor":14,"turns":3},{"damage":35,"enemies":"Hexaghost","floor":16,"turns":11}],"seed_played":"9022519960782652017","potions_obtained":[{"floor":1,"key":"SkillPotion"},{"floor":3,"key":"DistilledChaos"},{"floor":13,"key":"Milkshake"}],"is_trial":false,"path_per_floor":["M","?","M","$","?","R","E","R","T","R","M","?","M","M","R","B"],"character_chosen":"THE_SILENT","items_purchased":["Well Laid Plans+1"],"campfire_rested":0,"item_purchase_floors":[4],"current_hp_per_floor":[59,39,39,39,39,39,39,39,39,39,39,35,35,35,35,0,0],"gold":234,"neow_bonus":"THREE_ENEMY_KILL","is_daily":false,"chose_seed":false,"campfire_upgraded":4,"win_rate":0.0,"timestamp":1608400492,"path_taken":["M","?","M","$","?","R","E","R","T","R","M","?","?","M","R","BOSS"],"items_purchased_type":["Card"],"build_version":"2020-12-13","purchased_purges":0,"victory":false,"max_hp_per_floor":[66,66,66,66,60,60,60,60,60,60,60,60,60,60,60,60,60],"card_choices":[{"not_picked":["Heel Hook","Acrobatics"],"picked":"Dagger Throw","floor":1},{"not_picked":["Quick Slash","Dagger Throw"],"picked":"Cloak And Dagger","floor":3},{"not_picked":["ReplayTheSpireMod:Speed Training","Expertise"],"picked":"Die Die Die","floor":7},{"not_picked":["Sucker Punch","Skewer"],"picked":"Blade Dance","floor":11},{"not_picked":["Blade Dance","Prepared"],"picked":"Replay:Poison Smokescreen","floor":12},{"not_picked":["Deflect","Leg Sweep"],"picked":"Dash","floor":13},{"not_picked":["Heel Hook","Poisoned Stab"],"picked":"Eviscerate","floor":14}],"player_experience":2085214,"relics_obtained":[{"floor":7,"key":"Omamori"},{"floor":12,"key":"WingedGreaves"}],"event_choices":[{"damage_healed":0,"gold_gain":0,"player_choice":"Entered Light","damage_taken":20,"max_hp_gain":0,"max_hp_loss":0,"event_name":"Shining Light","floor":2,"gold_loss":0,"cards_upgraded":["Strike_G","Defend_G"]},{"damage_healed":0,"gold_gain":0,"player_choice":"Lose Max HP","damage_taken":0,"relics_obtained":["Golden Idol"],"max_hp_gain":0,"max_hp_loss":6,"event_name":"Golden Idol","floor":5,"gold_loss":0},{"damage_healed":0,"gold_gain":30,"player_choice":"Searched \u00273\u0027 times","damage_taken":0,"max_hp_gain":0,"max_hp_loss":0,"event_name":"Dead Adventurer","floor":12,"gold_loss":0}],"is_beta":false,"boss_relics":[],"items_purged_floors":[],"is_endless":false,"potions_floor_spawned":[1,3,7,13],"killed_by":"Hexaghost","ascension_level":20}}