{"host":"sav7uxregyirlf69","time":1608346796,"event":{"mods":["AchievementEnabler","BaseMod","Colored Map","DeckTracker","Keyboard Shortcuts","Minty Spire (QoL Compilation)","READ ME - Guardian Mod","StSLib","SuperFastMode"],"gold_per_floor":[112,125,139,157,157,157,177,177,201,224,152,177,201,87,87,87,87],"floor_reached":16,"playtime":234,"items_purged":["Strike_G"],"score":192,"play_id":"3f52b201-614e-4e40-9e71-38945e4f9b60","local_time":"20201219115956","is_ascension_mode":true,"campfire_choices":[{"data":"Underhanded Strike","floor":6,"key":"SMITH"},{"floor":15,"key":"REST"}],"circlet_count":0,"master_deck":["AscendersBane","Strike_G","Strike_G","Strike_G","Strike_G","Defend_G","Defend_G","Defend_G","Defend_G","Defend_G","Survivor","Neutralize","Underhanded Strike+1","Dagger Spray","Glass Knife","Backstab","Prepared","Well Laid Plans"],"relics":["Ring of the Snake","Golden Idol","Akabeko","Ancient Tea Set"],"acts_visited":["Exordium"],"potions_floor_usage":[16],"damage_taken":[{"damage":3,"enemies":"Jaw Worm","floor":1,"turns":3},{"damage":0,"enemies":"2 Louse","floor":2,"turns":3},{"damage":1,"enemies":"Small Slimes","floor":3,"turns":4},{"damage":14,"enemies":"Exordium Wildlife","floor":4,"turns":6},{"damage":0,"enemies":"Looter","floor":7,"turns":3},{"damage":10,"enemies":"Exordium Thugs","floor":10,"turns":3},{"damage":0,"enemies":"2 Fungi Beasts","floor":12,"turns":1},{"damage":0,"enemies":"Blue Slaver","floor":13,"turns":1},{"damage":31,"enemies":"Hexaghost","floor":16,"turns":8}],"seed_played":"5403387163941952967","potions_obtained":[{"floor":1,"key":"Strength Potion"},{"floor":3,"key":"Swift Potion"},{"floor":4,"key":"FearPotion"}],"is_trial":false,"path_per_floor":["M","M","M","M","?","R","M","?","T","M","?","M","M","$","R","B"],"character_chosen":"THE_SILENT","items_purchased":["Well Laid Plans"],"campfire_rested":1,"item_purchase_floors":[14],"current_hp_per_floor":[56,56,55,41,41,41,41,23,23,13,13,13,13,13,31,0,0],"gold":87,"neow_bonus":"THREE_CARDS","is_daily":false,"chose_seed":false,"campfire_upgraded":1,"win_rate":0.0,"timestamp":1608346796,"path_taken":["M","M","M","M","?","R","M","?","T","?","?","M","M","?","R","BOSS"],"items_purchased_type":["Card"],"build_version":"2020-12-13","purchased_purges":1,"victory":false,"max_hp_per_floor":[66,66,66,66,60,60,60,60,60,60,60,60,60,60,60,60,60],"card_choices":[{"not_picked":["Distraction","PiercingWail"],"picked":"Underhanded Strike","floor":0},{"not_picked":["Finisher","Quick Slash","PiercingWail"],"picked":"SKIP","floor":1},{"not_picked":["PiercingWail","Caltrops"],"picked":"Dagger Spray","floor":2},{"not_picked":["Setup","Prepared"],"picked":"Glass Knife","floor":3},{"not_picked":["Underhanded Strike","Dash","Slice"],"picked":"SKIP","floor":4},{"not_picked":["Bane","Infinite Blades","Eviscerate"],"picked":"SKIP","floor":7},{"not_picked":["Flechettes","Endless Agony","Infinite Blades"],"picked":"SKIP","floor":10},{"not_picked":["Dagger Throw","Finisher"],"picked":"Backstab","floor":12},{"not_picked":["Catalyst","Riddle With Holes"],"picked":"Prepared","floor":13}],"player_experience":949965,"relics_obtained":[{"floor":9,"key":"Ancient Tea Set"}],"event_choices":[{"damage_healed":0,"gold_gain":0,"player_choice":"Lose Max HP","damage_taken":0,"relics_obtained":["Golden Idol"],"max_hp_gain":0,"max_hp_loss":6,"event_name":"Golden Idol","floor":5,"gold_loss":0},{"damage_healed":0,"gold_gain":0,"player_choice":"Success","damage_taken":18,"relics_obtained":["Akabeko"],"max_hp_gain":0,"max_hp_loss":0,"event_name":"Scrap Ooze","floor":8,"gold_loss":0},{"damage_healed":0,"gold_gain":0,"player_choice":"Left Gold","damage_taken":0,"max_hp_gain":0,"max_hp_loss":0,"event_name":"World of Goop","floor":11,"gold_loss":72}],"is_beta":false,"boss_relics":[],"items_purged_floors":[14],"is_endless":false,"potions_floor_spawned":[1,3,4,13],"killed_by":"Hexaghost","ascension_level":20}}