{"host":"kubkimaky0n54ws8","time":1608399707,"event":{"mods":["BaseMod","Marisa£®ÏF”Í°°ƒß¿Ì…≥£©","Minty Spire (QoL Compilation)","Quick Restart","Reimu£®≤©¿ˆ¡È√Œ£©","Remilia£®¿Ÿ√◊¿Ú—«£©","StSLib","The Cursed","The Senshi","The Servant 0.9.4"],"gold_per_floor":[38,113,113,123,152,203,239,319,343,392,432,460,79,120,120,233,292,331,371,429,429,134,178,178,201,277,301,346,373,396,175,175,296,296,322,349,349,349,349],"floor_reached":38,"playtime":3122,"items_purged":[],"score":452,"play_id":"b6c58325-e84b-4f6f-8e99-cbe3acbf03c5","local_time":"20201220014147","is_ascension_mode":false,"campfire_choices":[{"floor":15.0,"key":"REST"},{"floor":24.0,"key":"REST"},{"floor":32.0,"key":"REST"}],"circlet_count":0,"master_deck":["Strike_MRS","Strike_MRS","Strike_MRS","Strike_MRS","Defend_MRS","Defend_MRS","Defend_MRS","Defend_MRS","MasterSpark+1","UpSweep","HandOfGreed","WitchOfGreed","ChargeUpSpray","SporeBomb","ManaRampage","MasterSpark","Impatience+1","UnstableBomb","GravityBeat","NonDirectionalLaser","GasGiant","OpenUniverse","UltimateShortwave","FinalSpark","DarkSpark","MilkyWay","PulseMagic","MillisecondPulsars","PulseMagic+1","MysteriousBeam","DC","OrrerysSun+1","JA","PropBag+1","WitchLeyline","StarBarrage+1","EventHorizon+1","IllusionStar+1","SatelliteIllusion","Orbital+1","AsteroidBelt+1"],"relics":["MiniHakkero","ScarletDevilRocket","CeramicFish","Strawberry","PreservedInsect","Tiny House","Red Mask","MutagenicStrength","Tiny Chest","TheAbacus","Anchor","Tea:ReiMu","War Paint","SlaversCollar","Ornamental Fan"],"acts_visited":["Exordium","TheCity","TheBeyond"],"potions_floor_usage":[38],"damage_taken":[{"damage":5.0,"enemies":"Small Slimes","floor":1.0,"turns":2.0},{"damage":0.0,"enemies":"Cultist","floor":4.0,"turns":2.0},{"damage":11.0,"enemies":"Jaw Worm","floor":5.0,"turns":3.0},{"damage":13.0,"enemies":"3 Sentries","floor":6.0,"turns":4.0},{"damage":1.0,"enemies":"Exordium Wildlife","floor":7.0,"turns":3.0},{"damage":7.0,"enemies":"Large Slime","floor":11.0,"turns":5.0},{"damage":6.0,"enemies":"2 Fungi Beasts","floor":12.0,"turns":2.0},{"damage":0.0,"enemies":"Exordium Wildlife","floor":14.0,"turns":2.0},{"damage":33.0,"enemies":"The Guardian","floor":16.0,"turns":6.0},{"damage":27.0,"enemies":"Shell Parasite","floor":18.0,"turns":4.0},{"damage":0.0,"enemies":"Masked Bandits","floor":19.0,"turns":2.0},{"damage":7.0,"enemies":"3 Byrds","floor":20.0,"turns":5.0},{"damage":8.0,"enemies":"Gremlin Leader","floor":23.0,"turns":4.0},{"damage":23.0,"enemies":"Snecko","floor":25.0,"turns":4.0},{"damage":12.0,"enemies":"Snake Plant","floor":27.0,"turns":4.0},{"damage":4.0,"enemies":"Centurion and Healer","floor":28.0,"turns":3.0},{"damage":3.0,"enemies":"Chosen and Byrds","floor":29.0,"turns":5.0},{"damage":0.0,"enemies":"Cultist and Chosen","floor":30.0,"turns":4.0},{"damage":79.0,"enemies":"Automaton","floor":33.0,"turns":10.0},{"damage":7.0,"enemies":"Orb Walker","floor":35.0,"turns":3.0},{"damage":26.0,"enemies":"3 Darklings","floor":36.0,"turns":5.0},{"damage":65,"enemies":"Transient","floor":38,"turns":5}],"seed_played":"-7302926856876849807","potions_obtained":[{"floor":1.0,"key":"BlessingOfTheForge"},{"floor":5.0,"key":"Energy Potion"},{"floor":6.0,"key":"SkillPotion"},{"floor":11.0,"key":"Fire Potion"},{"floor":17.0,"key":"Dexterity Potion"},{"floor":18.0,"key":"ShroomBrew"},{"floor":18.0,"key":"ColorlessPotion"},{"floor":27.0,"key":"DuplicationPotion"},{"floor":29.0,"key":"Explosive Potion"},{"floor":33.0,"key":"FearPotion"},{"floor":33.0,"key":"Dexterity Potion"},{"floor":35.0,"key":"LiquidBronze"}],"is_trial":false,"path_per_floor":["M","?","?","M","M","E","M","?","T","T","M","M","$","M","R","B",null,"M","?","M","?","$","E","R","M","T","M","M","M","M","$","R","B",null,"M","M","?","M"],"character_chosen":"MARISA","items_purchased":["FinalSpark","PreservedInsect","DarkSpark","MilkyWay","Tiny Chest","TheAbacus","War Paint","EarthLightRay"],"campfire_rested":3,"item_purchase_floors":[13,13,13,13,22,22,31,31],"current_hp_per_floor":[70,59,59,59,48,35,34,34,34,41,34,28,28,28,52,19,87,60,60,53,53,53,45,71,48,48,48,44,53,53,53,79,4,87,84,58,58,0,0],"gold":349,"neow_bonus":"RANDOM_COLORLESS_2","is_daily":false,"chose_seed":false,"campfire_upgraded":0,"win_rate":0.0,"timestamp":1608399707,"path_taken":["M","?","?","M","?","E","M","?","T","?","M","M","$","M","R","BOSS","M","?","M","?","?","E","R","M","T","M","M","M","M","$","R","BOSS","M","?","?","M"],"items_purchased_type":["Card","Relic","Card","Card","Relic","Relic","Relic","Card"],"build_version":"2020-12-13","purchased_purges":0,"victory":false,"max_hp_per_floor":[75,75,75,75,75,75,75,75,75,82,82,82,82,82,82,82,87,87,87,87,87,87,87,87,87,87,87,87,87,87,87,87,87,87,87,87,87,87,87],"card_choices":[{"not_picked":["Transmutation","Magnetism"],"picked":"HandOfGreed","floor":0.0},{"not_picked":["PowerUp","OrrerysSun"],"picked":"WitchOfGreed","floor":1.0},{"not_picked":["ChargingUp","MeteoricShower"],"picked":"UnstableBomb","floor":4.0},{"not_picked":["UnstableBomb","WitchOfGreed"],"picked":"GravityBeat","floor":5.0},{"not_picked":["PowerUp","GravityBeat"],"picked":"NonDirectionalLaser","floor":6.0},{"not_picked":["GravityBeat","Robbery"],"picked":"GasGiant","floor":7.0},{"not_picked":["PulseMagic","Orbital"],"picked":"OpenUniverse","floor":11.0},{"not_picked":["ShootingEcho","NonDirectionalLaser"],"picked":"UltimateShortwave","floor":12.0},{"not_picked":["WitchLeyline","DoubleSpark"],"picked":"PulseMagic","floor":14.0},{"not_picked":["AbsoluteMagnitude","JA"],"picked":"MillisecondPulsars","floor":16.0},{"not_picked":["DoubleSpark","NonDirectionalLaser"],"picked":"PulseMagic","floor":17.0},{"not_picked":["GrandCross","NonDirectionalLaser"],"picked":"MysteriousBeam","floor":18.0},{"not_picked":["RefractionSpark","AsteroidBelt"],"picked":"DC","floor":19.0},{"not_picked":["UnstableBomb","DeepEcoloBomb"],"picked":"OrrerysSun+1","floor":20.0},{"not_picked":["OpenUniverse","GasGiant"],"picked":"JA","floor":23.0},{"not_picked":["NonDirectionalLaser+1","Occultation"],"picked":"PropBag+1","floor":25.0},{"not_picked":["AlicesGift","SporeBomb+1"],"picked":"WitchLeyline","floor":27.0},{"not_picked":["SporeBomb+1","ManaConvection"],"picked":"StarBarrage+1","floor":28.0},{"not_picked":["ShootingEcho","WitchOfGreed"],"picked":"EventHorizon+1","floor":29.0},{"not_picked":["EnergyFlow","RefractionSpark"],"picked":"IllusionStar+1","floor":30.0},{"not_picked":["TreasureHunter","BlazingStar"],"picked":"SatelliteIllusion","floor":33.0},{"not_picked":["AsteroidBelt","EnergyRecoil"],"picked":"Orbital+1","floor":35.0},{"not_picked":["GalacticHalo","ChargeUpSpray"],"picked":"AsteroidBelt+1","floor":36.0}],"player_experience":499823,"relics_obtained":[{"floor":6.0,"key":"ScarletDevilRocket"},{"floor":9.0,"key":"CeramicFish"},{"floor":10.0,"key":"Strawberry"},{"floor":19.0,"key":"Red Mask"},{"floor":23.0,"key":"Anchor"},{"floor":26.0,"key":"Tea:ReiMu"}],"event_choices":[{"damage_healed":0.0,"max_hp_gain":0.0,"max_hp_loss":0.0,"gold_gain":75.0,"event_name":"World of Goop","player_choice":"Gather Gold","floor":2.0,"gold_loss":0.0,"damage_taken":11.0},{"damage_healed":0.0,"max_hp_gain":0.0,"max_hp_loss":0.0,"gold_gain":0.0,"event_name":"Match and Keep!","player_choice":"5 cards matched","floor":3.0,"gold_loss":0.0,"damage_taken":0.0,"cards_obtained":["ChargeUpSpray","SporeBomb","ManaRampage","MasterSpark","Impatience"]},{"damage_healed":0.0,"max_hp_gain":0.0,"max_hp_loss":0.0,"gold_gain":80.0,"event_name":"Golden Wing","player_choice":"Gained Gold","floor":8.0,"gold_loss":0.0,"damage_taken":0.0},{"damage_healed":0.0,"max_hp_gain":0.0,"max_hp_loss":0.0,"gold_gain":0.0,"event_name":"Masked Bandits","player_choice":"Fought Bandits","floor":19.0,"gold_loss":0.0,"damage_taken":0.0},{"damage_healed":0.0,"max_hp_gain":0.0,"max_hp_loss":0.0,"gold_gain":0.0,"event_name":"Drug Dealer","player_choice":"Inject Mutagens","floor":21.0,"gold_loss":0.0,"damage_taken":0.0,"relics_obtained":["MutagenicStrength"]},{"cards_removed":["EarthLightRay"],"damage_healed":0.0,"max_hp_gain":0.0,"max_hp_loss":0.0,"gold_gain":0.0,"event_name":"Falling","player_choice":"Removed Skill","floor":37.0,"gold_loss":0.0,"damage_taken":0.0}],"is_beta":false,"boss_relics":[{"not_picked":["Runic Dome","Coffee Dripper"],"picked":"Tiny House"},{"not_picked":["Pandora\u0027s Box","SacredBark"],"picked":"SlaversCollar"}],"items_purged_floors":[],"is_endless":false,"potions_floor_spawned":[1,6,11,14,18,27,29,33,35],"killed_by":"Transient","ascension_level":0}}