{"host":"cc187","time":1608411039,"event":{"mods":["AchievementEnabler","BaseMod","Bestiary","Colored Map","Colored Powertips","Highlight Path","Keyboard Shortcuts","Minty Spire (QoL Compilation)","Quick Restart","Rare Cards Sparkle","Relic Stats","StSLib","SuperFastMode","Synergy Search"],"gold_per_floor":[116,185,185,29,47,47,79,89,89,124,124,124,143,172,172,248,248,265,165,165,123,134,134,162,162,162,172,172,172,206,2,2,77,77,97,72,72,82,132,132,53,53,53],"floor_reached":42,"playtime":1823,"items_purged":["Strike_G","Strike_G","Decay"],"score":921,"play_id":"1284d281-da0d-46b8-9b3b-1487707eee2d","local_time":"20201219205039","is_ascension_mode":true,"campfire_choices":[{"data":"Neutralize","floor":6,"key":"SMITH"},{"data":"Crippling Poison","floor":12,"key":"SMITH"},{"data":"Crippling Poison","floor":15,"key":"SMITH"},{"data":"Noxious Fumes","floor":23,"key":"SMITH"},{"data":"After Image","floor":25,"key":"SMITH"},{"floor":28,"key":"REST"},{"floor":32,"key":"REST"},{"floor":40,"key":"RECALL"}],"circlet_count":0,"master_deck":["AscendersBane","Defend_G","Defend_G","Defend_G","Defend_G","Defend_G","Survivor","Neutralize+1","Underhanded Strike","Acrobatics","Dagger Spray","Deflect","Crippling Poison+1","Bane","Deadly Poison","Crippling Poison+1","Heel Hook","Corpse Explosion","Noxious Fumes+1","After Image+1","Catalyst+1","Footwork","Malaise","Poisoned Stab+1","Bullet Time+1","Footwork+1","Poisoned Stab+1","Poisoned Stab+1","PiercingWail","Neutralize+1"],"relics":["Ring of the Snake","NeowsBlessing","CultistMask","Sundial","Calipers","Paper Crane","Prayer Wheel","Busted Crown","Nloth\u0027s Gift","Molten Egg 2","Bag of Preparation","Astrolabe"],"acts_visited":["Exordium","TheCity","TheBeyond"],"potions_floor_usage":[10,16,24,27,42],"damage_taken":[{"damage":0,"enemies":"Small Slimes","floor":1,"turns":1},{"damage":0,"enemies":"Cultist","floor":5,"turns":1},{"damage":0,"enemies":"Gremlin Nob","floor":7,"turns":1},{"damage":0,"enemies":"2 Louse","floor":8,"turns":3},{"damage":25,"enemies":"3 Sentries","floor":10,"turns":9},{"damage":6,"enemies":"Exordium Thugs","floor":13,"turns":5},{"damage":20,"enemies":"Gremlin Nob","floor":14,"turns":4},{"damage":6,"enemies":"Hexaghost","floor":16,"turns":10},{"damage":8,"enemies":"Spheric Guardian","floor":18,"turns":4},{"damage":3,"enemies":"3 Byrds","floor":22,"turns":3},{"damage":12,"enemies":"Gremlin Leader","floor":24,"turns":6},{"damage":22,"enemies":"Snecko","floor":27,"turns":6},{"damage":12,"enemies":"Book of Stabbing","floor":30,"turns":5},{"damage":26,"enemies":"Collector","floor":33,"turns":8},{"damage":4,"enemies":"3 Shapes","floor":35,"turns":5},{"damage":4,"enemies":"Orb Walker","floor":38,"turns":4},{"damage":61,"enemies":"Reptomancer","floor":42,"turns":8}],"seed_played":"-6074707176627096891","potions_obtained":[{"floor":1,"key":"BlessingOfTheForge"},{"floor":5,"key":"GamblersBrew"},{"floor":7,"key":"Poison Potion"},{"floor":22,"key":"Weak Potion"},{"floor":24,"key":"SpeedPotion"},{"floor":30,"key":"SmokeBomb"},{"floor":35,"key":"GamblersBrew"}],"is_trial":false,"path_per_floor":["M","?","?","$","M","R","E","M","T","E","T","R","M","E","R","B",null,"M","$","?","$","M","R","E","R","T","M","R","?","E","$","R","B",null,"M","$","?","M","?","R","$","E"],"character_chosen":"THE_SILENT","items_purchased":["Acrobatics","Dagger Spray","Noxious Fumes","Footwork","PiercingWail","DuplicationPotion"],"campfire_rested":2,"item_purchase_floors":[4,4,21,31,36,41],"current_hp_per_floor":[59,59,59,59,59,59,69,69,69,44,44,44,38,18,18,12,60,52,52,52,52,49,49,37,37,37,15,37,37,25,25,47,21,62,58,58,58,54,54,54,54,0,0],"gold":53,"neow_bonus":"THREE_ENEMY_KILL","is_daily":false,"chose_seed":false,"campfire_upgraded":5,"win_rate":0.0,"timestamp":1608411039,"path_taken":["M","?","?","$","?","R","E","M","T","E","?","R","M","E","R","BOSS","M","$","?","$","M","R","E","R","T","?","R","?","E","$","R","BOSS","M","$","?","?","?","R","?","E"],"items_purchased_type":["Card","Card","Card","Card","Card","Potion"],"build_version":"2020-12-18","purchased_purges":3,"victory":false,"max_hp_per_floor":[66,66,66,66,66,66,76,76,76,76,76,76,76,76,76,76,76,76,76,76,76,76,76,76,76,76,76,76,76,76,76,76,76,76,76,76,76,76,76,76,76,76,76],"relic_stats":{"Busted Crown":26,"counters":[17,83],"Sundial":[8],"Astrolabe":["Poisoned Stab","Bullet Time","Footwork"],"Prayer Wheel":5,"Nloth\u0027s Gift":1,"Bag of Preparation":[8],"obtain_stats":[{"Pear":7,"Calipers":10,"NeowsBlessing":0,"Astrolabe":34,"Bag of Preparation":30,"Paper Crane":11,"Busted Crown":17,"Sundial":9,"Prayer Wheel":14,"Molten Egg 2":24,"CultistMask":3,"Nloth\u0027s Gift":20,"Ring of the Snake":0},{"Pear":3,"Calipers":5,"NeowsBlessing":0,"Astrolabe":14,"Bag of Preparation":13,"Paper Crane":5,"Busted Crown":8,"Sundial":4,"Prayer Wheel":7,"Molten Egg 2":11,"CultistMask":1,"Nloth\u0027s Gift":9,"Ring of the Snake":0},{"Pear":3,"Calipers":15,"NeowsBlessing":0,"Astrolabe":66,"Bag of Preparation":58,"Paper Crane":15,"Busted Crown":34,"Sundial":6,"Prayer Wheel":24,"Molten Egg 2":47,"CultistMask":1,"Nloth\u0027s Gift":38,"Ring of the Snake":0}],"Ring of the Snake":[34]},"card_choices":[{"not_picked":["Setup","Distraction"],"picked":"Underhanded Strike","floor":1},{"not_picked":["Acrobatics","Bane"],"picked":"Deflect","floor":5},{"not_picked":["Dagger Spray","Bane"],"picked":"Crippling Poison","floor":7},{"not_picked":["Backflip","Dagger Throw"],"picked":"Bane","floor":8},{"not_picked":["Phantasmal Killer","Catalyst"],"picked":"Deadly Poison","floor":10},{"not_picked":["Dagger Spray","Reflex"],"picked":"Crippling Poison","floor":13},{"not_picked":["Cloak And Dagger","Quick Slash"],"picked":"Heel Hook","floor":14},{"not_picked":["Glass Knife","Night Terror"],"picked":"Corpse Explosion","floor":16},{"not_picked":["Sucker Punch"],"picked":"SKIP","floor":18},{"not_picked":["Dagger Spray"],"picked":"SKIP","floor":18},{"not_picked":[],"picked":"After Image","floor":22},{"not_picked":["Accuracy"],"picked":"SKIP","floor":22},{"not_picked":["Expertise"],"picked":"SKIP","floor":24},{"not_picked":[],"picked":"Catalyst+1","floor":27},{"not_picked":["Slice+1"],"picked":"SKIP","floor":27},{"not_picked":["Finisher+1"],"picked":"SKIP","floor":30},{"not_picked":[],"picked":"Malaise","floor":33},{"not_picked":[],"picked":"Poisoned Stab+1","floor":35},{"not_picked":[],"picked":"Poisoned Stab+1","floor":35},{"not_picked":["Tactician"],"picked":"SKIP","floor":38},{"not_picked":["Blade Dance"],"picked":"SKIP","floor":38}],"player_experience":786499,"relics_obtained":[{"floor":7,"key":"Pear"},{"floor":9,"key":"Sundial"},{"floor":10,"key":"Calipers"},{"floor":11,"key":"Paper Crane"},{"floor":14,"key":"Prayer Wheel"},{"floor":24,"key":"Molten Egg 2"},{"floor":30,"key":"Bag of Preparation"}],"event_choices":[{"damage_healed":0,"gold_gain":69,"player_choice":"Gained Gold","damage_taken":0,"max_hp_gain":0,"max_hp_loss":0,"event_name":"Golden Wing","floor":2,"gold_loss":0},{"damage_healed":0,"gold_gain":0,"player_choice":"Trade","damage_taken":0,"relics_obtained":["CultistMask"],"max_hp_gain":0,"max_hp_loss":0,"event_name":"FaceTrader","floor":3,"gold_loss":0},{"damage_healed":0,"gold_gain":0,"player_choice":"Traded Relic","damage_taken":0,"relics_obtained":["Nloth\u0027s Gift"],"max_hp_gain":0,"max_hp_loss":0,"event_name":"N\u0027loth","floor":20,"relics_lost":["Pear"],"gold_loss":0},{"damage_healed":0,"gold_gain":0,"player_choice":"Smashed Altar","damage_taken":0,"max_hp_gain":0,"max_hp_loss":0,"event_name":"Forgotten Altar","floor":29,"gold_loss":0,"cards_obtained":["Decay"]},{"damage_healed":0,"gold_gain":0,"player_choice":"1 cards matched","damage_taken":0,"max_hp_gain":0,"max_hp_loss":0,"event_name":"Match and Keep!","floor":37,"gold_loss":0,"cards_obtained":["Neutralize"]},{"damage_healed":0,"gold_gain":50,"player_choice":"Pray","damage_taken":0,"max_hp_gain":0,"max_hp_loss":0,"event_name":"Golden Shrine","floor":39,"gold_loss":0}],"is_beta":true,"boss_relics":[{"not_picked":["Calling Bell","Pandora\u0027s Box"],"picked":"Busted Crown"},{"not_picked":["Black Star","Fusion Hammer"],"picked":"Astrolabe"}],"items_purged_floors":[4,19,31],"is_endless":false,"potions_floor_spawned":[1,5,7,22,24,30,35],"killed_by":"Reptomancer","ascension_level":17}}