{"host":"qm4rv4rkpk76sbxu","time":1608397185,"event":{"mods":["BaseMod","Bestiary","Block Reminder","DeckTracker","Filter the Spire","Keyboard Shortcuts","Minty Spire (QoL Compilation)","MonsterHotkey","Potion Indicator Mod","Quick Restart","Random Character Button","Relic Stats","Slay-I","StSLib","ojb\u0027s Better Paths Mod"],"gold_per_floor":[117,117,117,137,156,156,184,184,184,209,209,238,254,283,283,357,357,369,369,382,382,393,419,419,419,419],"floor_reached":25,"playtime":771,"items_purged":[],"score":478,"play_id":"682a63c9-6c33-4ffa-94c3-7996c0052a73","local_time":"20201219175945","is_ascension_mode":true,"campfire_choices":[{"data":"Lockon","floor":6.0,"key":"SMITH"},{"data":"Compile Driver","floor":8.0,"key":"SMITH"},{"data":"Beam Cell","floor":11.0,"key":"SMITH"},{"data":"Go for the Eyes","floor":15.0,"key":"SMITH"},{"data":"Double Energy","floor":24.0,"key":"SMITH"}],"circlet_count":0,"master_deck":["AscendersBane","Strike_B+1","Strike_B+1","Strike_B+1","Defend_B+1","Defend_B+1","Defend_B+1","Defend_B+1","Zap+1","Dualcast","Lockon+1","Steam","Compile Driver+1","Beam Cell+1","Ball Lightning","Go for the Eyes+1","Echo Form","FTL","Double Energy+1","Decay","Thunder Strike"],"relics":["Cracked Core","NeowsBlessing","Letter Opener","Akabeko","Shuriken","Pear","Odd Mushroom","Runic Pyramid","Sundial"],"acts_visited":["Exordium","TheCity"],"potions_floor_usage":[25],"damage_taken":[{"damage":0.0,"enemies":"Small Slimes","floor":1.0,"turns":1.0},{"damage":0.0,"enemies":"2 Louse","floor":4.0,"turns":1.0},{"damage":0.0,"enemies":"Cultist","floor":5.0,"turns":1.0},{"damage":5.0,"enemies":"Gremlin Nob","floor":7.0,"turns":3.0},{"damage":4.0,"enemies":"Lagavulin","floor":10.0,"turns":4.0},{"damage":6.0,"enemies":"Gremlin Nob","floor":12.0,"turns":3.0},{"damage":0.0,"enemies":"Large Slime","floor":13.0,"turns":3.0},{"damage":1.0,"enemies":"The Mushroom Lair","floor":14.0,"turns":3.0},{"damage":15.0,"enemies":"Hexaghost","floor":16.0,"turns":7.0},{"damage":25.0,"enemies":"2 Thieves","floor":18.0,"turns":4.0},{"damage":0.0,"enemies":"Chosen","floor":20.0,"turns":3.0},{"damage":6.0,"enemies":"Centurion and Healer","floor":22.0,"turns":5.0},{"damage":26.0,"enemies":"Book of Stabbing","floor":23.0,"turns":5.0},{"damage":18,"enemies":"Slavers","floor":25,"turns":1}],"seed_played":"-3462940383543316406","potions_obtained":[{"floor":1.0,"key":"Ancient Potion"},{"floor":4.0,"key":"Explosive Potion"},{"floor":7.0,"key":"AttackPotion"},{"floor":12.0,"key":"Fruit Juice"},{"floor":16.0,"key":"PowerPotion"},{"floor":23.0,"key":"Ancient Potion"}],"is_trial":false,"path_per_floor":["M","?","?","M","M","R","E","R","T","E","R","E","M","?","R","B",null,"M","?","M","?","M","E","R","E"],"character_chosen":"DEFECT","items_purchased":[],"campfire_rested":0,"item_purchase_floors":[],"current_hp_per_floor":[64,43,43,43,43,43,38,38,38,34,34,38,38,37,37,27,71,46,46,46,46,40,14,14,0,0],"gold":419,"neow_bonus":"THREE_ENEMY_KILL","is_daily":false,"chose_seed":false,"campfire_upgraded":5,"win_rate":0.0,"timestamp":1608397185,"path_taken":["M","?","?","M","?","R","E","R","T","E","R","E","M","?","R","BOSS","M","?","M","?","M","E","R","E"],"items_purchased_type":[],"build_version":"2020-12-13","purchased_purges":0,"victory":false,"max_hp_per_floor":[71,71,71,71,71,71,71,71,71,71,71,81,81,81,81,86,86,86,86,86,86,86,86,86,86,86],"relic_stats":{"counters":[14,44],"Shuriken":[14],"Sundial":[0],"Letter Opener":[35],"obtain_stats":[{"Pear":12,"NeowsBlessing":0,"Shuriken":10,"Sundial":23,"Letter Opener":7,"Odd Mushroom":14,"Cracked Core":0,"Akabeko":9,"Runic Pyramid":17},{"Pear":6,"NeowsBlessing":0,"Shuriken":5,"Sundial":13,"Letter Opener":4,"Odd Mushroom":8,"Cracked Core":0,"Akabeko":4,"Runic Pyramid":9},{"Pear":13,"NeowsBlessing":0,"Shuriken":10,"Sundial":43,"Letter Opener":6,"Odd Mushroom":19,"Cracked Core":0,"Akabeko":6,"Runic Pyramid":26}]},"card_choices":[{"not_picked":["BootSequence","Double Energy"],"picked":"Lockon","floor":1.0},{"not_picked":["Stack","White Noise"],"picked":"Steam","floor":4.0},{"not_picked":["Fusion","Coolheaded","Gash"],"picked":"SKIP","floor":5.0},{"not_picked":["Fusion","Coolheaded","Gash"],"picked":"SKIP","floor":5.0},{"not_picked":["Fusion","Coolheaded","Gash"],"picked":"SKIP","floor":5.0},{"not_picked":["Hello World","Steam"],"picked":"Compile Driver","floor":7.0},{"not_picked":["Coolheaded","Barrage"],"picked":"Beam Cell","floor":10.0},{"not_picked":["Amplify","Streamline"],"picked":"Ball Lightning","floor":12.0},{"not_picked":["Barrage","Scrape","Leap"],"picked":"SKIP","floor":13.0},{"not_picked":["Gash","Rebound"],"picked":"Go for the Eyes","floor":14.0},{"not_picked":["Hyperbeam","Biased Cognition"],"picked":"Echo Form","floor":16.0},{"not_picked":["Compile Driver","Sunder"],"picked":"FTL","floor":18.0},{"not_picked":["Rebound","Sweeping Beam"],"picked":"Double Energy","floor":20.0},{"not_picked":["Blizzard","Barrage"],"picked":"Thunder Strike","floor":22.0},{"not_picked":["Beam Cell","Turbo","Sweeping Beam"],"picked":"SKIP","floor":23.0}],"player_experience":1070496,"relics_obtained":[{"floor":7.0,"key":"Letter Opener"},{"floor":9.0,"key":"Akabeko"},{"floor":10.0,"key":"Shuriken"},{"floor":12.0,"key":"Pear"},{"floor":14.0,"key":"Odd Mushroom"},{"floor":23.0,"key":"Sundial"}],"event_choices":[{"damage_healed":0.0,"max_hp_gain":0.0,"max_hp_loss":0.0,"gold_gain":0.0,"event_name":"Shining Light","player_choice":"Entered Light","floor":2.0,"gold_loss":0.0,"damage_taken":21.0,"cards_upgraded":["Zap","Strike_B"]},{"cards_removed":["Strike_B"],"damage_healed":0.0,"max_hp_gain":0.0,"max_hp_loss":0.0,"gold_gain":0.0,"event_name":"Purifier","player_choice":"Purged","floor":3.0,"gold_loss":0.0,"damage_taken":0.0},{"damage_healed":0.0,"max_hp_gain":0.0,"max_hp_loss":0.0,"gold_gain":0.0,"event_name":"Mushrooms","player_choice":"Fought Mushrooms","floor":14.0,"gold_loss":0.0,"damage_taken":0.0},{"damage_healed":0.0,"max_hp_gain":0.0,"max_hp_loss":0.0,"gold_gain":0.0,"event_name":"Back to Basics","player_choice":"Simplicity","floor":19.0,"gold_loss":0.0,"damage_taken":0.0,"cards_upgraded":["Strike_B","Strike_B","Defend_B","Defend_B","Defend_B","Defend_B"]},{"damage_healed":0.0,"max_hp_gain":0.0,"max_hp_loss":0.0,"gold_gain":0.0,"event_name":"Forgotten Altar","player_choice":"Smashed Altar","floor":21.0,"gold_loss":0.0,"damage_taken":0.0,"cards_obtained":["Decay"]}],"is_beta":false,"boss_relics":[{"not_picked":["Sozu","Velvet Choker"],"picked":"Runic Pyramid"}],"items_purged_floors":[],"is_endless":false,"potions_floor_spawned":[1,4,7,12,16,18,23],"killed_by":"Slavers","ascension_level":20}}