{"host":"axuns55dzq466eei","time":1608378628,"event":{"mods":["BaseMod","Colored Map","Keyboard Shortcuts","Minty Spire (QoL Compilation)","StSLib","SuperFastMode"],"gold_per_floor":[117,134,134,33,52,52,77,89,89,89,89,99,99,119,119,193,193,207,227,49,82,133,133,145,171,224,224,236,254,254,254,254,331,331,348,348,367,386,118,118,136,164,164,177,210,228,245,120,120,120,120],"floor_reached":50,"playtime":1251,"items_purged":["Strike_G","Strike_G","Defend_G"],"score":1202,"play_id":"bd219c18-2b48-4a9a-8098-b785a66377ba","local_time":"20201219205028","is_ascension_mode":true,"campfire_choices":[{"data":"Dagger Spray","floor":6.0,"key":"SMITH"},{"data":"Crippling Poison","floor":10.0,"key":"SMITH"},{"data":"Malaise","floor":15.0,"key":"SMITH"},{"data":"Blade Dance","floor":23.0,"key":"SMITH"},{"data":"Accuracy","floor":27.0,"key":"SMITH"},{"data":"Cloak And Dagger","floor":30.0,"key":"SMITH"},{"floor":32.0,"key":"REST"},{"data":"Acrobatics","floor":40.0,"key":"SMITH"},{"data":"Tactician","floor":49.0,"key":"SMITH"}],"circlet_count":0,"master_deck":["AscendersBane","Defend_G","Defend_G","Defend_G","Survivor","Neutralize","Crippling Poison+1","Dagger Spray+1","Poisoned Stab","Quick Slash","Malaise+1","Acrobatics+1","PiercingWail","Calculated Gamble","Blade Dance+1","Noxious Fumes","Cloak And Dagger+1","Accuracy+1","Adrenaline","Storm of Steel","Wraith Form v2+1","Blade Dance+1","Underhanded Strike+1","Flechettes","Deflect","Tactician+1"],"relics":["Ring of the Snake","Pen Nib","Akabeko","Singing Bowl","Strawberry","Bag of Preparation","SacredBark","Red Mask","HornCleat","Bag of Marbles","Shovel","Astrolabe","Kunai","Mercury Hourglass","Pear","Ancient Tea Set"],"acts_visited":["Exordium","TheCity","TheBeyond"],"potions_floor_usage":[50],"damage_taken":[{"damage":2.0,"enemies":"Jaw Worm","floor":1.0,"turns":6.0},{"damage":0.0,"enemies":"Cultist","floor":2.0,"turns":4.0},{"damage":1.0,"enemies":"Small Slimes","floor":5.0,"turns":3.0},{"damage":7.0,"enemies":"Lagavulin","floor":7.0,"turns":4.0},{"damage":1.0,"enemies":"Exordium Wildlife","floor":8.0,"turns":2.0},{"damage":1.0,"enemies":"Red Slaver","floor":12.0,"turns":3.0},{"damage":0.0,"enemies":"Exordium Thugs","floor":14.0,"turns":4.0},{"damage":4.0,"enemies":"The Guardian","floor":16.0,"turns":13.0},{"damage":4.0,"enemies":"Chosen","floor":18.0,"turns":7.0},{"damage":0.0,"enemies":"3 Byrds","floor":19.0,"turns":5.0},{"damage":0.0,"enemies":"Masked Bandits","floor":21.0,"turns":1.0},{"damage":6.0,"enemies":"Centurion and Healer","floor":24.0,"turns":2.0},{"damage":11.0,"enemies":"Slavers","floor":25.0,"turns":2.0},{"damage":14.0,"enemies":"Snecko","floor":28.0,"turns":6.0},{"damage":19.0,"enemies":"Sentry and Sphere","floor":29.0,"turns":5.0},{"damage":43.0,"enemies":"Automaton","floor":33.0,"turns":7.0},{"damage":0.0,"enemies":"Orb Walker","floor":35.0,"turns":1.0},{"damage":3.0,"enemies":"3 Darklings","floor":37.0,"turns":4.0},{"damage":0.0,"enemies":"Sphere and 2 Shapes","floor":38.0,"turns":3.0},{"damage":9.0,"enemies":"Maw","floor":41.0,"turns":8.0},{"damage":0.0,"enemies":"Giant Head","floor":42.0,"turns":3.0},{"damage":0.0,"enemies":"3 Darklings","floor":44.0,"turns":1.0},{"damage":0.0,"enemies":"Nemesis","floor":45.0,"turns":1.0},{"damage":40.0,"enemies":"Writhing Mass","floor":46.0,"turns":8.0},{"damage":0.0,"enemies":"Jaw Worm Horde","floor":47.0,"turns":1.0},{"damage":38,"enemies":"Awakened One","floor":50,"turns":8}],"seed_played":"6183898089769934165","potions_obtained":[{"floor":1.0,"key":"Poison Potion"},{"floor":2.0,"key":"Poison Potion"},{"floor":14.0,"key":"Poison Potion"},{"floor":16.0,"key":"SteroidPotion"},{"floor":21.0,"key":"Explosive Potion"},{"floor":29.0,"key":"FearPotion"},{"floor":33.0,"key":"SteroidPotion"},{"floor":37.0,"key":"AttackPotion"},{"floor":44.0,"key":"LiquidMemories"},{"floor":45.0,"key":"Ancient Potion"},{"floor":46.0,"key":"ColorlessPotion"},{"floor":47.0,"key":"GhostInAJar"}],"is_trial":false,"path_per_floor":["M","M","?","$","M","R","E","M","T","R","$","M","?","M","R","B",null,"M","M","$","?","T","R","M","E","T","R","M","M","R","T","R","B",null,"M","?","M","M","$","R","M","E","T","M","E","M","M","$","R","B"],"character_chosen":"THE_SILENT","items_purchased":["Poisoned Stab","Noxious Fumes","Kunai"],"campfire_rested":1,"item_purchase_floors":[4,20,39],"current_hp_per_floor":[57,57,57,57,56,56,49,48,55,55,55,54,54,54,54,52,69,67,67,67,69,69,69,63,52,52,52,40,21,21,21,45,2,61,63,63,62,64,64,64,55,57,67,69,71,31,33,33,33,0,0],"gold":120,"neow_bonus":"RANDOM_COMMON_RELIC","is_daily":false,"chose_seed":false,"campfire_upgraded":8,"win_rate":0.0,"timestamp":1608378628,"path_taken":["M","M","?","$","M","R","E","?","T","R","$","M","?","M","R","BOSS","M","M","$","?","?","R","M","E","T","R","M","?","R","?","R","BOSS","M","?","?","M","$","R","M","E","T","M","E","M","M","$","R","BOSS"],"items_purchased_type":["Card","Card","Relic"],"build_version":"2020-12-13","purchased_purges":3,"victory":false,"max_hp_per_floor":[66,66,66,66,66,66,66,66,73,73,73,73,73,73,73,75,75,77,77,77,79,79,79,79,79,79,79,81,81,81,81,81,81,81,83,83,85,87,87,87,87,89,99,101,103,103,105,105,105,105,105],"card_choices":[{"not_picked":["Footwork","Heel Hook"],"picked":"Crippling Poison","floor":1.0},{"not_picked":["Slice","Catalyst"],"picked":"Dagger Spray","floor":2.0},{"not_picked":["Setup","Dagger Spray"],"picked":"Quick Slash","floor":5.0},{"not_picked":["Quick Slash","Concentrate"],"picked":"Malaise","floor":7.0},{"not_picked":["Slice","Choke"],"picked":"Acrobatics","floor":8.0},{"not_picked":["Flying Knee","Outmaneuver"],"picked":"PiercingWail","floor":12.0},{"not_picked":["Masterful Stab","Predator"],"picked":"Calculated Gamble","floor":14.0},{"not_picked":["Phantasmal Killer","A Thousand Cuts","Night Terror"],"picked":"Singing Bowl","floor":16.0},{"not_picked":["Riddle With Holes","Expertise","Dash"],"picked":"Singing Bowl","floor":18.0},{"not_picked":["Underhanded Strike","Dagger Throw"],"picked":"Blade Dance","floor":19.0},{"not_picked":["Slice","Endless Agony","Skewer"],"picked":"Singing Bowl","floor":21.0},{"not_picked":["Noxious Fumes","Heel Hook"],"picked":"Cloak And Dagger","floor":24.0},{"not_picked":["Poisoned Stab","Slice"],"picked":"Accuracy","floor":25.0},{"not_picked":["Finisher","Cloak And Dagger","Endless Agony"],"picked":"Singing Bowl","floor":28.0},{"not_picked":["Masterful Stab+1","Slice"],"picked":"Adrenaline","floor":29.0},{"not_picked":["A Thousand Cuts","Bullet Time"],"picked":"Storm of Steel","floor":33.0},{"not_picked":["Prepared","Acrobatics","Deflect"],"picked":"Singing Bowl","floor":35.0},{"not_picked":["Outmaneuver","PiercingWail+1","Predator+1"],"picked":"Singing Bowl","floor":37.0},{"not_picked":["Backflip","Dodge and Roll","Acrobatics"],"picked":"Singing Bowl","floor":38.0},{"not_picked":["Endless Agony","Outmaneuver"],"picked":"Deflect","floor":41.0},{"not_picked":["Expertise","Setup+1","Catalyst"],"picked":"Singing Bowl","floor":42.0},{"not_picked":["Masterful Stab","Prepared","Underhanded Strike"],"picked":"Singing Bowl","floor":44.0},{"not_picked":["PiercingWail","Dagger Throw","Masterful Stab"],"picked":"Singing Bowl","floor":45.0},{"not_picked":["Deflect","Cloak And Dagger"],"picked":"Tactician","floor":46.0},{"not_picked":["Dagger Throw+1","Doppelganger","Predator+1"],"picked":"Singing Bowl","floor":47.0}],"player_experience":1036870,"relics_obtained":[{"floor":7.0,"key":"Singing Bowl"},{"floor":9.0,"key":"Strawberry"},{"floor":21.0,"key":"Red Mask"},{"floor":25.0,"key":"HornCleat"},{"floor":26.0,"key":"Bag of Marbles"},{"floor":31.0,"key":"Shovel"},{"floor":42.0,"key":"Mercury Hourglass"},{"floor":43.0,"key":"Pear"},{"floor":45.0,"key":"Ancient Tea Set"}],"event_choices":[{"damage_healed":0.0,"max_hp_gain":0.0,"max_hp_loss":0.0,"gold_gain":0.0,"event_name":"WeMeetAgain","player_choice":"Gave Potion","floor":3.0,"gold_loss":0.0,"damage_taken":0.0,"relics_obtained":["Akabeko"]},{"damage_healed":0.0,"max_hp_gain":0.0,"max_hp_loss":0.0,"gold_gain":0.0,"event_name":"Dead Adventurer","player_choice":"Searched \u00272\u0027 times","floor":13.0,"gold_loss":0.0,"damage_taken":0.0,"relics_obtained":["Bag of Preparation"]},{"damage_healed":0.0,"max_hp_gain":0.0,"max_hp_loss":0.0,"gold_gain":0.0,"event_name":"Masked Bandits","player_choice":"Fought Bandits","floor":21.0,"gold_loss":0.0,"damage_taken":0.0},{"damage_healed":0.0,"max_hp_gain":0.0,"max_hp_loss":0.0,"gold_gain":0.0,"cards_transformed":["Strike_G"],"event_name":"Transmorgrifier","player_choice":"Transformed","floor":36.0,"gold_loss":0.0,"damage_taken":0.0,"cards_obtained":["Flechettes"]}],"is_beta":false,"boss_relics":[{"not_picked":["SlaversCollar","Busted Crown"],"picked":"SacredBark"},{"not_picked":["Philosopher\u0027s Stone","Coffee Dripper"],"picked":"Astrolabe"}],"items_purged_floors":[4,20,48],"is_endless":false,"potions_floor_spawned":[1,2,14,16,21,29,33,37,38,44,45,46,47],"killed_by":"Awakened One","ascension_level":20}}