{"host":"c12dw8t2fgmwtthz","time":1608397334,"event":{"mods":["AchievementEnabler","BaseMod","Colored Map","DeckTracker","Minty Spire (QoL Compilation)","StSLib","SuperFastMode"],"gold_per_floor":[116,26,26,26,26,61,61,96,96,110,24,24,39,69,69,159,159,175,195,195,209,228,228,244,244,244],"floor_reached":25,"playtime":660,"items_purged":[],"score":522,"play_id":"07d91ef3-41c1-426d-ba82-065364a376e1","local_time":"20201220020214","is_ascension_mode":true,"campfire_choices":[{"data":"Doom and Gloom","floor":7.0,"key":"SMITH"},{"data":"Conserve Battery","floor":15.0,"key":"SMITH"},{"floor":23.0,"key":"REST"}],"circlet_count":0,"master_deck":["AscendersBane","Strike_B","Strike_B","Strike_B","Strike_B","Defend_B","Defend_B","Defend_B","Defend_B","Zap","Dualcast","Streamline","Doom and Gloom+1","Conserve Battery","Capacitor","Conserve Battery+1","Capacitor+1","Echo Form","Coolheaded+1","Go for the Eyes+1","Self Repair","Force Field"],"relics":["FrozenCore","NeowsBlessing","Golden Idol","Letter Opener","Gremlin Horn","White Beast Statue","Mummified Hand","Sundial"],"acts_visited":["Exordium","TheCity"],"potions_floor_usage":[],"damage_taken":[{"damage":0.0,"enemies":"Cultist","floor":1.0,"turns":1.0},{"damage":0.0,"enemies":"Lagavulin","floor":6.0,"turns":1.0},{"damage":0.0,"enemies":"3 Sentries","floor":8.0,"turns":1.0},{"damage":3.0,"enemies":"Small Slimes","floor":10.0,"turns":3.0},{"damage":0.0,"enemies":"Jaw Worm","floor":13.0,"turns":2.0},{"damage":35.0,"enemies":"The Guardian","floor":16.0,"turns":10.0},{"damage":0.0,"enemies":"Chosen","floor":18.0,"turns":5.0},{"damage":19.0,"enemies":"Spheric Guardian","floor":19.0,"turns":6.0},{"damage":20.0,"enemies":"Snake Plant","floor":21.0,"turns":7.0},{"damage":14.0,"enemies":"Sentry and Sphere","floor":22.0,"turns":5.0},{"damage":12.0,"enemies":"3 Cultists","floor":24.0,"turns":5.0},{"damage":19,"enemies":"Shelled Parasite and Fungi","floor":25,"turns":2}],"seed_played":"-4893072894506258290","potions_obtained":[{"floor":10.0,"key":"LiquidMemories"},{"floor":13.0,"key":"Explosive Potion"},{"floor":16.0,"key":"Explosive Potion"},{"floor":22.0,"key":"Explosive Potion"},{"floor":24,"key":"SteroidPotion"}],"is_trial":false,"path_per_floor":["M","$","?","T","$","E","R","E","T","M","$","$","M","?","R","B",null,"M","M","?","M","M","R","M","M"],"character_chosen":"DEFECT","items_purchased":["Doom and Gloom","Capacitor"],"campfire_rested":1,"item_purchase_floors":[2,11],"current_hp_per_floor":[64,64,40,40,40,40,40,40,40,37,37,37,37,37,37,2,54,54,35,35,15,1,22,17,0,0],"gold":244,"neow_bonus":"THREE_ENEMY_KILL","is_daily":false,"chose_seed":false,"campfire_upgraded":2,"win_rate":0.0,"timestamp":1608397334,"path_taken":["M","?","?","?","$","E","R","E","T","M","$","?","?","?","R","BOSS","M","M","?","M","M","R","M","M"],"items_purchased_type":["Card","Card"],"build_version":"2020-12-13","purchased_purges":0,"victory":false,"max_hp_per_floor":[71,71,71,71,71,71,71,71,71,71,71,71,71,71,71,71,71,71,71,71,71,71,71,71,71,71],"card_choices":[{"not_picked":["Compile Driver","Hologram"],"picked":"Streamline","floor":1.0},{"not_picked":["Streamline","Barrage"],"picked":"Conserve Battery","floor":6.0},{"not_picked":["Multi-Cast","Darkness"],"picked":"Capacitor","floor":8.0},{"not_picked":["Coolheaded","Recycle"],"picked":"Conserve Battery","floor":10.0},{"not_picked":["Rip and Tear","Turbo","Streamline"],"picked":"SKIP","floor":13.0},{"not_picked":["Thunder Strike","Rainbow"],"picked":"Echo Form","floor":16.0},{"not_picked":["Sweeping Beam","Rip and Tear+1","Streamline"],"picked":"SKIP","floor":18.0},{"not_picked":["FTL","Sweeping Beam+1"],"picked":"Coolheaded+1","floor":19.0},{"not_picked":["Leap","Coolheaded"],"picked":"Go for the Eyes+1","floor":21.0},{"not_picked":["Steam Power+1","Steam"],"picked":"Self Repair","floor":22.0},{"not_picked":["Ball Lightning","Genetic Algorithm"],"picked":"Force Field","floor":24}],"player_experience":772295,"relics_obtained":[{"floor":4.0,"key":"Letter Opener"},{"floor":6.0,"key":"Gremlin Horn"},{"floor":8.0,"key":"White Beast Statue"},{"floor":9.0,"key":"Mummified Hand"}],"event_choices":[{"damage_healed":0.0,"max_hp_gain":0.0,"max_hp_loss":0.0,"gold_gain":0.0,"event_name":"Golden Idol","player_choice":"Take Damage","floor":3.0,"gold_loss":0.0,"damage_taken":24.0,"relics_obtained":["Golden Idol"]},{"damage_healed":0.0,"max_hp_gain":0.0,"max_hp_loss":0.0,"gold_gain":30.0,"event_name":"Dead Adventurer","player_choice":"Searched \u00272\u0027 times","floor":14.0,"gold_loss":0.0,"damage_taken":0.0,"relics_obtained":["Sundial"]},{"damage_healed":0.0,"max_hp_gain":0.0,"max_hp_loss":0.0,"gold_gain":0.0,"event_name":"Upgrade Shrine","player_choice":"Upgraded","floor":20.0,"gold_loss":0.0,"damage_taken":0.0,"cards_upgraded":["Capacitor"]}],"is_beta":false,"boss_relics":[{"not_picked":["Fusion Hammer","Ectoplasm"],"picked":"FrozenCore"}],"items_purged_floors":[],"is_endless":false,"potions_floor_spawned":[10,13,16,18,19,21,22,24],"killed_by":"Shelled Parasite and Fungi","ascension_level":20}}