{"host":"z60ck2mpr6goyib8","time":1608369115,"event":{"mods":["BaseMod","Best Route Mod","Bestiary","Better Third Choice","Block Reminder","Colored Map","Colored Powertips","Googly Eyes","Minty Spire (QoL Compilation)","Quick Restart","Relic Stats","Slay-I","StSLib","everything is the same but u backflip on backflip"],"gold_per_floor":[111,122,139,139,139,174,194,194,194,194,194,194],"floor_reached":11,"playtime":295,"items_purged":[],"score":110,"play_id":"35c56a58-79e1-4461-a18a-66113b7f78e3","local_time":"20201219091155","is_ascension_mode":true,"campfire_choices":[{"data":"Spot Weakness","floor":10,"key":"SMITH"}],"circlet_count":0,"master_deck":["AscendersBane","Bash","Exhume","Seeing Red","Sever Soul","Juggernaut","Anger","Rupture","Dropkick","Infernal Blade+1","Sword Boomerang","Spot Weakness+1","True Grit","Havoc+1","Flex+1"],"relics":["Pandora\u0027s Box","Toxic Egg 2","Bottled Flame","Ornamental Fan"],"acts_visited":["Exordium"],"potions_floor_usage":[],"damage_taken":[{"damage":0,"enemies":"Small Slimes","floor":1,"turns":3},{"damage":2,"enemies":"Jaw Worm","floor":2,"turns":2},{"damage":6,"enemies":"2 Louse","floor":3,"turns":2},{"damage":16,"enemies":"Gremlin Nob","floor":6,"turns":3},{"damage":15,"enemies":"Looter","floor":7,"turns":3},{"damage":33,"enemies":"Lagavulin","floor":11,"turns":3}],"seed_played":"-2177960299937417139","potions_obtained":[{"floor":1,"key":"LiquidBronze"}],"is_trial":false,"path_per_floor":["M","M","M","?","?","E","M","T","T","R","E"],"character_chosen":"IRONCLAD","items_purchased":[],"campfire_rested":0,"item_purchase_floors":[],"current_hp_per_floor":[72,70,64,64,57,41,26,26,26,26,0,0],"gold":194,"neow_bonus":"BOSS_RELIC","is_daily":false,"chose_seed":false,"campfire_upgraded":1,"win_rate":0.0,"timestamp":1608369115,"path_taken":["M","M","M","?","?","E","M","?","T","R","E"],"items_purchased_type":[],"build_version":"2020-12-13","purchased_purges":0,"victory":false,"max_hp_per_floor":[80,80,80,80,80,80,80,80,80,80,80,80],"relic_stats":{"counters":[6,16],"Ornamental Fan":[4],"Pandora\u0027s Box":["Exhume","Seeing Red","Sever Soul","Juggernaut","Anger","Rupture","Dropkick","Second Wind","Infernal Blade"],"obtain_stats":[{"Bottled Flame":8,"Ornamental Fan":9,"Pandora\u0027s Box":0,"Toxic Egg 2":6,"Burning Blood":0},{"Bottled Flame":5,"Ornamental Fan":5,"Pandora\u0027s Box":0,"Toxic Egg 2":4,"Burning Blood":0},{"Bottled Flame":13,"Ornamental Fan":13,"Pandora\u0027s Box":0,"Toxic Egg 2":10,"Burning Blood":0}]},"card_choices":[{"not_picked":["Rupture","Warcry"],"picked":"Sword Boomerang","floor":1},{"not_picked":["Body Slam","Sword Boomerang"],"picked":"Spot Weakness","floor":2},{"not_picked":["Cleave","Twin Strike"],"picked":"True Grit","floor":3},{"not_picked":["Blood for Blood","Headbutt"],"picked":"Havoc+1","floor":6},{"not_picked":["Dual Wield+1","Perfected Strike"],"picked":"Flex+1","floor":7}],"player_experience":504222,"relics_obtained":[{"floor":6,"key":"Toxic Egg 2"},{"floor":8,"key":"Bottled Flame"},{"floor":9,"key":"Ornamental Fan"}],"event_choices":[{"damage_healed":0,"gold_gain":0,"player_choice":"Grow","damage_taken":0,"max_hp_gain":0,"max_hp_loss":0,"event_name":"Living Wall","floor":4,"gold_loss":0,"cards_upgraded":["Infernal Blade"]},{"cards_removed":["Second Wind"],"damage_healed":0,"gold_gain":0,"player_choice":"Card Removal","damage_taken":7,"max_hp_gain":0,"max_hp_loss":0,"event_name":"Golden Wing","floor":5,"gold_loss":0}],"is_beta":false,"boss_relics":[],"items_purged_floors":[],"is_endless":false,"potions_floor_spawned":[1],"killed_by":"Lagavulin","ascension_level":10}}