{"host":"61r95uy0hn86b9iu","time":1608343963,"event":{"mods":["AchievementEnabler","BaseMod","Better Vampires","BetterRewards","Colored Powertips","Hubris","Minty Spire (QoL Compilation)","Shop Mod","StSLib"],"gold_per_floor":[116,191,191,209,209,209,29,46,71,71,101,101,120,120,120,196,196,216,9,20,40,73,73,90,90,90,90,26,40,72,122,122,196,196,210,535,552,5,5,5,227,227,227,227,12,24,42,62,62,62,62],"floor_reached":50,"playtime":2501,"items_purged":["Strike_G","Strike_G","Outmaneuver"],"score":1180,"play_id":"0711112e-6be0-483e-bd70-d0bb26bf6a43","local_time":"20201218201243","is_ascension_mode":true,"campfire_choices":[{"floor":6.0,"key":"REST"},{"data":"Apotheosis","floor":10.0,"key":"SMITH"},{"floor":15.0,"key":"REST"},{"floor":23.0,"key":"REST"},{"floor":25.0,"key":"REST"},{"data":"Caltrops","floor":27.0,"key":"SMITH"},{"floor":32.0,"key":"REST"},{"data":"Footwork","floor":40.0,"key":"SMITH"},{"data":"The Bomb","floor":42.0,"key":"SMITH"},{"data":"Neutralize","floor":44.0,"key":"SMITH"},{"floor":49.0,"key":"REST"}],"circlet_count":0,"master_deck":["AscendersBane","Strike_G","Defend_G","Defend_G","Defend_G","Defend_G","Survivor","Neutralize+1","The Bomb+1","Accuracy","Cloak And Dagger","Dagger Throw","Caltrops+1","Apotheosis+1","All Out Attack","PiercingWail","Blade Dance","Burst","Accuracy","Backflip","Footwork+1","Die Die Die","A Thousand Cuts","Cloak And Dagger+1","Prepared"],"relics":["Ring of the Snake","hubris:Towel","Vajra","Meat on the Bone","hubris:ScarierMask","Juzu Bracelet","Red Mask","Orichalcum","The Courier","hubris:PeanutButter","HoveringKite","Regal Pillow","Ninja Scroll","Oddly Smooth Stone","Pantograph","MerchantsRug"],"acts_visited":["Exordium","TheCity","TheBeyond"],"potions_floor_usage":[50],"damage_taken":[{"damage":1.0,"enemies":"Small Slimes","floor":1.0,"turns":3.0},{"damage":3.0,"enemies":"Jaw Worm","floor":4.0,"turns":3.0},{"damage":8.0,"enemies":"2 Louse","floor":8.0,"turns":4.0},{"damage":19.0,"enemies":"Lagavulin","floor":11.0,"turns":6.0},{"damage":11.0,"enemies":"Exordium Wildlife","floor":13.0,"turns":4.0},{"damage":24.0,"enemies":"Slime Boss","floor":16.0,"turns":6.0},{"damage":10.0,"enemies":"2 Thieves","floor":18.0,"turns":4.0},{"damage":26.0,"enemies":"Spheric Guardian","floor":20.0,"turns":5.0},{"damage":18.0,"enemies":"Cultist and Chosen","floor":21.0,"turns":6.0},{"damage":0.0,"enemies":"Masked Bandits","floor":22.0,"turns":2.0},{"damage":34.0,"enemies":"Snake Plant","floor":24.0,"turns":4.0},{"damage":30.0,"enemies":"3 Cultists","floor":29.0,"turns":5.0},{"damage":6.0,"enemies":"Gremlin Leader","floor":30.0,"turns":5.0},{"damage":63.0,"enemies":"Collector","floor":33.0,"turns":10.0},{"damage":0.0,"enemies":"3 Shapes","floor":35.0,"turns":4.0},{"damage":0.0,"enemies":"Mind Bloom Boss Battle","floor":36.0,"turns":7.0},{"damage":0.0,"enemies":"3 Darklings","floor":37.0,"turns":3.0},{"damage":15.0,"enemies":"Maw","floor":46.0,"turns":9.0},{"damage":28.0,"enemies":"Spire Growth","floor":47.0,"turns":5.0},{"damage":0.0,"enemies":"4 Shapes","floor":48.0,"turns":3.0},{"damage":67,"enemies":"hubris:GrandSnecko","floor":50,"turns":14}],"seed_played":"-3243070633574241328","potions_obtained":[{"floor":8.0,"key":"Explosive Potion"},{"floor":13.0,"key":"Swift Potion"},{"floor":16.0,"key":"Dexterity Potion"},{"floor":21.0,"key":"ColorlessPotion"},{"floor":22.0,"key":"Regen Potion"},{"floor":36.0,"key":"SkillPotion"},{"floor":37.0,"key":"LiquidBronze"}],"is_trial":false,"path_per_floor":["M","?","?","M","?","R","$","M","T","R","E","?","M","?","R","B",null,"M","$","M","M","?","R","M","R","T","R","?","M","E","?","R","B",null,"M","?","M","$","?","R","?","R","T","R","$","M","M","M","R","B"],"character_chosen":"THE_SILENT","items_purchased":["The Bomb","Accuracy","Cloak And Dagger","Dagger Throw","Apotheosis","Juzu Bracelet","Accuracy","Regal Pillow","Ninja Scroll","Oddly Smooth Stone","MerchantsRug"],"campfire_rested":6,"item_purchase_floors":[0,0,0,0,7,19,19,38,38,38,45],"current_hp_per_floor":[58,47,40,37,37,56,56,48,48,48,29,29,30,30,49,37,59,49,49,35,29,41,60,38,57,57,57,57,39,48,48,66,15,53,53,53,53,53,53,53,53,53,53,53,53,38,22,34,66,0,0],"gold":62,"neow_bonus":"","is_daily":false,"chose_seed":false,"campfire_upgraded":5,"win_rate":0.0,"timestamp":1608343963,"path_taken":["M","?","?","M","?","R","$","?","T","R","E","?","M","?","R","BOSS","M","$","M","M","?","R","M","R","T","R","?","M","E","?","R","BOSS","M","?","M","$","?","R","?","R","T","R","$","M","M","M","R","BOSS"],"items_purchased_type":["Card","Card","Card","Card","Card","Relic","Card","Relic","Relic","Relic","Relic"],"build_version":"2020-12-13","purchased_purges":3,"victory":false,"max_hp_per_floor":[66,66,66,66,66,66,66,66,66,66,66,66,66,66,66,66,66,66,66,66,66,66,66,66,66,66,66,66,66,66,66,66,66,66,66,66,66,66,66,66,66,66,66,66,66,66,66,66,66,66,66],"card_choices":[{"not_picked":["Backstab","Endless Agony"],"picked":"Outmaneuver","floor":1.0},{"not_picked":["Dagger Spray","Prepared"],"picked":"Caltrops","floor":4.0},{"not_picked":["Crippling Poison","Acrobatics","Bane"],"picked":"SKIP","floor":8.0},{"not_picked":["Endless Agony","Slice","Dodge and Roll"],"picked":"SKIP","floor":11.0},{"not_picked":["Endless Agony","hubris:SlightOfHand"],"picked":"PiercingWail","floor":13.0},{"not_picked":["Die Die Die","Venomology"],"picked":"Burst","floor":16.0},{"not_picked":["Slice","Blade Dance","Bane"],"picked":"SKIP","floor":18.0},{"not_picked":["Quick Slash","Dodge and Roll","Heel Hook"],"picked":"SKIP","floor":20.0},{"not_picked":["Glass Knife","Bane"],"picked":"Backflip","floor":21.0},{"not_picked":["Endless Agony+1","Dodge and Roll"],"picked":"Footwork","floor":22.0},{"not_picked":["Die Die Die","Riddle With Holes","Heel Hook"],"picked":"SKIP","floor":24.0},{"not_picked":["Dodge and Roll","Leg Sweep","Dagger Throw"],"picked":"SKIP","floor":29.0},{"not_picked":["Concentrate","Bane"],"picked":"Die Die Die","floor":30.0},{"not_picked":["Night Terror","Corpse Explosion"],"picked":"A Thousand Cuts","floor":33.0},{"not_picked":["Dagger Throw","Sucker Punch+1","PiercingWail+1"],"picked":"SKIP","floor":35.0},{"not_picked":["Poisoned Stab","Well Laid Plans"],"picked":"Cloak And Dagger+1","floor":37.0},{"not_picked":["Deflect+1","Outmaneuver+1"],"picked":"Prepared","floor":46.0},{"not_picked":["Dagger Spray","Poisoned Stab+1","Catalyst"],"picked":"SKIP","floor":47.0},{"not_picked":["Quick Slash","Calculated Gamble","hubris:Counter"],"picked":"SKIP","floor":48.0}],"player_experience":3159341,"relics_obtained":[{"floor":9.0,"key":"Vajra"},{"floor":11.0,"key":"Meat on the Bone"},{"floor":22.0,"key":"Red Mask"},{"floor":26.0,"key":"Orichalcum"},{"floor":30.0,"key":"hubris:PeanutButter"},{"floor":36.0,"key":"Old Coin"},{"floor":43.0,"key":"Pantograph"}],"event_choices":[{"damage_healed":0.0,"max_hp_gain":0.0,"max_hp_loss":0.0,"gold_gain":75.0,"event_name":"World of Goop","player_choice":"Gather Gold","floor":2.0,"gold_loss":0.0,"damage_taken":11.0},{"cards_removed":["Strike_G"],"damage_healed":0.0,"max_hp_gain":0.0,"max_hp_loss":0.0,"gold_gain":0.0,"event_name":"Golden Wing","player_choice":"Card Removal","floor":3.0,"gold_loss":0.0,"damage_taken":7.0},{"damage_healed":0.0,"max_hp_gain":0.0,"max_hp_loss":0.0,"gold_gain":0.0,"cards_transformed":["Strike_G"],"event_name":"Living Wall","player_choice":"Change","floor":12.0,"gold_loss":0.0,"damage_taken":0.0,"cards_obtained":["All Out Attack"]},{"damage_healed":0.0,"max_hp_gain":0.0,"max_hp_loss":0.0,"gold_gain":0.0,"event_name":"Masked Bandits","player_choice":"Fought Bandits","floor":22.0,"gold_loss":0.0,"damage_taken":0.0},{"damage_healed":0.0,"max_hp_gain":0.0,"max_hp_loss":0.0,"gold_gain":0.0,"event_name":"WeMeetAgain","player_choice":"Paid Gold","floor":28.0,"gold_loss":64.0,"damage_taken":0.0,"relics_obtained":["The Courier"]},{"damage_healed":0.0,"max_hp_gain":0.0,"max_hp_loss":0.0,"gold_gain":100.0,"event_name":"The Joust","player_choice":"Bet on Murderer","floor":31.0,"gold_loss":50.0,"damage_taken":0.0},{"damage_healed":0.0,"max_hp_gain":0.0,"max_hp_loss":0.0,"gold_gain":0.0,"event_name":"MindBloom","player_choice":"Fight","floor":36.0,"gold_loss":0.0,"damage_taken":0.0},{"cards_removed":["Defend_G"],"damage_healed":0.0,"max_hp_gain":0.0,"max_hp_loss":0.0,"gold_gain":0.0,"event_name":"Falling","player_choice":"Removed Skill","floor":39.0,"gold_loss":0.0,"damage_taken":0.0},{"damage_healed":0.0,"max_hp_gain":0.0,"max_hp_loss":0.0,"gold_gain":222.0,"event_name":"Tomb of Lord Red Mask","player_choice":"Wore Mask","floor":41.0,"gold_loss":0.0,"damage_taken":0.0}],"is_beta":false,"boss_relics":[{"not_picked":["hubris:VirtuousBlindfold","Runic Pyramid"],"picked":"hubris:ScarierMask"},{"not_picked":["Pandora\u0027s Box","Snecko Eye"],"picked":"HoveringKite"}],"items_purged_floors":[0,38,45],"is_endless":false,"potions_floor_spawned":[8,13,16,21,22,36,37],"killed_by":"hubris:GrandSnecko","ascension_level":18}}