{"host":"0gl1h2c0bid0oqhv","time":1608404160,"event":{"mods":["BaseMod","Colored Map","Downfall","Googly Eyes","Highlight Path","Minty Spire (QoL Compilation)","Replay The Spire","StSLib"],"gold_per_floor":[99,125,50,50,50,50,76,76,76,76,24,24,24,38,54,155,155,155,155,155,168,108,108,408,408,434,359,359,104,121,131,151,250,250,250,266,286,297,297,337,337,387,398,398,418,430,442,52,65,65],"floor_reached":51,"playtime":3250,"items_purged":[],"score":719,"play_id":"9b838664-7b0c-40b5-be3b-7a36e8194a74","local_time":"20201219185600","is_ascension_mode":true,"campfire_choices":[{"floor":1,"key":"RECALL"},{"floor":3,"key":"REST"},{"floor":6,"key":"REST"},{"data":"Guardian:ExploitGems","floor":18,"key":"SMITH"},{"data":"Guardian:Preprogram","floor":23,"key":"SMITH"},{"floor":27,"key":"REST"},{"data":"Guardian:Recover","floor":35,"key":"SMITH"},{"floor":39,"key":"REST"},{"floor":44,"key":"REST"}],"circlet_count":0,"master_deck":["Guardian:Strike_Guardian","Guardian:Strike_Guardian","Guardian:Strike_Guardian","Guardian:Strike_Guardian","Guardian:Defend_Guardian","Guardian:Defend_Guardian","Guardian:Defend_Guardian","Guardian:Defend_Guardian","Guardian:CurlUp","Guardian:TwinSlam+1","Guardian:Preprogram+1","Guardian:Incinerate+1","Guardian:Incinerate+1","Guardian:RollAttack+1","Guardian:WalkerClaw+1","Guardian:ExploitGems+1","RitualDagger+1","Guardian:VentSteam+1","Guardian:Reroute+1","Guardian:ChargeCore+1","expansioncontent:Sear+1","Guardian:GuardianWhirl+1","Guardian:CrystalBeam+1","Guardian:Recover+1","Guardian:GatlingBeam+1","Guardian:ShieldSpikes+1","Guardian:Incinerate+1","Guardian:Suspension+1","Guardian:TimeCapacitor+1","Guardian:TemporalStrike+1","Guardian:SentryBeam+1","Guardian:PiercingHide+1","Guardian:PiercingHide+1","Guardian:ShieldSpikes+1","Guardian:SpikerProtocol","Guardian:Recover","Replay:SS_fish_1","Guardian:CrystalBeam+1"],"relics":["Guardian:ModeShifter","Molten Egg 2","downfall:HeartBlessingRed","downfall:ShatteredFragment","Pear","ChewingGum","Old Coin","White Beast Statue","downfall:HeartBlessingGreen","downfall:RedIOU","Juzu Bracelet","Sozu","Bottled Flame","Replay:Towering Pillar of Hats","Replay:Baseball","ReplayTheSpireMod:ShopPack"],"acts_visited":["Exordium","TheCity","TheBeyond"],"potions_floor_usage":[16,32,32,33,42],"damage_taken":[{"damage":64,"enemies":"Gremlin Nob","floor":2,"turns":7},{"damage":0,"enemies":"downfall:FleeingMerchant","floor":11,"turns":4},{"damage":1,"enemies":"Small Slimes","floor":14,"turns":3},{"damage":0,"enemies":"2 Louse","floor":15,"turns":2},{"damage":22,"enemies":"downfall:Ironclad","floor":16,"turns":5},{"damage":3,"enemies":"Shell Parasite","floor":21,"turns":2},{"damage":13,"enemies":"Gremlin Leader","floor":26,"turns":4},{"damage":3,"enemies":"downfall:FleeingMerchant","floor":29,"turns":4},{"damage":12,"enemies":"Shelled Parasite and Fungi","floor":30,"turns":3},{"damage":0,"enemies":"Centurion and Healer","floor":31,"turns":2},{"damage":0,"enemies":"Snake Plant","floor":32,"turns":3},{"damage":25,"enemies":"downfall:Silent","floor":33,"turns":6},{"damage":1,"enemies":"Orb Walker","floor":36,"turns":2},{"damage":11,"enemies":"3 Darklings","floor":37,"turns":3},{"damage":22,"enemies":"Writhing Mass","floor":38,"turns":6},{"damage":16,"enemies":"Mind Bloom Boss Battle","floor":42,"turns":6},{"damage":6,"enemies":"Transient","floor":43,"turns":5},{"damage":23,"enemies":"Spire Growth","floor":45,"turns":3},{"damage":20,"enemies":"4 Shapes","floor":46,"turns":3},{"damage":0,"enemies":"Transient","floor":47,"turns":5},{"damage":0,"enemies":"downfall:FleeingMerchant","floor":48,"turns":4},{"damage":4,"enemies":"Maw","floor":49,"turns":6},{"damage":4,"enemies":"downfall:Watcher","floor":50,"turns":5}],"seed_played":"4603721866212837066","potions_obtained":[{"floor":2,"key":"SpeedPotion"},{"floor":15,"key":"DistilledChaos"},{"floor":26,"key":"LiquidMemories"},{"floor":29,"key":"Flashbang"},{"floor":31,"key":"Dexterity Potion"},{"floor":32,"key":"BlessingOfTheForge"},{"floor":33,"key":"Block Potion"}],"is_trial":false,"path_per_floor":["R","E","R","?","?","R","T","R","?","R","$","?","T","M","M","B",null,"R","?","R","M","?","R","T","?","E","R","?","$","M","M","M","B",null,"R","M","M","M","R","?","T","?","M","R","M","M","M","$","M","B",null],"character_chosen":"GUARDIAN","items_purchased":["Guardian:Incinerate+1","Juzu Bracelet","expansioncontent:Sear+1","Guardian:SpikerProtocol","Guardian:Recover","Replay:Baseball","ReplayTheSpireMod:ShopPack"],"campfire_rested":5,"item_purchase_floors":[11,29,29,48,48,48,48],"current_hp_per_floor":[88,24,50,50,50,76,76,76,76,76,76,52,62,61,61,39,98,98,92,92,89,89,89,89,89,76,98,98,95,83,83,83,58,98,98,97,86,64,93,93,93,77,71,98,75,55,55,55,51,47],"gold":65,"neow_bonus":"TEN_PERCENT_HP_BONUS","is_daily":false,"chose_seed":false,"campfire_upgraded":3,"win_rate":0.0,"timestamp":1608404160,"path_taken":["R","E","R","?","?","R","T","R","?","R","$","?","?","?","M","BOSS","R","?","R","M","?","R","T","?","E","R","?","?","M","M","M","BOSS","R","M","M","M","R","?","T","?","M","R","M","M","M","$","M","BOSS"],"items_purchased_type":["Card","Relic","Card","Card","Card","Relic","Relic"],"build_version":"2020-12-13","purchased_purges":0,"victory":true,"max_hp_per_floor":[88,88,88,88,88,88,88,88,88,88,88,88,98,98,98,98,98,98,98,98,98,98,98,98,98,98,98,98,98,98,98,98,98,98,98,98,98,98,98,98,98,98,98,98,98,98,98,98,98,98],"card_choices":[{"not_picked":["Guardian:Repulse","Guardian:VentSteam"],"picked":"Guardian:Preprogram","floor":2},{"not_picked":["Guardian:Gem_Green","Guardian:TemporalStrike+1"],"picked":"Guardian:Gem_Blue","floor":11},{"not_picked":["Guardian:Harden","Guardian:Suspension"],"picked":"Guardian:RollAttack+1","floor":14},{"not_picked":["Guardian:Planning","Guardian:ShieldCharger"],"picked":"Guardian:WalkerClaw+1","floor":15},{"not_picked":["Guardian:ConstructionForm","Guardian:SphericShield"],"picked":"Guardian:ExploitGems","floor":16},{"not_picked":["Guardian:WalkerClaw+1","Guardian:RollAttack+1"],"picked":"Guardian:VentSteam+1","floor":21},{"not_picked":["Guardian:EvasiveProtocol","Guardian:PrimingBeam+1"],"picked":"Guardian:Reroute+1","floor":26},{"not_picked":["Guardian:PiercingHide","Guardian:PrimingBeam+1"],"picked":"Guardian:ChargeCore+1","floor":29},{"not_picked":["Guardian:Suspension","Guardian:Reroute+1"],"picked":"Guardian:GuardianWhirl+1","floor":30},{"not_picked":["Guardian:StasisField","Guardian:RollAttack+1"],"picked":"Guardian:CrystalBeam+1","floor":31},{"not_picked":["Guardian:ShieldCharger","Guardian:ShieldSpikes"],"picked":"Guardian:Recover","floor":32},{"not_picked":["Guardian:StasisField","Guardian:FastForward"],"picked":"Guardian:GatlingBeam+1","floor":33},{"not_picked":["Guardian:Incinerate+1","Guardian:RollAttack+1"],"picked":"Guardian:ShieldSpikes+1","floor":36},{"not_picked":["Guardian:ShieldCharger","Guardian:VentSteam+1"],"picked":"Guardian:Incinerate+1","floor":37},{"not_picked":["Guardian:GuardianWhirl+1","Guardian:Recover"],"picked":"Guardian:Suspension+1","floor":38},{"not_picked":["Guardian:ShieldCharger","Guardian:WalkerClaw+1"],"picked":"Guardian:TimeCapacitor+1","floor":40},{"not_picked":["Guardian:VentSteam","Guardian:Clone"],"picked":"Guardian:TemporalStrike+1","floor":42},{"not_picked":["Guardian:ChargeCore+1","Guardian:Reroute+1"],"picked":"Guardian:SentryBeam+1","floor":43},{"not_picked":["Guardian:Gem_Blue","Guardian:PrimingBeam+1"],"picked":"Guardian:PiercingHide+1","floor":45},{"not_picked":["Guardian:RollAttack+1","Guardian:RevengeProtocol"],"picked":"Guardian:PiercingHide+1","floor":46},{"not_picked":["Guardian:Gem_Purple","Guardian:WalkerClaw+1","Guardian:TemporalShield"],"picked":"SKIP","floor":47},{"not_picked":["Guardian:PrismaticBarrier+1","Guardian:PiercingHide+1"],"picked":"Guardian:ShieldSpikes+1","floor":48},{"not_picked":["expansioncontent:PrepareCrush","Panache"],"picked":"Replay:SS_fish_1","floor":48},{"not_picked":["Guardian:VentSteam","Guardian:TimeCapacitor"],"picked":"Guardian:CrystalBeam+1","floor":49}],"player_experience":4194,"relics_obtained":[{"floor":2,"key":"Molten Egg 2"},{"floor":7,"key":"Guardian:PickAxe"},{"floor":13,"key":"Pear"},{"floor":24,"key":"Old Coin"},{"floor":26,"key":"White Beast Statue"},{"floor":41,"key":"Bottled Flame"},{"floor":42,"key":"Replay:Towering Pillar of Hats"}],"event_choices":[{"damage_healed":0,"gold_gain":0,"player_choice":"Grow","damage_taken":0,"max_hp_gain":0,"max_hp_loss":0,"event_name":"Living Wall","floor":9,"gold_loss":0,"cards_upgraded":["Guardian:TwinSlam"]},{"damage_healed":0,"gold_gain":0,"player_choice":"Ignored","damage_taken":0,"max_hp_gain":0,"max_hp_loss":0,"event_name":"Vampires","floor":25,"gold_loss":0}],"is_beta":false,"boss_relics":[{"not_picked":["Astrolabe","Honey Jar"],"picked":"ChewingGum"},{"not_picked":["Fusion Hammer","Snecko Eye"],"picked":"Sozu"}],"items_purged_floors":[],"is_endless":false,"potions_floor_spawned":[2,15,26,29,30,31,32,33,36,37,38,42,43,45,46,47,48,49],"ascension_level":1}}