{"host":"dntw6kil9p09eemm","time":1608419028,"event":{"mods":["AchievementEnabler","BaseMod","Become a monster €›?Œ÷","Colored Powertips","Minty Spire (QoL Compilation)","Permanent Neow","Shop Mod","StSLib","Waifu the Spire"],"gold_per_floor":[99,113,132,132,150,161,175,175,204,255,272,58,86,86,100,100,201,201,220,220,220,237,202,202,35,60,86,46,57,77,97,117,117,218,268,280,299,216,216,234,234,234,234,260,197,209,209,209],"floor_reached":47,"playtime":1765,"items_purged":["Defend_B","Defend_B","Defend_B"],"score":499,"play_id":"7e54edd3-c150-4c47-a529-617502fb4558","local_time":"20201220080348","is_ascension_mode":false,"campfire_choices":[{"floor":8,"key":"RECALL"},{"floor":14,"key":"REST"},{"floor":16,"key":"REST"},{"data":"Zap","floor":24,"key":"SMITH"},{"floor":33,"key":"REST"},{"floor":41,"key":"REST"}],"circlet_count":0,"master_deck":["Defend_B","Zap+1","Dualcast+1","Streamline","Sweeping Beam+1","Sweeping Beam","Sweeping Beam","Rip and Tear","Barrage","Melter","Defragment","Turbo","All For One","Rebound","Bite+1","Bite","Bite","Bite","Bite","Static Discharge+1","Capacitor","Conserve Battery","Rebound","Redo+1","Redo","Conserve Battery","Turbo","Electrodynamics","Ball Lightning","Loop","Ball Lightning","Beam Cell+1"],"relics":["Cracked Core","Vajra","Oddly Smooth Stone","MerchantsRug","Odd Mushroom","Membership Card","Pen Nib","Tiny House","DataDisk","Boot"],"acts_visited":["Exordium","TheCity","TheBeyond"],"potions_floor_usage":[9,11,26,29,32,37],"damage_taken":[{"damage":0,"enemies":"3 Shapes","floor":2,"turns":1},{"damage":0,"enemies":"Small Slimes","floor":3,"turns":2},{"damage":0,"enemies":"2 Louse","floor":5,"turns":2},{"damage":5,"enemies":"Looter","floor":6,"turns":4},{"damage":18,"enemies":"Gremlin Gang","floor":7,"turns":2},{"damage":26,"enemies":"Lagavulin","floor":9,"turns":4},{"damage":6,"enemies":"Blue Slaver","floor":11,"turns":2},{"damage":6,"enemies":"The Mushroom Lair","floor":13,"turns":3},{"damage":13,"enemies":"Lots of Slimes","floor":15,"turns":2},{"damage":39,"enemies":"The Guardian","floor":17,"turns":9},{"damage":13,"enemies":"Spheric Guardian","floor":19,"turns":4},{"damage":12,"enemies":"3 Byrds","floor":22,"turns":3},{"damage":34,"enemies":"Slavers","floor":26,"turns":3},{"damage":22,"enemies":"Shelled Parasite and Fungi","floor":29,"turns":3},{"damage":0,"enemies":"Snake Plant","floor":30,"turns":1},{"damage":34,"enemies":"Centurion and Healer","floor":31,"turns":5},{"damage":12,"enemies":"3 Cultists","floor":32,"turns":3},{"damage":67,"enemies":"Collector","floor":34,"turns":8},{"damage":28,"enemies":"Orb Walker","floor":36,"turns":3},{"damage":54,"enemies":"3 Darklings","floor":37,"turns":6},{"damage":82,"enemies":"Maw","floor":40,"turns":8},{"damage":44,"enemies":"4 Shapes","floor":46,"turns":4},{"damage":47,"enemies":"Jaw Worm Horde","floor":47,"turns":2}],"seed_played":"324434372458128549","potions_obtained":[{"floor":3,"key":"SpeedPotion"},{"floor":6,"key":"ColorlessPotion"},{"floor":9,"key":"Fire Potion"},{"floor":15,"key":"Fire Potion"},{"floor":26,"key":"Explosive Potion"},{"floor":31,"key":"AttackPotion"},{"floor":35,"key":"SkillPotion"},{"floor":37,"key":"LiquidMemories"}],"is_trial":false,"path_per_floor":["M","M","M","T","M","M","M","R","E","T","M","$","?","R","M","R","B",null,"M","?","?","M","$","R","$","E","T","?","M","M","M","M","R","B",null,"M","M","$","?","M","R","?","?","T","$","M","M"],"character_chosen":"DEFECT","items_purchased":["MerchantsRug","Defragment","Capacitor","Membership Card","Conserve Battery","DataDisk","Loop"],"campfire_rested":4,"item_purchase_floors":[12,12,23,25,25,38,38],"current_hp_per_floor":[75,75,75,75,75,70,52,52,26,26,20,20,14,36,23,45,6,75,62,52,52,48,48,48,48,16,16,16,7,11,17,16,31,3,57,35,21,21,21,21,38,38,38,38,38,16,0,0],"gold":209,"neow_bonus":"TRANSFORM_CARD","is_daily":false,"chose_seed":false,"campfire_upgraded":1,"win_rate":0.0,"timestamp":1608419028,"path_taken":["M","M","?","M","M","?","R","E","T","M","$","?","R","M","R","BOSS","M","?","?","?","$","R","$","E","T","?","M","M","?","M","R","BOSS","M","M","$","?","M","R","?","?","T","$","?","M"],"items_purchased_type":["Relic","Card","Card","Relic","Card","Relic","Card"],"build_version":"2020-12-13","purchased_purges":3,"victory":false,"max_hp_per_floor":[75,75,75,75,75,75,75,75,75,75,75,75,75,75,75,75,75,75,75,52,52,52,52,52,52,52,52,52,52,52,52,52,52,52,57,57,57,57,57,57,57,54,54,54,54,54,54,54],"card_choices":[{"not_picked":["Streamline","Chill"],"picked":"Sweeping Beam","floor":2},{"not_picked":["Blizzard","Barrage"],"picked":"Sweeping Beam","floor":3},{"not_picked":["Coolheaded","Streamline"],"picked":"Sweeping Beam","floor":5},{"not_picked":["Scrape","Auto Shields"],"picked":"Rip and Tear","floor":6},{"not_picked":["Streamline","Go for the Eyes"],"picked":"Barrage","floor":7},{"not_picked":["Steam","Storm"],"picked":"Hello World","floor":9},{"not_picked":["Streamline","BootSequence"],"picked":"Melter","floor":11},{"not_picked":["Barrage","Cold Snap"],"picked":"Turbo","floor":15},{"not_picked":["Creative AI","Echo Form"],"picked":"All For One","floor":17},{"not_picked":["Compile Driver","Gash"],"picked":"Rebound","floor":19},{"not_picked":["Stack","Streamline"],"picked":"Static Discharge+1","floor":22},{"not_picked":["Glacier","Barrage"],"picked":"Rebound","floor":26},{"not_picked":["Auto Shields+1","Beam Cell"],"picked":"Redo+1","floor":29},{"not_picked":["White Noise+1","Defragment"],"picked":"Redo","floor":30},{"not_picked":["Self Repair","Static Discharge"],"picked":"Conserve Battery","floor":31},{"not_picked":["Redo","Leap"],"picked":"Turbo","floor":32},{"not_picked":["Biased Cognition","Thunder Strike"],"picked":"Electrodynamics","floor":34},{"not_picked":["Self Repair+1","Rebound+1"],"picked":"Ball Lightning","floor":36},{"not_picked":["Rebound","Streamline","Go for the Eyes+1"],"picked":"SKIP","floor":37},{"not_picked":["Rebound","Streamline","Go for the Eyes+1"],"picked":"SKIP","floor":37},{"not_picked":["Beam Cell+1","Defragment"],"picked":"Ball Lightning","floor":40},{"not_picked":["Streamline","Steam+1"],"picked":"Beam Cell+1","floor":46}],"player_experience":143320,"relics_obtained":[{"floor":9,"key":"Vajra"},{"floor":10,"key":"Oddly Smooth Stone"},{"floor":13,"key":"Odd Mushroom"},{"floor":26,"key":"Toy Ornithopter"},{"floor":27,"key":"Pen Nib"},{"floor":44,"key":"Boot"}],"event_choices":[{"damage_healed":0,"gold_gain":0,"player_choice":"Fought Mushrooms","damage_taken":0,"max_hp_gain":0,"max_hp_loss":0,"event_name":"Mushrooms","floor":13,"gold_loss":0},{"damage_healed":0,"gold_gain":0,"player_choice":"Became a vampire","damage_taken":0,"max_hp_gain":0,"max_hp_loss":23,"event_name":"Vampires","floor":20,"gold_loss":0,"cards_obtained":["Bite","Bite","Bite","Bite","Bite"]},{"cards_removed":["Hello World"],"damage_healed":0,"gold_gain":0,"player_choice":"Offered Uncommon","damage_taken":0,"max_hp_gain":0,"max_hp_loss":0,"event_name":"Bonfire Elementals","floor":21,"gold_loss":0},{"damage_healed":0,"gold_gain":0,"player_choice":"Upgraded Two","damage_taken":0,"max_hp_gain":0,"max_hp_loss":0,"event_name":"Designer","floor":28,"gold_loss":40,"cards_upgraded":["Sweeping Beam","Bite"]},{"damage_healed":0,"gold_gain":0,"player_choice":"Ignored","damage_taken":0,"max_hp_gain":0,"max_hp_loss":0,"event_name":"Mysterious Sphere","floor":39,"gold_loss":0},{"damage_healed":0,"gold_gain":0,"player_choice":"Max HP","damage_taken":0,"max_hp_gain":0,"max_hp_loss":3,"event_name":"Winding Halls","floor":42,"gold_loss":0},{"damage_healed":0,"gold_gain":0,"player_choice":"Ignored","damage_taken":0,"max_hp_gain":0,"max_hp_loss":0,"event_name":"SecretPortal","floor":43,"gold_loss":0}],"is_beta":false,"boss_relics":[{"not_picked":["Snecko Eye","Cursed Key"],"picked":"Runic Dome"},{"not_picked":["Velvet Choker","FrozenCore"],"picked":"Tiny House"}],"items_purged_floors":[23,38,45],"is_endless":false,"potions_floor_spawned":[3,6,9,15,26,31,37],"killed_by":"Jaw Worm Horde","ascension_level":0}}