{"host":"bg8va46pgqgvtzim","time":1608381842,"event":{"mods":["BaseMod","Minty Spire (QoL Compilation)","Quick Restart","StSLib","SuperFastMode","¡¾ÒÅÎï¿¨ÅÆ¡¿REMEMod"],"gold_per_floor":[132,192,192,63,102,102,162,162,162,267,267,323,458,526,526,679,679,724,724,570,632,694,694,609,665,665,700,700,778,778,816,816,916,916,977,1004,1024,1024,494,545,586,643,712,712,745,761,790,790,790,815,815,815,70,122,122],"floor_reached":56,"playtime":2738,"items_purged":["Strike_B","Strike_B","Strike_B","Defend_B"],"score":1606,"play_id":"d5b59c0d-f6f5-47cf-944c-1104003c362f","local_time":"20201219204402","is_ascension_mode":true,"campfire_choices":[{"data":"HandOfGreed","floor":6.0,"key":"SMITH"},{"data":"Turbo","floor":8.0,"key":"SMITH"},{"data":"Dualcast","floor":11.0,"key":"SMITH"},{"data":"Coolheaded","floor":15.0,"key":"SMITH"},{"data":"Seek","floor":23.0,"key":"SMITH"},{"floor":28.0,"key":"REST"},{"data":"Capacitor","floor":32.0,"key":"SMITH"},{"data":"Creative AI","floor":44.0,"key":"SMITH"},{"floor":49.0,"key":"RECALL"},{"data":"Double Energy","floor":52.0,"key":"SMITH"}],"circlet_count":0,"master_deck":["Defend_B","Defend_B+1","Defend_B","Zap","Dualcast+1","HandOfGreed+1","Ball Lightning","Capacitor+1","Turbo+1","Conserve Battery","Genetic Algorithm","Genetic Algorithm","Coolheaded+1","Seek+1","Compile Driver","Recycle+1","REME_SelfUpgrade+1","BootSequence+1","Turbo+1","Creative AI+1","Chill","Madness","Madness+1","Hologram+1","Seek","Double Energy+1","Aggregate+1","Reboot","REME_TheoryOfElimination","Discovery"],"relics":["Cracked Core","REME_ComplimentaryCards","Dead Branch","Bottled Lightning","Meat on the Bone","Tiny Chest","Regal Pillow","MealTicket","Runic Dome","Juzu Bracelet","Letter Opener","StoneCalendar","Pen Nib","Kunai","Coffee Dripper","Toy Ornithopter","War Paint","Cables","Orichalcum","Eternal Feather","Question Card","Blood Vial","Emotion Chip","Lantern","Pocketwatch","TungstenRod"],"acts_visited":["Exordium","TheCity","TheBeyond","TheEnding"],"potions_floor_usage":[55,55,55],"damage_taken":[{"damage":6.0,"enemies":"Jaw Worm","floor":1.0,"turns":3.0},{"damage":4.0,"enemies":"2 Louse","floor":2.0,"turns":3.0},{"damage":10.0,"enemies":"Small Slimes","floor":5.0,"turns":3.0},{"damage":9.0,"enemies":"Lagavulin","floor":7.0,"turns":4.0},{"damage":20.0,"enemies":"3 Sentries","floor":10.0,"turns":8.0},{"damage":19.0,"enemies":"Lagavulin","floor":12.0,"turns":7.0},{"damage":3.0,"enemies":"3 Sentries","floor":13.0,"turns":6.0},{"damage":24.0,"enemies":"2 Fungi Beasts","floor":14.0,"turns":7.0},{"damage":12.0,"enemies":"Slime Boss","floor":16.0,"turns":12.0},{"damage":13.0,"enemies":"Shell Parasite","floor":18.0,"turns":8.0},{"damage":6.0,"enemies":"3 Byrds","floor":21.0,"turns":8.0},{"damage":18.0,"enemies":"3 Cultists","floor":22.0,"turns":5.0},{"damage":2.0,"enemies":"Book of Stabbing","floor":25.0,"turns":5.0},{"damage":21.0,"enemies":"Chosen and Byrds","floor":27.0,"turns":6.0},{"damage":11.0,"enemies":"Slavers","floor":29.0,"turns":4.0},{"damage":0.0,"enemies":"Snake Plant","floor":31.0,"turns":4.0},{"damage":52.0,"enemies":"Automaton","floor":33.0,"turns":10.0},{"damage":1.0,"enemies":"3 Shapes","floor":35.0,"turns":7.0},{"damage":11.0,"enemies":"Orb Walker","floor":37.0,"turns":3.0},{"damage":0.0,"enemies":"Giant Head","floor":40.0,"turns":6.0},{"damage":0.0,"enemies":"Sphere and 2 Shapes","floor":41.0,"turns":7.0},{"damage":0.0,"enemies":"Nemesis","floor":42.0,"turns":5.0},{"damage":0.0,"enemies":"Giant Head","floor":45.0,"turns":7.0},{"damage":0.0,"enemies":"Spire Growth","floor":46.0,"turns":3.0},{"damage":29.0,"enemies":"Nemesis","floor":47.0,"turns":6.0},{"damage":0.0,"enemies":"Donu and Deca","floor":50.0,"turns":4.0},{"damage":10.0,"enemies":"Shield and Spear","floor":54.0,"turns":6.0},{"damage":0,"enemies":"The Heart","floor":55,"turns":8}],"seed_played":"-6731196321931017213","potions_obtained":[{"floor":2.0,"key":"SteroidPotion"},{"floor":7.0,"key":"SneckoOil"},{"floor":10.0,"key":"Fruit Juice"},{"floor":12.0,"key":"DuplicationPotion"},{"floor":16.0,"key":"SkillPotion"},{"floor":18.0,"key":"SkillPotion"},{"floor":22.0,"key":"Block Potion"},{"floor":25.0,"key":"Strength Potion"},{"floor":31.0,"key":"SteroidPotion"},{"floor":41.0,"key":"ColorlessPotion"},{"floor":46.0,"key":"Weak Potion"}],"is_trial":false,"path_per_floor":["M","M","?","$","M","R","E","R","T","E","R","E","?","M","R","B",null,"M","?","$","M","M","R","?","E","T","M","R","E","T","M","R","B",null,"M","T","M","?","$","E","M","E","T","R","E","M","E","?","R","B",null,"R","$","E","B",null],"character_chosen":"DEFECT","items_purchased":["Turbo","Compile Driver","War Paint","Cables","Lantern","Pocketwatch","PowerPotion","Discovery"],"campfire_rested":1,"item_purchase_floors":[4,20,39,39,53,53,53,53],"current_hp_per_floor":[62,58,58,58,48,48,39,39,39,31,31,29,38,26,26,26,73,60,60,73,67,49,49,49,47,47,38,73,62,62,62,62,22,73,72,72,61,52,67,67,67,67,67,73,73,73,44,44,62,64,73,73,73,63,73],"gold":122,"neow_bonus":"ONE_RARE_RELIC","is_daily":false,"chose_seed":false,"campfire_upgraded":8,"win_rate":0.0,"timestamp":1608381842,"path_taken":["M","M","?","$","M","R","E","R","T","E","R","E","?","M","R","BOSS","M","?","$","M","M","R","?","E","T","M","R","E","?","M","R","BOSS","M","?","M","?","$","E","M","E","T","R","E","M","E","?","R","BOSS","R","$","E","BOSS"],"items_purchased_type":["Card","Card","Relic","Relic","Relic","Relic","Potion","Card"],"build_version":"2020-12-13","purchased_purges":4,"victory":true,"max_hp_per_floor":[68,68,68,68,68,68,68,68,68,68,68,73,73,73,73,73,73,73,73,73,73,73,73,73,73,73,73,73,73,73,73,73,73,73,73,73,73,73,73,73,73,73,73,73,73,73,73,73,73,73,73,73,73,73,73],"card_choices":[{"not_picked":["Rebound","Stack","Gash"],"picked":"SKIP","floor":1.0},{"not_picked":["Beam Cell","Stack"],"picked":"Ball Lightning","floor":2.0},{"not_picked":["REME_Whirling","Stack"],"picked":"Conserve Battery","floor":5.0},{"not_picked":["Redo","Beam Cell","Meteor Strike"],"picked":"SKIP","floor":7.0},{"not_picked":["Barrage","Steam","Gash"],"picked":"Genetic Algorithm","floor":10.0},{"not_picked":["Turbo","Conserve Battery"],"picked":"Genetic Algorithm","floor":12.0},{"not_picked":["REME_DataAnalysis","Self Repair"],"picked":"Coolheaded","floor":13.0},{"not_picked":["Rebound","Loop","Go for the Eyes"],"picked":"SKIP","floor":14.0},{"not_picked":["Machine Learning","Echo Form"],"picked":"Seek","floor":16.0},{"not_picked":["Gash","Rebound","Conserve Battery"],"picked":"SKIP","floor":18.0},{"not_picked":["REME_Compress","Cold Snap","Ball Lightning+1"],"picked":"SKIP","floor":21.0},{"not_picked":["Barrage","REME_Compress"],"picked":"Recycle+1","floor":22.0},{"not_picked":["Reboot","Rebound"],"picked":"REME_SelfUpgrade+1","floor":25.0},{"not_picked":["Cold Snap","Steam+1","Rebound","Gash"],"picked":"BootSequence+1","floor":27.0},{"not_picked":["Steam Power","Beam Cell+1","Redo","Tempest","Compile Driver+1"],"picked":"SKIP","floor":29.0},{"not_picked":["Go for the Eyes+1","Sweeping Beam","Barrage","REME_Whirling","Ball Lightning"],"picked":"Turbo+1","floor":31.0},{"not_picked":["All For One","Seek","Reboot","Hyperbeam","Biased Cognition"],"picked":"Creative AI","floor":33.0},{"not_picked":["Steam Power+1","Gash","Sweeping Beam","Ball Lightning+1"],"picked":"Chill","floor":35.0},{"not_picked":["Go for the Eyes+1","Gash","Lockon+1"],"picked":"SKIP","floor":37.0},{"not_picked":["Conserve Battery","Rip and Tear+1","Compile Driver+1","Go for the Eyes"],"picked":"Hologram+1","floor":40.0},{"not_picked":["Steam Power+1","Tempest","Leap"],"picked":"SKIP","floor":41.0},{"not_picked":["Reboot","Hello World","Genetic Algorithm","BootSequence","Reinforced Body"],"picked":"Seek","floor":42.0},{"not_picked":["Force Field","Ball Lightning+1","Sweeping Beam","Steam","Cold Snap","Coolheaded"],"picked":"Double Energy","floor":45.0},{"not_picked":["Chaos","Steam Power","Loop+1","Melter","Go for the Eyes+1"],"picked":"Aggregate+1","floor":46.0},{"not_picked":["Blizzard","Capacitor","Loop","FTL+1","Streamline","Sweeping Beam+1"],"picked":"Reboot","floor":47.0},{"not_picked":["PanicButton","Transmutation","REME_BuildACard"],"picked":"REME_TheoryOfElimination","floor":48.0},{"not_picked":["Cold Snap+1","Gash","Beam Cell+1","Steam+1","Consume","Leap+1","Turbo"],"picked":"SKIP","floor":54.0}],"player_experience":2124072,"relics_obtained":[{"floor":7.0,"key":"Bottled Lightning"},{"floor":9.0,"key":"Meat on the Bone"},{"floor":10.0,"key":"Tiny Chest"},{"floor":12.0,"key":"Regal Pillow"},{"floor":13.0,"key":"MealTicket"},{"floor":25.0,"key":"StoneCalendar"},{"floor":29.0,"key":"Pen Nib"},{"floor":30.0,"key":"Kunai"},{"floor":36.0,"key":"Toy Ornithopter"},{"floor":40.0,"key":"Orichalcum"},{"floor":42.0,"key":"Eternal Feather"},{"floor":43.0,"key":"Question Card"},{"floor":45.0,"key":"Blood Vial"},{"floor":47.0,"key":"Emotion Chip"},{"floor":54.0,"key":"TungstenRod"}],"event_choices":[{"damage_healed":0.0,"max_hp_gain":0.0,"max_hp_loss":0.0,"gold_gain":0.0,"cards_transformed":["Strike_B"],"event_name":"Living Wall","player_choice":"Change","floor":3.0,"gold_loss":0.0,"damage_taken":0.0,"cards_obtained":["Capacitor"]},{"damage_healed":0.0,"max_hp_gain":0.0,"max_hp_loss":0.0,"gold_gain":30.0,"event_name":"Dead Adventurer","player_choice":"Searched \u00272\u0027 times","floor":13.0,"gold_loss":0.0,"damage_taken":0.0},{"damage_healed":0.0,"max_hp_gain":0.0,"max_hp_loss":0.0,"gold_gain":0.0,"event_name":"The Mausoleum","player_choice":"Opened","floor":19.0,"gold_loss":0.0,"damage_taken":0.0,"relics_obtained":["Juzu Bracelet"]},{"damage_healed":0.0,"max_hp_gain":0.0,"max_hp_loss":0.0,"gold_gain":0.0,"event_name":"Addict","player_choice":"Obtained Relic","floor":24.0,"gold_loss":85.0,"damage_taken":0.0,"relics_obtained":["Letter Opener"]},{"damage_healed":0.0,"max_hp_gain":0.0,"max_hp_loss":0.0,"gold_gain":0.0,"event_name":"Winding Halls","player_choice":"Embrace Madness","floor":38.0,"gold_loss":0.0,"damage_taken":9.0,"cards_obtained":["Madness","Madness"]},{"damage_healed":0.0,"max_hp_gain":0.0,"max_hp_loss":0.0,"gold_gain":0.0,"event_name":"SensoryStone","player_choice":"Memory 1","floor":48.0,"gold_loss":0.0,"damage_taken":0.0}],"is_beta":false,"boss_relics":[{"not_picked":["SacredBark","REME_DuelDisc"],"picked":"Runic Dome"},{"not_picked":["Tiny House","Black Star"],"picked":"Coffee Dripper"}],"items_purged_floors":[4,20,39,53],"is_endless":false,"potions_floor_spawned":[2,7,10,12,16,18,22,25,31,41,46,47],"ascension_level":1}}