{"host":"363c1o4m0ew2jbar","time":1608361230,"event":{"mods":["AchievementEnabler","BaseMod","Better Note","Downfall","Minty Spire (QoL Compilation)","StSLib"],"gold_per_floor":[99,162,190,190,190,225,225,245,260,260,110,123,142,152,172,172,172],"floor_reached":16,"playtime":697,"items_purged":[],"score":158,"play_id":"e63190c8-28dd-434d-802d-65da680cea8d","local_time":"20201218210030","is_ascension_mode":true,"campfire_choices":[{"data":"Slimebound:CorrosiveSpit","floor":1,"key":"SMITH"},{"floor":10,"key":"REST"}],"circlet_count":0,"master_deck":["Slimebound:Strike_Slimebound","Slimebound:Strike_Slimebound","Slimebound:Tackle","Slimebound:Defend_Slimebound","Slimebound:Defend_Slimebound","Slimebound:Defend_Slimebound","Slimebound:Defend_Slimebound","Slimebound:Split","Slimebound:CorrosiveSpit+1","Slimebound:SlimeBarrage","Slimebound:LevelUp","Slimebound:TongueLash","Slimebound:SplitMire","Slimebound:Overexert","Slimebound:SamplingLick","Slimebound:Gluttony"],"relics":["Slimebound:AbsorbEndCombat","downfall:HeartsMalice","Smiling Mask","Question Card","Girya","Mummified Hand"],"acts_visited":["Exordium"],"potions_floor_usage":[14,16,16],"damage_taken":[{"damage":0,"enemies":"3 Sentries","floor":2,"turns":1},{"damage":0,"enemies":"Lagavulin","floor":3,"turns":1},{"damage":0,"enemies":"Jaw Worm","floor":4,"turns":1},{"damage":35,"enemies":"3 Sentries","floor":6,"turns":6},{"damage":19,"enemies":"Small Slimes","floor":8,"turns":4},{"damage":10,"enemies":"Cultist","floor":9,"turns":4},{"damage":29,"enemies":"3 Louse","floor":12,"turns":4},{"damage":8,"enemies":"Large Slime","floor":13,"turns":4},{"damage":27,"enemies":"Gremlin Gang","floor":14,"turns":4},{"damage":27,"enemies":"Exordium Thugs","floor":15,"turns":4},{"damage":27,"enemies":"downfall:Defect","floor":16,"turns":4}],"seed_played":"8698856727973430591","potions_obtained":[{"floor":2,"key":"Strength Potion"},{"floor":8,"key":"BlessingOfTheForge"},{"floor":9,"key":"Energy Potion"},{"floor":14,"key":"Slimebound:SlimyTonguePotion"}],"is_trial":false,"path_per_floor":["R","?","E","M","?","E","T","M","M","R","?","M","M","M","M","B"],"character_chosen":"SLIMEBOUND","items_purchased":[],"campfire_rested":1,"item_purchase_floors":[],"current_hp_per_floor":[60,60,60,60,60,31,31,22,22,40,70,49,55,38,21,6,6],"gold":172,"neow_bonus":"THREE_ENEMY_KILL","is_daily":false,"chose_seed":false,"campfire_upgraded":1,"win_rate":0.0,"timestamp":1608361230,"path_taken":["R","?","E","M","?","E","T","M","?","R","?","M","M","?","M","BOSS"],"items_purchased_type":[],"build_version":"2020-12-13","purchased_purges":0,"victory":false,"max_hp_per_floor":[60,60,60,60,60,60,60,60,60,60,70,70,70,70,70,70,70],"card_choices":[{"not_picked":["Slimebound:PressTheAttack","Slimebound:LeadByExample"],"picked":"Slimebound:SlimeBarrage","floor":2},{"not_picked":["Slimebound:LeadByExample","Slimebound:DuplicatedForm"],"picked":"Slimebound:LevelUp","floor":3},{"not_picked":["Slimebound:ViciousTackle","Slimebound:FlameTackle","Slimebound:LeechEnergy","Slimebound:ServeAndProtect"],"picked":"SKIP","floor":4},{"not_picked":["Slimebound:SlimeBarrage","Slimebound:SplitAcid","Slimebound:SplitMire"],"picked":"Slimebound:TongueLash","floor":6},{"not_picked":["Slimebound:PressTheAttack","Slimebound:GoopSpray","Slimebound:LeechingTouch","Slimebound:LeechEnergy"],"picked":"SKIP","floor":8},{"not_picked":["Slimebound:TongueLash","Slimebound:SlimeBarrage","Slimebound:Chomp","Slimebound:ForwardTackle"],"picked":"SKIP","floor":9},{"not_picked":["Slimebound:DivideAndConquer","Slimebound:ViciousTackle","Slimebound:SlimeBrawl"],"picked":"Slimebound:SplitMire","floor":12},{"not_picked":["Slimebound:RainOfGoop","Slimebound:FinishingTackle","Slimebound:Schlurp"],"picked":"Slimebound:Overexert","floor":13},{"not_picked":["Slimebound:ViciousTackle","Slimebound:RollThrough","Slimebound:Replication"],"picked":"Slimebound:SamplingLick","floor":14},{"not_picked":["Slimebound:Grow","Slimebound:TongueLash","Slimebound:FinishingTackle"],"picked":"Slimebound:Gluttony","floor":15}],"player_experience":1107974,"relics_obtained":[{"floor":3,"key":"Question Card"},{"floor":6,"key":"Girya"},{"floor":7,"key":"Mummified Hand"}],"event_choices":[],"is_beta":false,"boss_relics":[],"items_purged_floors":[],"is_endless":false,"potions_floor_spawned":[2,8,9,12,14],"killed_by":"downfall:Defect","ascension_level":3}}