{"host":"ac6e1xz8pi3qqstb","time":1608380714,"event":{"mods":["BaseMod","Lobotomy","LobotomyExtend","Minty Spire (QoL Compilation)","MostiFishMod","Relic Stats","Replay The Spire","StSLib","vexMod"],"gold_per_floor":[112,123,136,136,149,149,149,149],"floor_reached":7,"playtime":473,"items_purged":[],"score":52,"play_id":"b0f01d17-5bfa-4b2d-92be-024a7dc0339a","local_time":"20201219202514","is_ascension_mode":true,"campfire_choices":[{"data":"Eruption","floor":6,"key":"SMITH"}],"circlet_count":0,"master_deck":["Strike_P","Strike_P","Strike_P","Strike_P","Defend_P","Defend_P","Defend_P","Defend_P","Eruption+1","Vigilance","BeautyBeast","EmptyFist","Rudolta","UniverseFragment","FlurryOfBlows","Wellcheers","FlurryOfBlows"],"relics":["PureWater","DaveBox","CogitoBucket","JellyFishMachine","Question Card","LetterFromLob"],"acts_visited":["Exordium"],"potions_floor_usage":[],"damage_taken":[{"damage":0,"enemies":"Cultist","floor":1,"turns":4},{"damage":7,"enemies":"Jaw Worm","floor":2,"turns":3},{"damage":1,"enemies":"2 Louse","floor":3,"turns":2},{"damage":4,"enemies":"Large Slime","floor":5,"turns":7},{"damage":41,"enemies":"Gremlin Nob","floor":7,"turns":6}],"seed_played":"-2487415883060330516","potions_obtained":[{"floor":2,"key":"SpeedPotion"},{"floor":5,"key":"Energy Potion"}],"is_trial":false,"path_per_floor":["M","M","M","?","M","R","E"],"character_chosen":"WATCHER","items_purchased":[],"campfire_rested":0,"item_purchase_floors":[],"current_hp_per_floor":[72,65,64,64,60,60,22,22],"gold":149,"neow_bonus":"","is_daily":false,"chose_seed":false,"campfire_upgraded":1,"win_rate":0.0,"timestamp":1608380714,"path_taken":["M","?","M","?","M","R","E"],"items_purchased_type":[],"build_version":"2020-12-13","purchased_purges":0,"victory":false,"max_hp_per_floor":[72,72,72,72,72,72,72,72],"relic_stats":{"counters":[5,22],"Question Card":7,"obtain_stats":[{"CogitoBucket":0,"DaveBox":0,"JellyFishMachine":0,"LetterFromLob":1,"PureWater":0,"Question Card":1},{"CogitoBucket":0,"DaveBox":0,"JellyFishMachine":0,"LetterFromLob":1,"PureWater":0,"Question Card":1},{"CogitoBucket":0,"DaveBox":0,"JellyFishMachine":0,"LetterFromLob":4,"PureWater":0,"Question Card":4}]},"card_choices":[{"not_picked":["SnowQueen","SpiderBud","MHz"],"picked":"Singing Bowl","floor":1},{"not_picked":["NakedNest","OSAHOGD"],"picked":"BeautyBeast","floor":1},{"not_picked":["Evaluate","EmptyBody"],"picked":"EmptyFist","floor":1},{"not_picked":["Mercenary","LongBird"],"picked":"Rudolta","floor":2},{"not_picked":["BowlingBash","Worship","Sanctity","Pray"],"picked":"SKIP","floor":2},{"not_picked":["OldLady","Yin"],"picked":"UniverseFragment","floor":3},{"not_picked":["Replay:BluntJabs","FlyingSleeves","ClearTheMind"],"picked":"FlurryOfBlows","floor":3},{"not_picked":["CherryBlossoms","PunishingBird"],"picked":"Wellcheers","floor":5},{"not_picked":["SignatureMove","LikeWater","InnerPeace"],"picked":"FlurryOfBlows","floor":5}],"player_experience":373951,"relics_obtained":[{"floor":1,"key":"Question Card"},{"floor":1,"key":"LetterFromLob"}],"event_choices":[],"is_beta":false,"boss_relics":[],"items_purged_floors":[],"is_endless":false,"potions_floor_spawned":[2,5],"killed_by":"Gremlin Nob","ascension_level":4}}