{"host":"qgwlv9366poilr0p","time":1608364373,"event":{"mods":["Aspiration","BaseMod","Better Match","Better Note","Colored Powertips","Conspire","Dota2Spire","Friendly Minions","Halation","Hubris","Infinite Spire","JesterMod","Minty Spire (QoL Compilation)","Relic Stats","Replay The Spire","Shop Mod","StSLib","The Blue Laboratory","Wandering Minibosses","vexMod"],"gold_per_floor":[118,118,30,46,69,69,105,105,132,146,166,206,206,220,220,351,351,364,389,389,421,421],"floor_reached":21,"playtime":1477,"items_purged":["jesterMod:HitAndRun"],"score":266,"play_id":"0a31fb98-a21c-43a3-b3aa-5ee4a84b1932","local_time":"20201219085253","is_ascension_mode":false,"campfire_choices":[{"data":"jesterMod:Precipitation","floor":6.0,"key":"SMITH"},{"data":"jesterMod:Haste","floor":8.0,"key":"SMITH"},{"data":"jesterMod:Discretion","floor":15.0,"key":"SMITH"}],"circlet_count":0,"master_deck":["jesterMod:Sickle+1","jesterMod:Dodge","jesterMod:Precipitation+1","jesterMod:Prankster+1","jesterMod:Feint","jesterMod:Haste+1","jesterMod:Contradiction+1","jesterMod:Discretion+1","jesterMod:Dilapidation","jesterMod:Momentum+1","jesterMod:SmokeScreen","jesterMod:Contradiction+1","jesterMod:QuickStrike","jesterMod:ExperimentalTreatment","jesterMod:Tinker","jesterMod:ButterKnife","jesterMod:Loot","jesterMod:ButterflyDance","jesterMod:Loot"],"relics":["jesterMod:JesterCap","NeowsBlessing","Golden Idol","Frozen Egg 2","Dota2Spire:Vanguard","Oddly Smooth Stone","Dota2Spire:DrumOfEndurance","halation:PlatinumPhoenix","Pandora\u0027s Box","MawBank"],"acts_visited":["Exordium","TheCity"],"potions_floor_usage":[21],"damage_taken":[{"damage":0.0,"enemies":"Small Slimes","floor":1.0,"turns":1.0},{"damage":0.0,"enemies":"conspire:RoseBush","floor":4.0,"turns":1.0},{"damage":0.0,"enemies":"Cultist","floor":5.0,"turns":1.0},{"damage":28.0,"enemies":"Gremlin Nob","floor":7.0,"turns":4.0},{"damage":10.0,"enemies":"3 Louse","floor":10.0,"turns":2.0},{"damage":2.0,"enemies":"Lots of Slimes","floor":11.0,"turns":3.0},{"damage":0.0,"enemies":"Replay:BlueRogue","floor":12.0,"turns":7.0},{"damage":0.0,"enemies":"Looter","floor":14.0,"turns":5.0},{"damage":0.0,"enemies":"Hexaghost","floor":16.0,"turns":9.0},{"damage":6.0,"enemies":"Shell Parasite","floor":18.0,"turns":6.0},{"damage":25.0,"enemies":"Chosen","floor":19.0,"turns":6.0},{"damage":33,"enemies":"Snake Plant","floor":21,"turns":4}],"seed_played":"-650860560056484807","potions_obtained":[{"floor":7.0,"key":"Dota2Spire:HealingSalve"},{"floor":10.0,"key":"blueLaboratory:Moonshine"},{"floor":11.0,"key":"blueLaboratory:BottledHope"},{"floor":14.0,"key":"blueLaboratory:ForbiddenFruitJuice"},{"floor":16.0,"key":"DistilledChaos"}],"is_trial":false,"path_per_floor":["M","?","?","M","M","R","E","R","T","M","M","E","?","M","R","B",null,"M","M","AVR","M"],"character_chosen":"THE_JESTER","items_purchased":[],"campfire_rested":0,"item_purchase_floors":[],"current_hp_per_floor":[70,53,53,53,53,53,25,25,25,15,13,31,31,31,31,31,70,64,39,39,6,6],"gold":421,"neow_bonus":"THREE_ENEMY_KILL","is_daily":false,"chose_seed":false,"campfire_upgraded":3,"win_rate":0.0,"timestamp":1608364373,"path_taken":["M","?","?","?","M","R","E","R","T","M","M","E","?","M","R","BOSS","M","M","AVR","?"],"items_purchased_type":[],"build_version":"2020-12-13","purchased_purges":1,"victory":false,"max_hp_per_floor":[70,70,70,70,70,70,70,70,70,70,70,70,70,70,70,70,70,70,70,70,70,70],"relic_stats":{"counters":[12,49],"Golden Idol":67,"Pandora\u0027s Box":["jesterMod:QuickStrike","jesterMod:ExperimentalTreatment","jesterMod:Tinker","jesterMod:ButterKnife","jesterMod:Loot","jesterMod:ButterflyDance","jesterMod:HitAndRun","jesterMod:Loot"],"MawBank":12,"obtain_stats":[{"NeowsBlessing":0,"Golden Idol":2,"halation:PlatinumPhoenix":17,"Oddly Smooth Stone":9,"Dota2Spire:DrumOfEndurance":12,"Pandora\u0027s Box":20,"jesterMod:JesterCap":0,"Dota2Spire:Vanguard":7,"Frozen Egg 2":3,"MawBank":20},{"NeowsBlessing":0,"Golden Idol":1,"halation:PlatinumPhoenix":9,"Oddly Smooth Stone":4,"Dota2Spire:DrumOfEndurance":7,"Pandora\u0027s Box":11,"jesterMod:JesterCap":0,"Dota2Spire:Vanguard":4,"Frozen Egg 2":1,"MawBank":11},{"NeowsBlessing":0,"Golden Idol":1,"halation:PlatinumPhoenix":33,"Oddly Smooth Stone":7,"Dota2Spire:DrumOfEndurance":19,"Pandora\u0027s Box":45,"jesterMod:JesterCap":0,"Dota2Spire:Vanguard":7,"Frozen Egg 2":1,"MawBank":45}]},"card_choices":[{"not_picked":["jesterMod:OblivionStrike","jesterMod:Anticipation"],"picked":"jesterMod:Precipitation","floor":1.0},{"not_picked":["jesterMod:TrickyDodge","jesterMod:Pause"],"picked":"jesterMod:Prankster+1","floor":4.0},{"not_picked":["jesterMod:RecklessStrike","jesterMod:Schizophrenia+1"],"picked":"jesterMod:Feint","floor":5.0},{"not_picked":["jesterMod:OblivionStrike","jesterMod:Talion"],"picked":"jesterMod:Haste","floor":7.0},{"not_picked":["jesterMod:QuickStrike","jesterMod:Patience","jesterMod:RecklessStrike"],"picked":"SKIP","floor":10.0},{"not_picked":["jesterMod:Feint","jesterMod:SmokeScreen"],"picked":"jesterMod:Contradiction+1","floor":11.0},{"not_picked":["jesterMod:LightTheWick","jesterMod:HitAndRun"],"picked":"jesterMod:Discretion","floor":12.0},{"not_picked":["jesterMod:Arrythmia+1","jesterMod:DaggerRain"],"picked":"jesterMod:Dilapidation","floor":14.0},{"not_picked":["jesterMod:Juggler+1","jesterMod:Placebo"],"picked":"jesterMod:Momentum+1","floor":16.0},{"not_picked":["jesterMod:TrickyDodge+1","jesterMod:Prankster+1"],"picked":"jesterMod:SmokeScreen","floor":18.0},{"not_picked":["jesterMod:Squander","jesterMod:FlameDance"],"picked":"jesterMod:Contradiction+1","floor":19.0}],"player_experience":1070740,"relics_obtained":[{"floor":7.0,"key":"Dota2Spire:Vanguard"},{"floor":9.0,"key":"Oddly Smooth Stone"},{"floor":12.0,"key":"Dota2Spire:DrumOfEndurance"}],"event_choices":[{"damage_healed":0.0,"max_hp_gain":0.0,"max_hp_loss":0.0,"gold_gain":0.0,"event_name":"Golden Idol","player_choice":"Take Damage","floor":2.0,"gold_loss":0.0,"damage_taken":17.0,"relics_obtained":["Golden Idol"]},{"damage_healed":0.0,"max_hp_gain":0.0,"max_hp_loss":0.0,"gold_gain":0.0,"event_name":"WeMeetAgain","player_choice":"Paid Gold","floor":3.0,"gold_loss":88.0,"damage_taken":0.0,"relics_obtained":["Frozen Egg 2"]},{"damage_healed":0.0,"max_hp_gain":0.0,"max_hp_loss":0.0,"gold_gain":0.0,"event_name":"Accursed Blacksmith","player_choice":"Forge","floor":13.0,"gold_loss":0.0,"damage_taken":0.0,"cards_upgraded":["jesterMod:Sickle"]}],"is_beta":false,"boss_relics":[{"not_picked":["hubris:ScarierMask","vexMod:DeviousBotling"],"picked":"halation:PlatinumPhoenix"}],"items_purged_floors":[20],"is_endless":false,"potions_floor_spawned":[7,10,11,14,16],"killed_by":"Snake Plant","ascension_level":0}}