{"host":"922zt4fjsmmy4kg9","time":1608419684,"event":{"mods":["A Magickal Journey","Act Like it!","BaseMod","Better Third Choice","Downfall","Friendly Minions","Hermit","HololiveMod","Hubris","Jorbs\u0027s Wanderer Trilogy","Kiyohime????","Koishi","Marisa????????","Minty Spire (QoL Compilation)","Quick Restart","Reimu??????","Shop Mod","Spicy Shops","StSLib","SuperFastMode","The Animator","The Disciple","The Runesmith"],"gold_per_floor":[99,99,99,140,140,152,200,232,262,293,305,84,101,90,107,214,214,139,251,284,42,73,73,125,149,149,175,201,226,241,27,51,160,160,160,203,128,128,187,212,264,264,189,223,244,62,85,10,34,34,34,42,42],"floor_reached":52,"playtime":4612,"items_purged":["Pain"],"score":1414,"play_id":"8d6d2028-499c-4e7b-803a-52067c73c398","local_time":"20201220101444","is_ascension_mode":true,"campfire_choices":[{"data":"animator:YuiTsuruno","floor":1.0,"key":"SMITH"},{"data":"animator:EmiyaShirou","floor":5.0,"key":"SMITH"},{"data":"animator:HigakiRinne","floor":18.0,"key":"SMITH"},{"floor":23.0,"key":"REST"},{"data":"animator:PinaCoLada","floor":26.0,"key":"SMITH"},{"floor":35,"key":"RECALL"},{"data":"J.A.X.","floor":37,"key":"SMITH"},{"data":"animator:EmiyaShirou","floor":43,"key":"SMITH"}],"circlet_count":0,"master_deck":["AscendersBane","animator:Strike_MadokaMagica","animator:Defend_MadokaMagica","animator:Strike","animator:Strike","animator:Defend","animator:IrohaTamaki+1","animator:YuiTsuruno+1","animator:EmiyaShirou+1","animator:KyokoSakura","animator:YachiyoNanami","animator:SuzuneAmano","animator:KyokoSakura+1","animator:Chris","animator:Albedo","animator:Walpurgisnacht","animator:Aqua","animator:HigakiRinne+1","animator:Bozes","animator:KyokoSakura","J.A.X.+1","animator:Konayuki+1","animator:Shichika","animator:PinaCoLada+1","animator:Aqua+1","animator:SuzuneAmano+1","animator:Nanami","animator:Rider+1","animator:Sebas+1","animator:Ciel","animator:Lu","animator:YachiyoNanami","animator:IchigoKurosaki","animator:HigakiRinne+1","animator:NagisaMomoe","animator:Hans","animator:OrikoMikuni+1","animator:Evileye","animator:EmiyaShirou+1","animator:Konayuki+1","animator:UneriGinkaku+1","animator:Azekura","animator:Ain+1","animator:Shichika+1"],"relics":["animator:LivingPicture","animator:TheMissingPiece","downfall:HeartsMalice","hubris:Icosahedron","Mercury Hourglass","Oddly Smooth Stone","Guardian:PocketSentry","animator:ShionDessert","animator:WornHelmet","Chemical X","animator:CursedGlyph","hubris:Backtick","Membership Card","downfall:HeartBlessingGreen","MutagenicStrength","hubris:SphereOfDissonance","Calipers","Regal Pillow","Pear","Dead Branch","Centennial Puzzle","Ornamental Fan","MealTicket","Paper Frog","Runesmith:AutoHammer","Red Skull","Letter Opener","DollysMirror","SacredBark","downfall:HeartBlessingRed","Gambling Chip","White Beast Statue","downfall:HeartBlessingBlue","hubris:Spice","Ancient Tea Set","Whetstone","Ginger","Omamori","Sling"],"acts_visited":["Exordium","TheCity","TheBeyond","TheEnding"],"potions_floor_usage":[33,50],"damage_taken":[{"damage":0.0,"enemies":"Lagavulin","floor":4.0,"turns":1.0},{"damage":0.0,"enemies":"Small Slimes","floor":6.0,"turns":1.0},{"damage":0.0,"enemies":"Gremlin Nob","floor":8.0,"turns":1.0},{"damage":0.0,"enemies":"2 Louse","floor":9.0,"turns":3.0},{"damage":24.0,"enemies":"3 Sentries","floor":10.0,"turns":6.0},{"damage":0.0,"enemies":"Cultist","floor":11.0,"turns":2.0},{"damage":5.0,"enemies":"downfall:FleeingMerchant","floor":12.0,"turns":4.0},{"damage":9.0,"enemies":"Exordium Thugs","floor":13.0,"turns":3.0},{"damage":2.0,"enemies":"downfall:FleeingMerchant","floor":14.0,"turns":4.0},{"damage":13.0,"enemies":"Lots of Slimes","floor":15.0,"turns":3.0},{"damage":8.0,"enemies":"downfall:Watcher","floor":16.0,"turns":7.0},{"damage":5.0,"enemies":"downfall:Augmenter","floor":19.0,"turns":5.0},{"damage":35.0,"enemies":"Slavers","floor":20.0,"turns":5.0},{"damage":6.0,"enemies":"downfall:FleeingMerchant","floor":21.0,"turns":4.0},{"damage":7.0,"enemies":"Gremlin Leader","floor":22.0,"turns":4.0},{"damage":3.0,"enemies":"Spheric Guardian","floor":25.0,"turns":3.0},{"damage":33.0,"enemies":"Slavers","floor":27.0,"turns":3.0},{"damage":6.0,"enemies":"Chosen and Byrds","floor":28.0,"turns":4.0},{"damage":6.0,"enemies":"Cultist and Chosen","floor":30.0,"turns":3.0},{"damage":0.0,"enemies":"downfall:FleeingMerchant","floor":31.0,"turns":1.0},{"damage":0.0,"enemies":"Centurion and Healer","floor":32.0,"turns":2.0},{"damage":0,"enemies":"downfall:Ironclad","floor":33,"turns":7},{"damage":18,"enemies":"3 Darklings","floor":36,"turns":5},{"damage":23,"enemies":"2 Orb Walkers","floor":39,"turns":6},{"damage":33,"enemies":"Reptomancer","floor":40,"turns":5},{"damage":4,"enemies":"Giant Head","floor":44,"turns":7},{"damage":4,"enemies":"Orb Walker","floor":45,"turns":3},{"damage":4,"enemies":"Sphere and 2 Shapes","floor":47,"turns":3},{"damage":16,"enemies":"Jaw Worm Horde","floor":49,"turns":4},{"damage":36,"enemies":"downfall:Defect","floor":50,"turns":5},{"damage":80,"enemies":"downfall:CharBossMerchant","floor":52,"turns":7}],"seed_played":"6499501579909224774","potions_obtained":[{"floor":10.0,"key":"GamblersBrew"},{"floor":11.0,"key":"GrandPatriotsElixir:ReiMu"},{"floor":13.0,"key":"MagicPotion:ReiMu"},{"floor":15.0,"key":"Block Potion"},{"floor":20.0,"key":"DuplicationPotion"},{"floor":25.0,"key":"LiquidBronze"},{"floor":27.0,"key":"SkillPotion"},{"floor":28.0,"key":"PowerPotion"},{"floor":32.0,"key":"SkillPotion"},{"floor":44,"key":"ColorlessPotion"},{"floor":45,"key":"Regen Potion"}],"is_trial":false,"path_per_floor":["R","?","?","E","R","M","T","E","M","E","M","$","M","$","M","B",null,"R","?","E","$","E","R","T","M","R","E","M","T","M","$","M","B",null,"R","M","R","?","?","E","T","?","R","E","M","$","M","$","M","B",null,"E"],"character_chosen":"THE_ANIMATOR","items_purchased":["animator:WornHelmet","Chemical X","Calipers","Regal Pillow","Pear","hexamod:EctoCoolerPotion","Paper Frog","Runesmith:AutoHammer","animator:Lu","animator:YachiyoNanami","Red Skull","Letter Opener","animator:IchigoKurosaki","DollysMirror","Ancient Tea Set","Whetstone","Ginger","Omamori","Sling"],"campfire_rested":1,"item_purchase_floors":[12,12,21,21,21,21,31,31,31,31,31,31,31,31,46,46,46,46,48],"current_hp_per_floor":[59,59,59,59,59,59,59,60,60,36,36,31,22,20,7,1,48,48,45,13,19,16,52,52,54,54,27,25,25,28,43,46,51,70,70,57,57,57,44,16,16,66,76,84,83,84,83,84,68,38,73,0,0],"gold":42,"neow_bonus":"THREE_ENEMY_KILL","is_daily":false,"chose_seed":false,"campfire_upgraded":6,"win_rate":0.0,"timestamp":1608419684,"path_taken":["R","?","?","E","R","M","T","E","M","E","M","$","M","$","M","BOSS","R","?","E","$","E","R","T","M","R","E","M","?","?","$","M","BOSS","R","?","R","?","?","E","T","?","R","E","?","$","M","$","M","BOSS","E"],"items_purchased_type":["Relic","Relic","Relic","Relic","Relic","Potion","Relic","Relic","Card","Card","Relic","Relic","Card","Relic","Relic","Relic","Relic","Relic","Relic"],"build_version":"2020-12-13","purchased_purges":1,"victory":false,"max_hp_per_floor":[66,66,66,66,66,66,66,67,67,67,67,67,63,63,63,63,63,63,63,63,73,73,73,73,73,73,73,74,74,75,75,76,76,76,76,76,76,76,76,76,76,66,76,84,84,84,84,84,84,84,84,84,84],"card_choices":[{"not_picked":["animator:YunYun","animator:IrohaTamaki"],"picked":"animator:EmiyaShirou","floor":4.0},{"not_picked":["animator:Rider","animator:Darkness"],"picked":"animator:KyokoSakura","floor":6.0},{"not_picked":["animator:Demiurge","animator:Darkness"],"picked":"animator:YachiyoNanami","floor":8.0},{"not_picked":["animator:MamiTomoe","animator:IrohaTamaki"],"picked":"animator:SuzuneAmano","floor":9.0},{"not_picked":["animator:Alexander","animator:Wiz"],"picked":"animator:KyokoSakura","floor":10.0},{"not_picked":["animator:Vanir","animator:TukaLunaMarceau"],"picked":"animator:Chris","floor":11.0},{"not_picked":["animator:Assassin","animator:Sebas"],"picked":"animator:Albedo","floor":12.0},{"not_picked":["animator:IrohaTamaki","animator:SuzuneAmano"],"picked":"animator:Walpurgisnacht","floor":13.0},{"not_picked":["animator:Kazuma","animator:Togame","animator:Hitei"],"picked":"SKIP","floor":14.0},{"not_picked":["animator:Rider","animator:TukaLunaMarceau"],"picked":"animator:Aqua","floor":15.0},{"not_picked":["animator:Albedo","animator:MadokaKaname"],"picked":"animator:HigakiRinne","floor":16.0},{"not_picked":[],"picked":"J.A.X.","floor":19.0},{"not_picked":["animator:UneriGinkaku","animator:EmiyaShirou"],"picked":"animator:Konayuki+1","floor":19.0},{"not_picked":["animator:Konayuki","animator:TsurugaMeisai"],"picked":"animator:Shichika","floor":20.0},{"not_picked":["animator:Elsword+1","animator:Lancer"],"picked":"animator:PinaCoLada","floor":21.0},{"not_picked":["animator:RoryMercury","animator:Albedo"],"picked":"animator:Aqua+1","floor":22.0},{"not_picked":["animator:Kazuma","animator:IrohaTamaki"],"picked":"animator:SuzuneAmano+1","floor":25.0},{"not_picked":["animator:Konayuki","animator:UneriGinkaku"],"picked":"animator:Nanami","floor":27.0},{"not_picked":["animator:Verdia","animator:OrikoMikuni"],"picked":"animator:Rider+1","floor":28.0},{"not_picked":["animator:Ain","animator:LeleiLaLalena"],"picked":"animator:Sebas+1","floor":30.0},{"not_picked":["animator:Verdia","animator:Cocytus"],"picked":"animator:Ciel","floor":31.0},{"not_picked":["animator:IrohaTamaki","animator:OrikoMikuni"],"picked":"animator:NagisaMomoe","floor":32.0},{"not_picked":["animator:Kyubey","animator:HomuraAkemi"],"picked":"animator:Hans","floor":33},{"not_picked":["animator:Raven","animator:Verdia"],"picked":"animator:OrikoMikuni+1","floor":36},{"not_picked":["animator:Evileye","animator:LeleiLaLalena+1"],"picked":"animator:EmiyaShirou","floor":39},{"not_picked":["animator:Albedo","animator:Kazuma"],"picked":"animator:Konayuki+1","floor":40},{"not_picked":["animator:Chung","animator:Berserker"],"picked":"animator:UneriGinkaku+1","floor":44},{"not_picked":["animator:Shichika","animator:ZankiKiguchi"],"picked":"animator:Azekura","floor":45},{"not_picked":["animator:Verdia","animator:Raven+1"],"picked":"animator:Ain+1","floor":47},{"not_picked":["animator:OrikoMikuni+1","animator:Entoma"],"picked":"animator:Shichika+1","floor":49}],"player_experience":1300684,"relics_obtained":[{"floor":4.0,"key":"Mercury Hourglass"},{"floor":7.0,"key":"Oddly Smooth Stone"},{"floor":8.0,"key":"Guardian:PocketSentry"},{"floor":10.0,"key":"animator:ShionDessert"},{"floor":13.0,"key":"animator:CursedGlyph"},{"floor":19.0,"key":"MutagenicStrength"},{"floor":20.0,"key":"hubris:SphereOfDissonance"},{"floor":22.0,"key":"Dead Branch"},{"floor":24.0,"key":"Centennial Puzzle"},{"floor":27.0,"key":"Ornamental Fan"},{"floor":29.0,"key":"MealTicket"},{"floor":39,"key":"Gambling Chip"},{"floor":40,"key":"White Beast Statue"},{"floor":44,"key":"hubris:Spice"}],"event_choices":[{"cards_removed":["animator:Defend"],"damage_healed":0.0,"max_hp_gain":0.0,"max_hp_loss":0.0,"gold_gain":0.0,"event_name":"Purifier","player_choice":"Purged","floor":3.0,"gold_loss":0.0,"damage_taken":0.0},{"damage_healed":0,"gold_gain":0,"player_choice":"Fight","damage_taken":0,"max_hp_gain":0,"max_hp_loss":0,"event_name":"Mysterious Sphere","floor":39,"gold_loss":0}],"is_beta":false,"boss_relics":[{"not_picked":["Hololive_Finger","Coffee Dripper"],"picked":"hubris:Backtick"},{"not_picked":["Hololive_ChaosS","hubris:RunicObelisk"],"picked":"SacredBark"}],"items_purged_floors":[31],"is_endless":false,"potions_floor_spawned":[10,11,13,15,20,25,27,28,32,44,45,47,49],"killed_by":"downfall:CharBossMerchant","ascension_level":10}}