{"host":"v0n6ky7dmveherv3","time":1608402689,"event":{"mods":["BaseMod","Better Third Choice","Downfall","Minty Spire (QoL Compilation)","StSLib"],"gold_per_floor":[99,99,124,26,55,68,93,126,51,82,82,182,195,212,228,330,330,330,438,450,500,500,530,599,634,559,592,727,742,754,218,234,337,337,337,372,392,423,473,473,473,473,36,66,116,135,154,166,184,184],"floor_reached":51,"playtime":3302,"items_purged":["champ:Defend"],"score":1302,"play_id":"1f080c7b-a4b8-48d6-946d-9826e52b4323","local_time":"20201219113129","is_ascension_mode":true,"campfire_choices":[{"floor":1.0,"key":"RECALL"},{"data":"champ:Control","floor":9.0,"key":"SMITH"},{"data":"champ:Improvising","floor":18.0,"key":"SMITH"},{"data":"champ:TornadoPunch","floor":22,"key":"SMITH"},{"data":"champ:Taunt","floor":26,"key":"SMITH"},{"data":"champ:EndlessRage","floor":35,"key":"SMITH"},{"data":"champ:Control","floor":40,"key":"SMITH"},{"data":"expansioncontent:DonusPower","floor":42,"key":"SMITH"}],"circlet_count":0,"master_deck":["champ:Defend","champ:Defend","champ:Execute","champ:Taunt+1","champ:Control+1","champ:Circumvent","champ:LastStand","expansioncontent:DonusPower+1","champ:AdrenalArmor","champ:FocusedGladiator","champ:TornadoPunch+1","champ:VampiricStrike","champ:Improvising+1","Slimebound:Tackle+1","Slimebound:Tackle+1","Slimebound:Tackle+1","champ:Control+1","champ:VampiricStrike","champ:EndlessRage+1","champ:GladiatorStyle","champ:Control","champ:DefensiveShout+1","champ:EndlessRage+1","champ:RapidStrikes+1"],"relics":["champ:ChampionCrown","downfall:HeartsMalice","Matryoshka","Question Card","Tiny Chest","Potion Belt","Bag of Preparation","downfall:HeartBlessingRed","sneckomod:BlankCard","champ:LiftRelic","downfall:CloakOfManyFaces","CultistMask","FaceOfCleric","NlothsMask","GremlinMask","SsserpentHead","Busted Crown","Shuriken","Pocketwatch","Mercury Hourglass","Oddly Smooth Stone","downfall:HeartBlessingGreen","HornCleat","HandDrill","Pen Nib","champ:GladiatorsBookOfMartialProwess","Philosopher\u0027s Stone","Anchor","CaptainsWheel","Bottled Lightning","Centennial Puzzle","Ornamental Fan","Shovel"],"acts_visited":["Exordium","TheCity","TheBeyond"],"potions_floor_usage":[50,50,50,50,50],"damage_taken":[{"damage":0.0,"enemies":"2 Louse","floor":2.0,"turns":1.0},{"damage":0.0,"enemies":"Gremlin Nob","floor":3.0,"turns":1.0},{"damage":0.0,"enemies":"downfall:FleeingMerchant","floor":4.0,"turns":1.0},{"damage":27.0,"enemies":"3 Sentries","floor":5.0,"turns":7.0},{"damage":13.0,"enemies":"Cultist","floor":6.0,"turns":4.0},{"damage":51.0,"enemies":"Lagavulin","floor":8.0,"turns":7.0},{"damage":10.0,"enemies":"3 Sentries","floor":10.0,"turns":4.0},{"damage":7.0,"enemies":"downfall:FaceTrader","floor":12.0,"turns":6.0},{"damage":0.0,"enemies":"Small Slimes","floor":13.0,"turns":2.0},{"damage":17.0,"enemies":"Exordium Wildlife","floor":14.0,"turns":4.0},{"damage":13.0,"enemies":"Blue Slaver","floor":15.0,"turns":4.0},{"damage":22.0,"enemies":"downfall:Watcher","floor":16.0,"turns":8.0},{"damage":22.0,"enemies":"downfall:FleeingMerchant","floor":19.0,"turns":4.0},{"damage":8,"enemies":"Spheric Guardian","floor":20,"turns":1},{"damage":23,"enemies":"Gremlin Leader","floor":23,"turns":4},{"damage":52,"enemies":"Book of Stabbing","floor":25,"turns":4},{"damage":38,"enemies":"Slavers","floor":27,"turns":5},{"damage":15,"enemies":"Shell Parasite","floor":29,"turns":3},{"damage":14,"enemies":"Snake Plant","floor":30,"turns":2},{"damage":28,"enemies":"downfall:FleeingMerchant","floor":31,"turns":4},{"damage":8,"enemies":"Cultist and Chosen","floor":32,"turns":2},{"damage":31,"enemies":"downfall:Ironclad","floor":33,"turns":4},{"damage":22,"enemies":"Reptomancer","floor":36,"turns":3},{"damage":14,"enemies":"3 Shapes","floor":37,"turns":5},{"damage":59,"enemies":"Giant Head","floor":38,"turns":6},{"damage":34,"enemies":"Nemesis","floor":44,"turns":4},{"damage":8,"enemies":"Orb Walker","floor":46,"turns":2},{"damage":65,"enemies":"Transient","floor":47,"turns":5},{"damage":11,"enemies":"Jaw Worm Horde","floor":48,"turns":2},{"damage":7,"enemies":"3 Darklings","floor":49,"turns":4},{"damage":67,"enemies":"downfall:Silent","floor":50,"turns":3}],"seed_played":"3100920160749415422","potions_obtained":[{"floor":3.0,"key":"Block Potion"},{"floor":6.0,"key":"ColorlessPotion"},{"floor":8.0,"key":"Block Potion"},{"floor":14.0,"key":"BlessingOfTheForge"},{"floor":15.0,"key":"ColorlessPotion"},{"floor":16.0,"key":"Regen Potion"},{"floor":25,"key":"SneckoOil"},{"floor":27,"key":"champ:OpenerPotion"},{"floor":30,"key":"champ:UltimateStancePotion"},{"floor":32,"key":"LiquidMemories"},{"floor":37,"key":"PowerPotion"}],"is_trial":false,"path_per_floor":["R","M","E","$","E","M","T","E","R","E","?","?","M","M","M","B",null,"R","$","M","?","R","E","T","E","R","E","?","M","M","$","M","B",null,"R","E","M","E","?","R","T","R","$","E","T","M","M","M","M","B",null],"character_chosen":"THE_CHAMP","items_purchased":["expansioncontent:DonusPower","champ:VampiricStrike","HandDrill","Pen Nib","champ:GladiatorsBookOfMartialProwess","champ:EndlessRage","Centennial Puzzle","Ornamental Fan","Strength Potion"],"campfire_rested":0,"item_purchase_floors":[4,31,31,31,31,31,43,43,43],"current_hp_per_floor":[90,90,90,90,75,66,66,24,24,21,21,20,21,42,57,73,94,94,95,96,96,96,97,97,98,98,99,81,100,93,102,103,104,104,104,105,106,107,107,107,107,107,107,108,108,109,110,111,112,113],"gold":184,"neow_bonus":"THREE_ENEMY_KILL","is_daily":false,"chose_seed":false,"campfire_upgraded":7,"win_rate":0.0,"timestamp":1608402689,"path_taken":["R","M","E","$","E","M","T","E","R","E","?","?","M","M","M","BOSS","R","?","M","?","R","E","T","E","R","E","?","M","M","$","M","BOSS","R","E","M","E","?","R","T","R","$","E","?","M","M","M","M","BOSS"],"items_purchased_type":["Card","Card","Relic","Relic","Relic","Card","Relic","Relic","Potion"],"build_version":"2020-12-13","purchased_purges":1,"victory":true,"max_hp_per_floor":[90,90,90,90,90,90,90,90,90,90,90,90,91,92,93,94,94,94,95,96,96,96,97,97,98,98,99,99,100,101,102,103,104,104,104,105,106,107,107,107,107,107,107,108,108,109,110,111,112,113],"card_choices":[{"not_picked":["champ:Haymaker","champ:GladiatorsShout"],"picked":"champ:Control","floor":2.0},{"not_picked":["champ:EnGarde","champ:Haymaker"],"picked":"champ:Circumvent","floor":3.0},{"not_picked":["champ:Haymaker","champ:BerserkersShout"],"picked":"champ:LastStand","floor":4.0},{"not_picked":["champ:TornadoPunch","champ:Aggression"],"picked":"champ:AdrenalArmor","floor":5.0},{"not_picked":["champ:CrookedStrike","champ:GutPunch","champ:IgnorePain"],"picked":"champ:FocusedGladiator","floor":6.0},{"not_picked":["champ:FanOfKnives","champ:MurderStrike","champ:CrookedStrike","champ:Backstep"],"picked":"SKIP","floor":8.0},{"not_picked":["champ:BringItOn","champ:Circumvent","champ:PerfectedStrike"],"picked":"champ:TornadoPunch","floor":10.0},{"not_picked":["champ:BringItOn","champ:TornadoPunch","champ:Circumvent"],"picked":"champ:VampiricStrike","floor":13.0},{"not_picked":["champ:HeartStrike","champ:StanceDance","champ:FanOfKnives","champ:Shatter"],"picked":"SKIP","floor":14.0},{"not_picked":["champ:DefensiveStyle","champ:PerfectedStrike","champ:BringItOn","champ:AdrenalArmor"],"picked":"SKIP","floor":15.0},{"not_picked":["champ:SwordThrow","champ:HeavySlash","champ:IgnorePain"],"picked":"champ:Improvising","floor":16.0},{"not_picked":["champ:BerserkersShout","champ:TornadoPunch"],"picked":"SKIP","floor":20},{"not_picked":["champ:BringItOn","champ:FanOfKnives"],"picked":"SKIP","floor":23},{"not_picked":["champ:GladiatorsShout","champ:ShieldSlam"],"picked":"SKIP","floor":25},{"not_picked":["champ:EnGarde","champ:FaceSlap+1"],"picked":"SKIP","floor":27},{"not_picked":["champ:StanceDance","champ:BerserkersShout"],"picked":"SKIP","floor":29},{"not_picked":["champ:AdrenalArmor","champ:Haymaker"],"picked":"SKIP","floor":30},{"not_picked":["champ:Shatter"],"picked":"champ:Control","floor":31},{"not_picked":["champ:DefensiveStyle"],"picked":"champ:GladiatorStyle","floor":32},{"not_picked":["champ:TornadoPunch+1"],"picked":"champ:Control","floor":36},{"not_picked":["champ:TornadoPunch+1"],"picked":"champ:DefensiveShout+1","floor":37},{"not_picked":["champ:BerserkersShout","champ:DefensiveShout"],"picked":"SKIP","floor":38},{"not_picked":["champ:BladeFlurry"],"picked":"champ:EndlessRage+1","floor":44},{"not_picked":["champ:FlashCut+1","champ:RecklessLeap+1"],"picked":"SKIP","floor":46},{"not_picked":["champ:HeavySlash"],"picked":"champ:RapidStrikes+1","floor":47},{"not_picked":["champ:FightOn","champ:Shatter+1"],"picked":"SKIP","floor":48},{"not_picked":["champ:AdrenalArmor","champ:TornadoPunch"],"picked":"SKIP","floor":49}],"player_experience":93054,"relics_obtained":[{"floor":3.0,"key":"Matryoshka"},{"floor":5.0,"key":"Question Card"},{"floor":7.0,"key":"Tiny Chest"},{"floor":7.0,"key":"Potion Belt"},{"floor":8.0,"key":"Bag of Preparation"},{"floor":10.0,"key":"sneckomod:BlankCard"},{"floor":12.0,"key":"downfall:CloakOfManyFaces"},{"floor":19,"key":"Shuriken"},{"floor":23,"key":"Pocketwatch"},{"floor":24,"key":"Mercury Hourglass"},{"floor":25,"key":"Oddly Smooth Stone"},{"floor":27,"key":"HornCleat"},{"floor":36,"key":"Anchor"},{"floor":38,"key":"CaptainsWheel"},{"floor":41,"key":"Bottled Lightning"},{"floor":44,"key":"Shovel"}],"event_choices":[{"cards_removed":["champ:Defend"],"damage_healed":0,"gold_gain":0,"player_choice":"Removed Skill","damage_taken":0,"max_hp_gain":0,"max_hp_loss":0,"event_name":"Falling","floor":39,"gold_loss":0}],"is_beta":false,"boss_relics":[{"not_picked":["Calling Bell","Astrolabe"],"picked":"Busted Crown"},{"not_picked":["SlaversCollar","SacredBark"],"picked":"Philosopher\u0027s Stone"}],"items_purged_floors":[31],"is_endless":false,"potions_floor_spawned":[3,6,8,14,15,16,25,27,30,32,37,38,46,48],"ascension_level":1}}