{"host":"y8lj6eu4rxnc2qvr","time":1608338919,"event":{"mods":["BaseMod","Downfall","Minty Spire (QoL Compilation)","StSLib"],"gold_per_floor":[99,109,136,150,250,250,304,316,347,284,310,334,496,141,161,261,261,261,281,113,113,113,113,113,113,128,53,69,79,95,95,108,108,108],"floor_reached":33,"playtime":1596,"items_purged":[],"score":284,"play_id":"a27e50c5-3490-4c10-a78a-c4eb166adf35","local_time":"20201218194839","is_ascension_mode":false,"campfire_choices":[{"data":"Guardian:TwinSlam","floor":1.0,"key":"SMITH"},{"data":"Guardian:FloatingOrbs","floor":6.0,"key":"SMITH"},{"data":"Guardian:EvasiveProtocol","floor":10.0,"key":"SMITH"},{"data":"Guardian:RevengeProtocol","floor":18,"key":"SMITH"},{"floor":25,"key":"RECALL"},{"floor":27,"key":"REST"}],"circlet_count":0,"master_deck":["Guardian:CurlUp","Guardian:TwinSlam+1","Guardian:EvasiveProtocol+1","Guardian:FloatingOrbs+1","Guardian:Suspension","Guardian:Reroute","Guardian:StasisStrike","Guardian:RevengeProtocol+1","Guardian:ShieldSpikes","Guardian:FastForward","Guardian:Harden","Guardian:CrystalBeam","Guardian:Repulse+1","Guardian:BronzeOrb","Guardian:CrystalBeam+1","Guardian:WalkerClaw"],"relics":["Guardian:ModeShifter","Ornamental Fan","downfall:HeartBlessingGreen","Bronze Scales","Pandora\u0027s Box","downfall:RedIOU","Pear","downfall:HeartBlessingRed"],"acts_visited":["Exordium","TheCity"],"potions_floor_usage":[29,30,33,33,33],"damage_taken":[{"damage":2.0,"enemies":"Jaw Worm","floor":2.0,"turns":3.0},{"damage":18.0,"enemies":"Lagavulin","floor":3.0,"turns":6.0},{"damage":0.0,"enemies":"2 Louse","floor":4.0,"turns":2.0},{"damage":0.0,"enemies":"Cultist","floor":8.0,"turns":3.0},{"damage":20.0,"enemies":"3 Sentries","floor":9.0,"turns":6.0},{"damage":0.0,"enemies":"Exordium Wildlife","floor":11.0,"turns":3.0},{"damage":0.0,"enemies":"3 Louse","floor":12.0,"turns":3.0},{"damage":2.0,"enemies":"downfall:FleeingMerchant","floor":14.0,"turns":4.0},{"damage":0.0,"enemies":"2 Fungi Beasts","floor":15.0,"turns":3.0},{"damage":12.0,"enemies":"downfall:Ironclad","floor":16.0,"turns":7.0},{"damage":0,"enemies":"3 Byrds","floor":19,"turns":2},{"damage":0,"enemies":"downfall:FleeingMerchant","floor":20,"turns":4},{"damage":14,"enemies":"Spheric Guardian","floor":26,"turns":5},{"damage":24,"enemies":"Snecko","floor":28,"turns":5},{"damage":13,"enemies":"Sentry and Sphere","floor":29,"turns":5},{"damage":0,"enemies":"Chosen and Byrds","floor":30,"turns":4},{"damage":8,"enemies":"Shelled Parasite and Fungi","floor":32,"turns":3},{"damage":61,"enemies":"downfall:Watcher","floor":33,"turns":6}],"seed_played":"-1346382116997768294","potions_obtained":[{"floor":2.0,"key":"Strength Potion"},{"floor":4.0,"key":"Ancient Potion"},{"floor":11.0,"key":"DuplicationPotion"},{"floor":16.0,"key":"Fruit Juice"},{"floor":29,"key":"Swift Potion"},{"floor":30,"key":"SkillPotion"},{"floor":32,"key":"SneckoOil"}],"is_trial":false,"path_per_floor":["R","M","E","M","?","R","T","M","E","R","M","M","?","$","M","B",null,"R","M","$","?","?","?","T","R","M","R","M","M","M","?","M","B"],"character_chosen":"GUARDIAN","items_purchased":["Guardian:StasisStrike","Bronze Scales","Guardian:Gem_Red","Guardian:Harden","Guardian:CrystalBeam","Guardian:Gem_Lightblue"],"campfire_rested":1,"item_purchase_floors":[14,14,14,20,20,20],"current_hp_per_floor":[88,86,68,68,68,68,68,68,48,48,48,48,48,46,46,34,88,88,88,88,71,71,71,81,81,67,97,73,65,65,65,57,0,0],"gold":108,"neow_bonus":"TEN_PERCENT_HP_BONUS","is_daily":false,"chose_seed":false,"campfire_upgraded":4,"win_rate":0.0,"timestamp":1608338919,"path_taken":["R","M","E","M","?","R","T","M","E","R","M","M","?","$","M","BOSS","R","M","?","?","?","?","T","R","M","R","M","M","?","?","M","BOSS"],"items_purchased_type":["Card","Relic","Card","Card","Card","Card"],"build_version":"2020-12-13","purchased_purges":0,"victory":false,"max_hp_per_floor":[88,88,88,88,88,88,88,88,88,88,88,88,88,88,88,88,88,88,88,88,93,93,93,103,103,103,103,103,108,108,108,108,108,108],"card_choices":[{"not_picked":["Guardian:Reroute","Guardian:Clone"],"picked":"Guardian:EvasiveProtocol","floor":2.0},{"not_picked":["Guardian:Clone","Guardian:Planning"],"picked":"Guardian:Gem_Green","floor":3.0},{"not_picked":["Guardian:Suspension","Guardian:MultiBeam"],"picked":"Guardian:FloatingOrbs","floor":4.0},{"not_picked":["Guardian:TemporalShield","Guardian:Incinerate"],"picked":"Guardian:Gem_Red","floor":8.0},{"not_picked":["Guardian:PiercingHide","Guardian:TemporalStrike"],"picked":"Guardian:Gem_Fragmented","floor":9.0},{"not_picked":["Guardian:Gem_Lightblue","Guardian:TemporalShield","Guardian:TimeCapacitor"],"picked":"SKIP","floor":11.0},{"not_picked":["Guardian:BronzeOrb","Guardian:WalkerClaw"],"picked":"Guardian:Suspension","floor":12.0},{"not_picked":["Guardian:Suspension","Guardian:PolyBeam"],"picked":"Guardian:Reroute","floor":14.0},{"not_picked":["Guardian:SentryBeam","Guardian:Planning"],"picked":"Guardian:MultiBeam","floor":15.0},{"not_picked":["Guardian:Gem_Orange","Guardian:SphericShield"],"picked":"Guardian:RevengeProtocol","floor":16.0},{"not_picked":["Guardian:Gem_White","Guardian:FloatingOrbs"],"picked":"Guardian:ShieldSpikes","floor":19},{"not_picked":["Guardian:TemporalStrike","Guardian:GuardianWhirl+1"],"picked":"Guardian:FastForward","floor":20},{"not_picked":["Guardian:TemporalStrike","Guardian:Incinerate"],"picked":"Guardian:Repulse+1","floor":26},{"not_picked":["Guardian:Gem_Blue","Guardian:Suspension+1","Guardian:Gem_Red"],"picked":"SKIP","floor":28},{"not_picked":["Guardian:Clone+1","Guardian:Preprogram+1"],"picked":"Guardian:BronzeOrb","floor":29},{"not_picked":["Guardian:SpikerProtocol","Guardian:Recover"],"picked":"Guardian:CrystalBeam+1","floor":30},{"not_picked":["Guardian:Gem_Green","Guardian:Recover"],"picked":"Guardian:WalkerClaw","floor":32}],"player_experience":39624,"relics_obtained":[{"floor":3.0,"key":"Ornamental Fan"},{"floor":7.0,"key":"Whetstone"},{"floor":9.0,"key":"MawBank"},{"floor":24,"key":"Pear"}],"event_choices":[{"cards_removed":["Guardian:Gem_Fragmented"],"damage_healed":0,"gold_gain":0,"player_choice":"Elegance","damage_taken":0,"max_hp_gain":0,"max_hp_loss":0,"event_name":"Back to Basics","floor":23,"gold_loss":0}],"is_beta":false,"boss_relics":[{"not_picked":["SlaversCollar","Runic Dome"],"picked":"Pandora\u0027s Box"}],"items_purged_floors":[],"is_endless":false,"potions_floor_spawned":[2,4,11,16,29,30,32],"killed_by":"downfall:Watcher","ascension_level":0}}