{"host":"qwv9nni2x0umspiu","time":1608356786,"event":{"mods":["BaseMod","Downfall","Minty Spire (QoL Compilation)","Replay The Spire","StSLib","The Hierophant","Wandering Minibosses"],"gold_per_floor":[109,109,109,125,50,50,83,95,95,68,78,78,78,94,94,173,173,192,206,106,117,172,162,87,106,106,133,133,133,145,162,162,239,239,259,43,63,73,89,121,168,173,173,173,204,221,249,262,262,262,262,262,262,212,245,225,225],"floor_reached":56,"playtime":2140,"items_purged":["hierophant:Strike_Hierophant","hierophant:Defend_Hierophant","hierophant:Strike_Hierophant","hierophant:Defend_Hierophant"],"score":1562,"play_id":"b62b0239-1ae7-4dca-9af2-fbd8e7f2297c","local_time":"20201218214626","is_ascension_mode":true,"campfire_choices":[{"data":"hierophant:ChurchCoffers","floor":6.0,"key":"SMITH"},{"data":"hierophant:Upheaval","floor":12.0,"key":"SMITH"},{"data":"hierophant:HammerAndAnvil","floor":15.0,"key":"SMITH"},{"data":"hierophant:Exaltation","floor":28,"key":"SMITH"},{"floor":32,"key":"REST"},{"data":"hierophant:MirrorShield","floor":44,"key":"SMITH"},{"floor":49,"key":"RECALL"},{"data":"hierophant:Encroach","floor":53,"key":"SMITH"}],"circlet_count":0,"master_deck":["AscendersBane","hierophant:Strike_Hierophant","hierophant:Punish+1","hierophant:Defend_Hierophant","hierophant:ChurchCoffers+1","hierophant:Shelter+1","hierophant:HammerAndAnvil+1","hierophant:HammerAndAnvil+1","hierophant:Smite","hierophant:SealAway","hierophant:Upheaval+1","hierophant:Zeal","hierophant:Exaltation+1","hierophant:Alms","hierophant:Determination","hierophant:DivineIntervention","hierophant:MirrorShield+1","hierophant:Encroach+1","hierophant:Racketeering","hierophant:Repentance+1","hierophant:MirrorShield+1"],"relics":["hierophant:PropheticMaskRelic","NeowsBlessing","Prayer Wheel","Gambling Chip","SlaversCollar","Juzu Bracelet","Blue Doll","Smiling Mask","Oddly Smooth Stone","Philosopher\u0027s Stone","ClockworkSouvenir","Lantern","Calipers","Thread and Needle","Mummified Hand","War Paint","Ginger","Gremlin Horn"],"acts_visited":["Exordium","TheCity","TheBeyond","TheEnding"],"potions_floor_usage":[45,47,56,56],"damage_taken":[{"damage":0.0,"enemies":"2 Louse","floor":1.0,"turns":1.0},{"damage":0.0,"enemies":"Jaw Worm","floor":4.0,"turns":1.0},{"damage":0.0,"enemies":"3 Sentries","floor":7.0,"turns":2.0},{"damage":6.0,"enemies":"Cultist","floor":8.0,"turns":4.0},{"damage":0.0,"enemies":"Looter","floor":10.0,"turns":2.0},{"damage":0.0,"enemies":"Blue Slaver","floor":11.0,"turns":2.0},{"damage":5.0,"enemies":"Exordium Thugs","floor":14.0,"turns":2.0},{"damage":0.0,"enemies":"Slime Boss","floor":16.0,"turns":4.0},{"damage":0.0,"enemies":"Shell Parasite","floor":18.0,"turns":1.0},{"damage":0.0,"enemies":"Spheric Guardian","floor":19.0,"turns":1.0},{"damage":0.0,"enemies":"Centurion and Healer","floor":21.0,"turns":1.0},{"damage":12.0,"enemies":"Snake Plant","floor":23.0,"turns":2.0},{"damage":12.0,"enemies":"Chosen and Byrds","floor":25.0,"turns":3.0},{"damage":0,"enemies":"Slavers","floor":27,"turns":1},{"damage":26,"enemies":"Replay:Snechameleon","floor":30,"turns":4},{"damage":0,"enemies":"Snecko","floor":31,"turns":1},{"damage":30,"enemies":"Collector","floor":33,"turns":6},{"damage":4,"enemies":"Orb Walker","floor":35,"turns":3},{"damage":0,"enemies":"3 Darklings","floor":37,"turns":1},{"damage":0,"enemies":"Sphere and 2 Shapes","floor":38,"turns":1},{"damage":0,"enemies":"Jaw Worm Horde","floor":39,"turns":1},{"damage":0,"enemies":"Giant Head","floor":40,"turns":2},{"damage":12,"enemies":"2 Orb Walkers","floor":41,"turns":2},{"damage":0,"enemies":"Mind Bloom Boss Battle","floor":42,"turns":2},{"damage":0,"enemies":"Nemesis","floor":45,"turns":1},{"damage":0,"enemies":"3 Darklings","floor":46,"turns":1},{"damage":0,"enemies":"Giant Head","floor":47,"turns":1},{"damage":0,"enemies":"Writhing Mass","floor":48,"turns":1},{"damage":0,"enemies":"Time Eater","floor":50,"turns":3},{"damage":0,"enemies":"Replay:Hell Engine","floor":51,"turns":1},{"damage":0,"enemies":"Shield and Spear","floor":55,"turns":1},{"damage":78,"enemies":"The Heart","floor":56,"turns":6}],"seed_played":"-7812701161175882223","potions_obtained":[{"floor":4.0,"key":"Milkshake"},{"floor":7.0,"key":"CultistPotion"},{"floor":16.0,"key":"FairyPotion"},{"floor":30,"key":"Strength Potion"},{"floor":33,"key":"LifebloodPotion"},{"floor":40,"key":"SkillPotion"},{"floor":42,"key":"Adrenaline Potion"},{"floor":45,"key":"hexamod:EctoCoolerPotion"},{"floor":47,"key":"Block Potion"}],"is_trial":false,"path_per_floor":["M","?","?","M","$","R","E","M","T","M","M","R","$","M","R","B",null,"M","M","$","M","?","M","?","M","T","E","R","?","E","M","R","B",null,"M","$","M","M","M","E","?","?","T","R","E","M","E","M","R","B","B",null,"R","$","E","B"],"character_chosen":"HIEROPHANT","items_purchased":["ClockworkSouvenir"],"campfire_rested":1,"item_purchase_floors":[36],"current_hp_per_floor":[68,45,45,45,45,45,45,39,39,39,39,39,39,34,34,34,65,65,65,65,65,41,29,29,17,17,17,17,17,15,15,37,7,58,75,75,75,75,75,75,63,63,63,63,63,63,63,63,63,75,75,75,75,75,75,0,0],"gold":225,"neow_bonus":"THREE_ENEMY_KILL","is_daily":false,"chose_seed":false,"campfire_upgraded":6,"win_rate":0.0,"timestamp":1608356786,"path_taken":["M","?","?","M","$","R","E","M","T","M","?","R","$","M","R","BOSS","M","M","$","M","?","M","?","M","T","E","R","?","E","M","R","BOSS","M","$","M","M","M","E","?","?","T","R","E","M","E","M","R","BOSS","BOSS","R","$","E","BOSS"],"items_purchased_type":["Relic"],"build_version":"2020-12-13","purchased_purges":4,"victory":false,"max_hp_per_floor":[75,75,75,75,75,75,75,75,75,75,75,75,75,75,75,75,75,75,75,75,75,75,75,75,75,75,75,75,75,75,75,75,75,75,75,75,75,75,75,75,75,75,75,75,75,75,75,75,75,75,75,75,75,75,75,75,75],"card_choices":[{"not_picked":["hierophant:Encroach","hierophant:AuricBeam"],"picked":"hierophant:Shelter","floor":1.0},{"not_picked":["hierophant:ArchangelShield","hierophant:Dazzle"],"picked":"hierophant:HammerAndAnvil","floor":4.0},{"not_picked":["hierophant:MorningPrayer","hierophant:Determination"],"picked":"hierophant:HammerAndAnvil","floor":7.0},{"not_picked":["hierophant:Remorse","hierophant:Encroach","hierophant:MorningPrayer"],"picked":"SKIP","floor":8.0},{"not_picked":["hierophant:CursedGold","hierophant:Patience","hierophant:Martyrdom"],"picked":"SKIP","floor":8.0},{"not_picked":["hierophant:ThreeLashes","hierophant:OrnateBuckler"],"picked":"hierophant:Smite","floor":10.0},{"not_picked":["hierophant:Patience","hierophant:RecallFunds"],"picked":"hierophant:SealAway","floor":10.0},{"not_picked":["hierophant:Purify","hierophant:ArchangelShield"],"picked":"hierophant:Upheaval","floor":11.0},{"not_picked":["hierophant:RustyCrate","hierophant:Shelter","hierophant:Purify"],"picked":"SKIP","floor":11.0},{"not_picked":["hierophant:AuricBeam","hierophant:PassingBell"],"picked":"hierophant:Zeal","floor":14.0},{"not_picked":["hierophant:Doubloon","hierophant:Doomsaying","hierophant:Repentance"],"picked":"SKIP","floor":14.0},{"not_picked":["hierophant:PassingBell","hierophant:SealAway","hierophant:FlamingChariot"],"picked":"SKIP","floor":18.0},{"not_picked":["hierophant:RepressedViolence","hierophant:FlamingChariot","hierophant:ThreeLashes"],"picked":"SKIP","floor":18.0},{"not_picked":["hierophant:SealAway","hierophant:TollTheBells","hierophant:DeathKnell"],"picked":"SKIP","floor":19.0},{"not_picked":["hierophant:AuricBeam","hierophant:Smite+1","hierophant:Zeal"],"picked":"SKIP","floor":19.0},{"not_picked":["hierophant:HammerAndAnvil","hierophant:Rebuild+1","hierophant:HolyVerse"],"picked":"SKIP","floor":21.0},{"not_picked":["hierophant:Charity","hierophant:Zeal","hierophant:Smite"],"picked":"SKIP","floor":21.0},{"not_picked":["hierophant:DisplayOfPower","hierophant:RustyCrate"],"picked":"hierophant:Exaltation","floor":22.0},{"not_picked":["hierophant:SecretStash","hierophant:Remorse","hierophant:MorningPrayer"],"picked":"SKIP","floor":23.0},{"not_picked":["hierophant:OrnateJavelin","hierophant:Encroach","hierophant:HolyVerse"],"picked":"SKIP","floor":23.0},{"not_picked":["hierophant:PassingBell","hierophant:FieryStrike"],"picked":"hierophant:Alms","floor":25.0},{"not_picked":["hierophant:Patience","hierophant:ConvertCurrency"],"picked":"hierophant:Determination","floor":25.0},{"not_picked":["hierophant:Zeal","hierophant:HammerAndAnvil+1"],"picked":"hierophant:DivineIntervention","floor":27},{"not_picked":["hierophant:SolarFlare","hierophant:Embezzle+1","hierophant:HammerAndAnvil"],"picked":"SKIP","floor":30},{"not_picked":["hierophant:Martyrdom","hierophant:Shelter+1"],"picked":"hierophant:MirrorShield","floor":31},{"not_picked":["hierophant:PassingBell+1","hierophant:Sermon","hierophant:FieryStrike+1"],"picked":"SKIP","floor":31},{"not_picked":["hierophant:Doomsaying+1","hierophant:Doubloon"],"picked":"hierophant:Encroach","floor":35},{"not_picked":["hierophant:AuricBeam","hierophant:Alms","hierophant:FlamingChariot"],"picked":"SKIP","floor":35},{"not_picked":["hierophant:Doubloon+1","hierophant:SolarFlare"],"picked":"hierophant:Racketeering","floor":37},{"not_picked":["hierophant:Zeal","hierophant:CoinFling+1","hierophant:PassingBell"],"picked":"SKIP","floor":37},{"not_picked":["hierophant:SealAway","hierophant:Encroach","hierophant:RustyCrate"],"picked":"SKIP","floor":38},{"not_picked":["hierophant:MorningPrayer","hierophant:SealAway","hierophant:Sermon"],"picked":"SKIP","floor":38},{"not_picked":["hierophant:SealAway","hierophant:Encroach","hierophant:RustyCrate"],"picked":"SKIP","floor":38},{"not_picked":["hierophant:MorningPrayer","hierophant:SealAway","hierophant:Sermon"],"picked":"SKIP","floor":38},{"not_picked":["hierophant:MintersHammer","hierophant:Purify+1","hierophant:Endure"],"picked":"SKIP","floor":39},{"not_picked":["hierophant:FieryStrike","hierophant:Refuge","hierophant:HammerAndAnvil"],"picked":"SKIP","floor":39},{"not_picked":["hierophant:DisplayOfPower","hierophant:HolyVerse"],"picked":"hierophant:Repentance","floor":40},{"not_picked":["hierophant:SealAway","hierophant:DisplayOfPower"],"picked":"hierophant:MirrorShield+1","floor":42},{"not_picked":["hierophant:Determination","hierophant:CoinFling","hierophant:Chorus"],"picked":"SKIP","floor":45},{"not_picked":["hierophant:OrnateJavelin","hierophant:PassingBell","hierophant:Doomsaying"],"picked":"SKIP","floor":46},{"not_picked":["hierophant:RepressedViolence","hierophant:Bribe+1","hierophant:Dazzle"],"picked":"SKIP","floor":46},{"not_picked":["hierophant:Bribe+1","hierophant:Charity","hierophant:PassingBell+1"],"picked":"SKIP","floor":47},{"not_picked":["hierophant:TollTheBells","hierophant:OrnateBuckler+1","hierophant:OrnateJavelin"],"picked":"SKIP","floor":48},{"not_picked":["hierophant:ThreeLashes+1","hierophant:Zeal","hierophant:RecallFunds"],"picked":"SKIP","floor":48},{"not_picked":["hierophant:AuricBeam","hierophant:TollTheBells","hierophant:ConvertCurrency+1"],"picked":"SKIP","floor":55}],"player_experience":1272639,"relics_obtained":[{"floor":7.0,"key":"Prayer Wheel"},{"floor":9.0,"key":"Gambling Chip"},{"floor":22.0,"key":"Juzu Bracelet"},{"floor":27,"key":"Blue Doll"},{"floor":30,"key":"Oddly Smooth Stone"},{"floor":40,"key":"Lantern"},{"floor":41,"key":"Calipers"},{"floor":42,"key":"Thread and Needle"},{"floor":43,"key":"Mummified Hand"},{"floor":45,"key":"War Paint"},{"floor":47,"key":"Ginger"},{"floor":55,"key":"Gremlin Horn"}],"event_choices":[{"damage_healed":0.0,"max_hp_gain":0.0,"max_hp_loss":0.0,"gold_gain":0.0,"event_name":"Shining Light","player_choice":"Entered Light","floor":2.0,"gold_loss":0.0,"damage_taken":23.0,"cards_upgraded":["hierophant:Punish","hierophant:Shelter"]},{"cards_removed":["hierophant:Defend_Hierophant"],"damage_healed":0.0,"max_hp_gain":0.0,"max_hp_loss":0.0,"gold_gain":0.0,"event_name":"Bonfire Elementals","player_choice":"Offered Basic","floor":3.0,"gold_loss":0.0,"damage_taken":0.0},{"cards_removed":["hierophant:Strike_Hierophant"],"damage_healed":0.0,"max_hp_gain":0.0,"max_hp_loss":0.0,"gold_gain":0.0,"event_name":"Beggar","player_choice":"Gave Gold","floor":24.0,"gold_loss":75.0,"damage_taken":0.0},{"damage_healed":0,"gold_gain":0,"player_choice":"Gave Potion","damage_taken":0,"relics_obtained":["Smiling Mask"],"max_hp_gain":0,"max_hp_loss":0,"event_name":"WeMeetAgain","floor":29,"gold_loss":0},{"damage_healed":0,"gold_gain":0,"player_choice":"Fight","damage_taken":0,"max_hp_gain":0,"max_hp_loss":0,"event_name":"Mysterious Sphere","floor":41,"gold_loss":0},{"damage_healed":0,"gold_gain":0,"player_choice":"Fight","damage_taken":0,"max_hp_gain":0,"max_hp_loss":0,"event_name":"MindBloom","floor":42,"gold_loss":0}],"is_beta":false,"boss_relics":[{"not_picked":["Honey Jar","Replay:Drink Me"],"picked":"SlaversCollar"},{"not_picked":["ReplayTheSpireMod:DimensionalGlitch","ChewingGum"],"picked":"Philosopher\u0027s Stone"}],"items_purged_floors":[5,20,36,54],"is_endless":false,"potions_floor_spawned":[4,7,16,21,27,30,33,40,42,45,46,47,55],"killed_by":"The Heart","ascension_level":20}}