{"host":"fo1pcjb7ykmk7tjo","time":1608390508,"event":{"mods":["BaseMod","Colored Map","Downfall","Hermit","Hubris","Infinite Spire","Marisa????????","Minty Spire (QoL Compilation)","Replay The Spire","StSLib","The Disciple","The Servant 0.9.4"],"gold_per_floor":[113,113,288,3,3,3,14,45,68,68,18,48,10,30,30,104,104,104,104],"floor_reached":18,"playtime":573,"items_purged":["Doubt"],"score":325,"play_id":"d08ff7df-730a-427d-b045-f6f5dd9d316e","local_time":"20201219160828","is_ascension_mode":true,"campfire_choices":[{"data":"Neutralize","floor":6,"key":"SMITH"},{"floor":10,"key":"RECALL"},{"data":"Survivor","floor":15,"key":"SMITH"}],"circlet_count":0,"master_deck":["AscendersBane","Strike_R","Defend_R","Defend_R","Defend_R+1","Defend_R+1","Survivor+1","Neutralize+1","Iron Wave+1","ReplayTheSpireMod:LeadingStrike+1","Thunderclap+1","Feed+1","Berserk+1","Blood for Blood+1","Corruption+1"],"relics":["Burning Blood","NeowsBlessing","Membership Card","Molten Egg 2","Potion Belt","Toy Ornithopter","War Paint","ReplayTheSpireMod:Lightbulb","Astrolabe"],"acts_visited":["Exordium","TheCity"],"potions_floor_usage":[16],"damage_taken":[{"damage":0.0,"enemies":"Small Slimes","floor":1.0,"turns":1.0},{"damage":0,"enemies":"2 Louse","floor":7,"turns":1},{"damage":0,"enemies":"3 Sentries","floor":8,"turns":2},{"damage":52,"enemies":"Lagavulin","floor":12,"turns":16},{"damage":0,"enemies":"Cultist","floor":14,"turns":4},{"damage":37,"enemies":"The Guardian","floor":16,"turns":17},{"damage":0,"enemies":"2 Thieves","floor":18,"turns":1}],"seed_played":"-6106114433387928231","potions_obtained":[{"floor":12,"key":"DuplicationPotion"},{"floor":14,"key":"FairyPotion"},{"floor":16,"key":"BloodPotion"}],"is_trial":false,"path_per_floor":["M","?","?","$","?","R","M","E","T","R","?","E","$","M","R","B",null,"M"],"character_chosen":"IRONCLAD","items_purchased":["Membership Card","Molten Egg 2"],"campfire_rested":0,"item_purchase_floors":[4,4],"current_hp_per_floor":[74,74,74,74,74,74,75,75,75,75,75,29,29,35,35,9,59,59,59],"gold":104,"neow_bonus":"THREE_ENEMY_KILL","is_daily":false,"chose_seed":false,"campfire_upgraded":2,"win_rate":0.0,"timestamp":1608390508,"path_taken":["M","?","?","$","?","R","M","E","T","R","?","E","$","M","R","BOSS","M"],"items_purchased_type":["Relic","Relic"],"build_version":"2020-12-13","purchased_purges":1,"victory":false,"max_hp_per_floor":[75,75,75,75,75,75,75,75,75,75,75,75,75,75,75,75,75,75,75],"card_choices":[{"not_picked":["hubris:CleavingFinish","Wild Strike","Heavy Blade"],"picked":"SKIP","floor":1.0},{"not_picked":["Perfected Strike+1","Thunderclap+1"],"picked":"Iron Wave+1","floor":7},{"not_picked":["hubris:SharpeningStone","Sentinel","Second Wind"],"picked":"SKIP","floor":8},{"not_picked":["Dual Wield","Rupture"],"picked":"ReplayTheSpireMod:LeadingStrike+1","floor":12},{"not_picked":["Heavy Blade+1","Twin Strike+1"],"picked":"Thunderclap+1","floor":14},{"not_picked":["Replay:Many Hands","hubris:StunningStrike+1"],"picked":"Feed+1","floor":16}],"player_experience":162336,"relics_obtained":[{"floor":8,"key":"Potion Belt"},{"floor":9,"key":"Toy Ornithopter"},{"floor":12,"key":"ReplayTheSpireMod:Lightbulb"}],"event_choices":[{"damage_healed":0.0,"max_hp_gain":0.0,"max_hp_loss":0.0,"gold_gain":175.0,"event_name":"Liars Game","player_choice":"AGREE","floor":3.0,"gold_loss":0.0,"damage_taken":0.0,"cards_obtained":["Doubt"]},{"damage_healed":0,"gold_gain":0,"player_choice":"Paid Gold","damage_taken":0,"relics_obtained":["War Paint"],"max_hp_gain":0,"max_hp_loss":0,"event_name":"WeMeetAgain","floor":11,"gold_loss":50}],"is_beta":false,"boss_relics":[{"not_picked":["Replay:Wanted Poster","Tiny House"],"picked":"Astrolabe"}],"items_purged_floors":[13],"is_endless":false,"potions_floor_spawned":[12,14,16],"killed_by":"2 Thieves","ascension_level":14}}