{"host":"gcl3kjho9wmyw479","time":1608361251,"event":{"mods":["Act Like it!","BaseMod","Better Note","Minty Spire (QoL Compilation)","Permanent Neow","Quick Restart","Replay The Spire","Shop Mod","StSLib","SuperFastMode","Wandering Minibosses"],"gold_per_floor":[409,334,65,65,165,191,191,191,191,224,296,323,323,423,423,527,527,542,406,406,406,506,537,571,604,604,632,359,359,394,157,157,258,258,269,68,68,168,91,117,136,165,165,165,165,195,228,228,228,228,228,228,85,117,117],"floor_reached":56,"playtime":2801,"items_purged":["Go for the Eyes","Go for the Eyes","Steam","Coolheaded+1","Panic Button"],"score":1801,"play_id":"052e2308-7868-415c-9ef9-d53e6785811c","local_time":"20201219020051","daily_mods":["SealedDeck","Heirloom","Flight","DeadlyEvents","Elite Swarm"],"is_ascension_mode":true,"campfire_choices":[{"data":"Gash","floor":7,"key":"SMITH"},{"data":"Chill","floor":8,"key":"SMITH"},{"floor":13,"key":"REST"},{"data":"Sweeping Beam","floor":15,"key":"PURGE"},{"floor":29,"key":"RECALL"},{"data":"Steam","floor":32,"key":"SMITH"},{"data":"Pot Of Greed","floor":49,"key":"PURGE"},{"data":"Beam Cell","floor":52,"key":"SMITH"}],"circlet_count":0,"master_deck":["Go for the Eyes","Beam Cell+1","Gash+1","Steam+1","Chill+1","Core Surge","Cold Snap+1","Defragment+1","Core Surge"],"relics":["Cracked Core","Ring of Chaos","Old Coin","Membership Card","ReplayTheSpireMod:TigerMarble","Ice Cream","Regal Pillow","Blue Doll","ReplayTheSpireMod:Shallot","Unceasing Top","Runic Pyramid","Medical Kit","Ancient Tea Set","Peace Pipe","Gremlin Horn","ReplayTheSpireMod:Ninjato","Tiny Chest","Incense Burner","ReplayFunnel","Letter Opener","Bag of Marbles","Boot","Divine Protection","SacredBark","Sling","Onion Ring","MerchantsRug","Sundial","Strawberry","Frozen Egg 2","Akabeko","Orichalcum","Thread and Needle","Carrot"],"acts_visited":["Exordium","TheCity","TheBeyond","TheEnding"],"potions_floor_usage":[12,18,18,55,55,55],"damage_taken":[{"damage":0,"enemies":"Cultist","floor":1,"turns":3},{"damage":44,"enemies":"3 Sentries","floor":6,"turns":10},{"damage":0,"enemies":"Lagavulin","floor":10,"turns":5},{"damage":13,"enemies":"Gremlin Nob","floor":12,"turns":5},{"damage":53,"enemies":"Fading Forest","floor":16,"turns":11},{"damage":0,"enemies":"Chosen","floor":18,"turns":4},{"damage":0,"enemies":"Colosseum Slavers","floor":22,"turns":2},{"damage":0,"enemies":"Colosseum Nobs","floor":22,"turns":2},{"damage":0,"enemies":"Gremlin Leader","floor":23,"turns":1},{"damage":0,"enemies":"Slavers","floor":24,"turns":1},{"damage":0,"enemies":"Book of Stabbing","floor":25,"turns":2},{"damage":0,"enemies":"Gremlin Leader","floor":27,"turns":1},{"damage":0,"enemies":"Replay:Snechameleon","floor":30,"turns":1},{"damage":0,"enemies":"Pondfish","floor":33,"turns":2},{"damage":0,"enemies":"3 Shapes","floor":35,"turns":1},{"damage":0,"enemies":"R_Hoarder","floor":40,"turns":7},{"damage":0,"enemies":"3 Darklings","floor":41,"turns":1},{"damage":0,"enemies":"Giant Head","floor":42,"turns":1},{"damage":0,"enemies":"Nemesis","floor":46,"turns":1},{"damage":0,"enemies":"R_Hoarder","floor":47,"turns":6},{"damage":0,"enemies":"Donu and Deca","floor":50,"turns":1},{"damage":0,"enemies":"Shield and Spear","floor":54,"turns":1},{"damage":0,"enemies":"The Heart","floor":55,"turns":4}],"seed_played":"1317904229581537351","potions_obtained":[{"floor":1,"key":"BlessingOfTheForge"},{"floor":16,"key":"EntropicBrew"},{"floor":23,"key":"FairyPotion"},{"floor":27,"key":"Strength Potion"},{"floor":54,"key":"Toxic Potion"}],"is_trial":true,"path_per_floor":["M","$","$","WH","WH","E","R","R","T","E","T","E","R","WH","R","B",null,"M","$","WH","WH","WH","E","E","E","T","E","$","R","E","$","R","B",null,"M","$","$","WH","$","E","M","E","T","?","WH","E","E","WH","R","B",null,"R","$","E","B",null],"character_chosen":"DEFECT","items_purchased":["Chill","Membership Card","Medical Kit","Letter Opener","Bag of Marbles","Elixir","Divine Protection","Sling","Onion Ring","MerchantsRug","Thread and Needle","Defragment+1"],"campfire_rested":1,"item_purchase_floors":[3,3,19,28,28,31,31,36,36,39,53,53],"current_hp_per_floor":[75,75,75,75,75,31,31,31,31,31,31,18,55,55,55,34,75,75,75,75,75,75,75,75,75,75,75,75,75,75,75,75,75,75,75,75,75,75,75,75,75,82,82,82,82,82,82,90,90,90,90,90,90,90,90],"gold":117,"neow_bonus":"TEN_PERCENT_HP_BONUS","is_daily":false,"chose_seed":false,"campfire_upgraded":4,"win_rate":0.0,"timestamp":1608361251,"path_taken":["M","$","$","WH","WH","E","R","R","T","E","?","E","R","WH","R","BOSS","M","$","WH","WH","WH","E","E","E","T","E","?","R","E","$","R","BOSS","M","$","$","WH","$","E","M","E","T","?","WH","E","E","WH","R","BOSS","R","$","E","BOSS"],"items_purchased_type":["Card","Relic","Relic","Relic","Relic","Potion","Relic","Relic","Relic","Relic","Relic","Card"],"build_version":"2020-12-13","purchased_purges":5,"victory":true,"max_hp_per_floor":[75,75,75,75,75,75,75,75,75,75,75,75,75,75,75,75,75,75,75,75,75,75,75,75,75,75,75,75,75,75,75,75,75,75,75,75,75,75,75,75,75,82,82,82,82,82,82,90,90,90,90,90,90,90,90],"card_choices":[{"not_picked":["Ball Lightning","Rebound","Turbo"],"picked":"SKIP","floor":1},{"not_picked":["Amplify","Meteor Strike","ReplayTheSpireMod:Fabricate Wheel"],"picked":"SKIP","floor":6},{"not_picked":["Thunder Strike","Echo Form","Rainbow"],"picked":"SKIP","floor":10},{"not_picked":["All For One","Electrodynamics"],"picked":"Core Surge","floor":12},{"not_picked":["Time Bomb","ReplayTheSpireMod:Reroute Power+1"],"picked":"Chill","floor":18},{"not_picked":["Core Surge","Mirror Shield","Multi-Cast"],"picked":"SKIP","floor":23},{"not_picked":["Biased Cognition","Hyperbeam","Amplify"],"picked":"SKIP","floor":24},{"not_picked":["Amplify","Creative AI","Electrodynamics"],"picked":"SKIP","floor":25},{"not_picked":["Seek","Echo Form","Fission"],"picked":"SKIP","floor":27},{"not_picked":["Seek","Fission","All For One"],"picked":"SKIP","floor":30},{"not_picked":["Chill+1","Reinforced Body+1"],"picked":"Cold Snap+1","floor":35},{"not_picked":["Meteor Strike","ReplayTheSpireMod:Omega Cannon","Electrodynamics"],"picked":"SKIP","floor":40},{"not_picked":["Meteor Strike","ReplayTheSpireMod:Omega Cannon","Electrodynamics"],"picked":"SKIP","floor":40},{"not_picked":["ReplayTheSpireMod:Repulse+1","Storm","Genetic Algorithm+1"],"picked":"SKIP","floor":41},{"not_picked":["Thunder Strike","ReplayTheSpireMod:Omega Cannon","Meteor Strike"],"picked":"SKIP","floor":42},{"not_picked":["Meteor Strike","Amplify","Hyperbeam"],"picked":"SKIP","floor":46},{"not_picked":["Echo Form+1","Fission","Buffer+1"],"picked":"SKIP","floor":47},{"not_picked":["ReplayRNGCard","Amplify"],"picked":"Core Surge","floor":54}],"player_experience":409008,"relics_obtained":[{"floor":6,"key":"Ice Cream"},{"floor":9,"key":"Regal Pillow"},{"floor":10,"key":"Blue Doll"},{"floor":11,"key":"ReplayTheSpireMod:Shallot"},{"floor":12,"key":"Unceasing Top"},{"floor":22,"key":"Peace Pipe"},{"floor":22,"key":"Gremlin Horn"},{"floor":23,"key":"ReplayTheSpireMod:Ninjato"},{"floor":24,"key":"Tiny Chest"},{"floor":25,"key":"Incense Burner"},{"floor":27,"key":"ReplayFunnel"},{"floor":30,"key":"Boot"},{"floor":40,"key":"Sundial"},{"floor":42,"key":"Strawberry"},{"floor":43,"key":"Frozen Egg 2"},{"floor":46,"key":"Orichalcum"},{"floor":47,"key":"Grinning Jar"},{"floor":54,"key":"Carrot"}],"event_choices":[{"damage_healed":0,"gold_gain":0,"player_choice":"Fight","damage_taken":0,"max_hp_gain":0,"max_hp_loss":0,"event_name":"Colosseum","floor":22,"gold_loss":0},{"damage_healed":0,"gold_gain":0,"player_choice":"Fought Nobs","damage_taken":0,"max_hp_gain":0,"max_hp_loss":0,"event_name":"Colosseum","floor":22,"gold_loss":0},{"cards_removed":["Chill"],"damage_healed":0,"gold_gain":0,"player_choice":"Offered Uncommon","damage_taken":0,"max_hp_gain":0,"max_hp_loss":0,"event_name":"Bonfire Elementals","floor":44,"gold_loss":0}],"is_beta":false,"boss_relics":[{"not_picked":["Sozu","SlaversCollar"],"picked":"Runic Pyramid"},{"not_picked":["Replay:Ancient Bell","Ring of Chaos"],"picked":"SacredBark"}],"items_purged_floors":[2,3,19,28,31],"is_endless":false,"potions_floor_spawned":[1,16,23,24,27,33,40,42,54],"ascension_level":4}}