{"host":"q9718omregw4er46","time":1608367051,"event":{"mods":["BaseMod","Bestiary","Colored Powertips","Minty Spire (QoL Compilation)","Quick Restart","Relic Stats"],"gold_per_floor":[114,289,97,112,127,127,170,170,170,185,215,28,58,73,73,173,173,188,38,53,68,83,83,113,212,212,242,257,257,287,302,302,402,402,417,432,432,432,447,447,477,492,492,522,549,249,279,294,294,294],"floor_reached":51,"playtime":1625,"items_purged":["Doubt"],"score":932,"play_id":"1fa17b48-7a6f-4919-bbdb-8ca072166e2b","local_time":"20201219133731","daily_mods":["Draft","Uncertain Future","Elite Swarm"],"is_ascension_mode":false,"campfire_choices":[{"data":"Inflame","floor":6.0,"key":"SMITH"},{"data":"Flex","floor":8.0,"key":"SMITH"},{"data":"Immolate","floor":15,"key":"SMITH"},{"data":"Demon Form","floor":23,"key":"SMITH"},{"data":"Whirlwind","floor":29,"key":"SMITH"},{"data":"Limit Break","floor":32,"key":"SMITH"},{"data":"Corruption","floor":40,"key":"SMITH"},{"data":"Fiend Fire","floor":49,"key":"SMITH"}],"circlet_count":0,"master_deck":["Sword Boomerang","Sword Boomerang","Flex+1","Sword Boomerang","Flex","Cleave","Evolve","Twin Strike","Pummel","Shockwave","Whirlwind+1","Battle Trance","Shrug It Off","Armaments+1","Inflame+1","Sword Boomerang","Shrug It Off+1","Berserk","Entrench","Immolate+1","Demon Form+1","Shrug It Off+1","Reaper","Limit Break+1","Corruption+1","Offering","Disarm+1","Fiend Fire+1","Battle Trance+1","Limit Break","Fiend Fire"],"relics":["Burning Blood","Calipers","Incense Burner","Vajra","Nunchaku","Bottled Flame","SlaversCollar","Happy Flower","Potion Belt","Shuriken","War Paint","Oddly Smooth Stone","Black Star","White Beast Statue","InkBottle","Frozen Egg 2","Turnip","Bird Faced Urn","StoneCalendar","Lizard Tail","The Courier","Du-Vu Doll"],"acts_visited":["TheCity","TheBeyond"],"potions_floor_usage":[20,21,24,45],"damage_taken":[{"damage":7.0,"enemies":"Small Slimes","floor":1.0,"turns":3.0},{"damage":0.0,"enemies":"2 Louse","floor":4.0,"turns":1.0},{"damage":0.0,"enemies":"Jaw Worm","floor":5.0,"turns":3.0},{"damage":6.0,"enemies":"Lagavulin Event","floor":7.0,"turns":3.0},{"damage":7.0,"enemies":"Gremlin Gang","floor":10.0,"turns":3.0},{"damage":10.0,"enemies":"Gremlin Nob","floor":11.0,"turns":3.0},{"damage":27.0,"enemies":"3 Sentries","floor":13.0,"turns":3.0},{"damage":4,"enemies":"Blue Slaver","floor":14,"turns":2},{"damage":0,"enemies":"Slime Boss","floor":16,"turns":3},{"damage":0,"enemies":"Spheric Guardian","floor":18,"turns":2},{"damage":10,"enemies":"2 Thieves","floor":20,"turns":2},{"damage":0,"enemies":"Snake Plant","floor":21,"turns":2},{"damage":12,"enemies":"Centurion and Healer","floor":22,"turns":2},{"damage":7,"enemies":"Slavers","floor":24,"turns":3},{"damage":13,"enemies":"Gremlin Leader","floor":27,"turns":4},{"damage":4,"enemies":"3 Cultists","floor":28,"turns":3},{"damage":34,"enemies":"Slavers","floor":30,"turns":3},{"damage":29,"enemies":"Sentry and Sphere","floor":31,"turns":6},{"damage":22,"enemies":"Champ","floor":33,"turns":6},{"damage":12,"enemies":"3 Shapes","floor":35,"turns":2},{"damage":0,"enemies":"Orb Walker","floor":36,"turns":4},{"damage":10,"enemies":"4 Shapes","floor":39,"turns":2},{"damage":7,"enemies":"Giant Head","floor":41,"turns":7},{"damage":42,"enemies":"Maw","floor":42,"turns":8},{"damage":42,"enemies":"Reptomancer","floor":44,"turns":5},{"damage":50,"enemies":"2 Orb Walkers","floor":45,"turns":4},{"damage":8,"enemies":"Giant Head","floor":47,"turns":6},{"damage":20,"enemies":"Spire Growth","floor":48,"turns":3},{"damage":15,"enemies":"Awakened One","floor":50,"turns":5}],"seed_played":"-2908382401684788831","potions_obtained":[{"floor":4.0,"key":"Explosive Potion"},{"floor":10.0,"key":"SmokeBomb"},{"floor":13,"key":"Swift Potion"},{"floor":14,"key":"Explosive Potion"},{"floor":20,"key":"ElixirPotion"},{"floor":21,"key":"FairyPotion"},{"floor":30,"key":"BloodPotion"},{"floor":33,"key":"EssenceOfSteel"},{"floor":41,"key":"ElixirPotion"},{"floor":42,"key":"Weak Potion"},{"floor":44,"key":"BlessingOfTheForge"},{"floor":45,"key":"ColorlessPotion"},{"floor":47,"key":"SteroidPotion"},{"floor":48,"key":"BloodPotion"}],"is_trial":false,"path_per_floor":["M","?","$","M","M","R","?","R","T","M","E","$","E","M","R","B",null,"M","$","M","M","M","R","E","?","T","E","M","R","E","M","R","B",null,"M","M","?","?","M","R","E","M","T","E","?","$","E","M","R","B",null],"character_chosen":"IRONCLAD","items_purchased":["Inflame","Strength Potion","Entrench","Nunchaku","Happy Flower","Lizard Tail"],"campfire_rested":0,"item_purchase_floors":[3,3,12,12,19,46],"current_hp_per_floor":[79,79,79,80,80,80,80,80,80,79,75,75,54,56,56,62,80,80,80,76,80,74,74,73,73,73,73,75,75,47,31,31,40,80,74,80,80,80,80,80,80,80,80,58,50,50,80,66,66,67],"gold":294,"neow_bonus":"","is_daily":true,"chose_seed":false,"campfire_upgraded":8,"win_rate":0.0,"timestamp":1608367051,"path_taken":["M","?","$","M","M","R","?","R","T","M","E","?","E","M","R","BOSS","M","$","?","?","M","R","E","?","T","E","M","R","E","M","R","BOSS","M","M","?","?","M","R","E","M","T","E","?","$","E","M","R","BOSS"],"items_purchased_type":["Card","Potion","Card","Relic","Relic","Relic"],"build_version":"2020-12-13","purchased_purges":1,"victory":true,"max_hp_per_floor":[80,80,80,80,80,80,80,80,80,80,80,80,80,80,80,80,80,80,80,80,80,80,80,80,80,80,80,80,80,80,80,80,80,80,80,80,80,80,80,80,80,80,80,80,80,80,80,80,80,80],"relic_stats":{"Happy Flower":[25],"counters":[29,103],"StoneCalendar":[0],"War Paint":["Armaments","Shrug It Off"],"Burning Blood":128,"Nunchaku":[12],"Lizard Tail":0,"Shuriken":[10],"Bird Faced Urn":[26],"Turnip":[0],"Black Star":3,"obtain_stats":[{"Potion Belt":24,"Calipers":7,"Happy Flower":19,"Vajra":11,"Oddly Smooth Stone":30,"StoneCalendar":45,"The Courier":47,"Incense Burner":9,"War Paint":27,"Frozen Egg 2":43,"Burning Blood":0,"White Beast Statue":41,"Du-Vu Doll":47,"SlaversCollar":17,"Nunchaku":12,"Bottled Flame":13,"Lizard Tail":46,"Shuriken":26,"Bird Faced Urn":44,"Turnip":44,"Black Star":34,"InkBottle":41},{"Potion Belt":14,"Calipers":4,"Happy Flower":10,"Vajra":6,"Oddly Smooth Stone":17,"StoneCalendar":26,"The Courier":27,"Incense Burner":4,"War Paint":15,"Frozen Egg 2":24,"Burning Blood":0,"White Beast Statue":23,"Du-Vu Doll":27,"SlaversCollar":9,"Nunchaku":6,"Bottled Flame":7,"Lizard Tail":26,"Shuriken":14,"Bird Faced Urn":25,"Turnip":25,"Black Star":19,"InkBottle":23},{"Potion Belt":35,"Calipers":10,"Happy Flower":26,"Vajra":16,"Oddly Smooth Stone":45,"StoneCalendar":89,"The Courier":95,"Incense Burner":10,"War Paint":39,"Frozen Egg 2":80,"Burning Blood":0,"White Beast Statue":72,"Du-Vu Doll":95,"SlaversCollar":24,"Nunchaku":16,"Bottled Flame":19,"Lizard Tail":89,"Shuriken":35,"Bird Faced Urn":85,"Turnip":85,"Black Star":57,"InkBottle":72}],"InkBottle":[9]},"card_choices":[{"not_picked":["Havoc","Body Slam"],"picked":"Sword Boomerang","floor":0.0},{"not_picked":["Shrug It Off","Havoc"],"picked":"Sword Boomerang","floor":0.0},{"not_picked":["Rampage","Combust"],"picked":"Flex","floor":0.0},{"not_picked":["Cleave","Power Through"],"picked":"Sword Boomerang","floor":0.0},{"not_picked":["Wild Strike","Thunderclap"],"picked":"Flex","floor":0.0},{"not_picked":["Iron Wave","Clash"],"picked":"Cleave","floor":0.0},{"not_picked":["Power Through","Thunderclap"],"picked":"Clothesline","floor":0.0},{"not_picked":["Cleave","Pommel Strike"],"picked":"Evolve","floor":0.0},{"not_picked":["Clash","Headbutt"],"picked":"Twin Strike","floor":0.0},{"not_picked":["Headbutt","Pommel Strike"],"picked":"Pummel","floor":0.0},{"not_picked":["Sword Boomerang","Warcry"],"picked":"Shockwave","floor":0.0},{"not_picked":["Blood for Blood","Clash"],"picked":"Whirlwind","floor":0.0},{"not_picked":["Power Through","Clothesline"],"picked":"Battle Trance","floor":0.0},{"not_picked":["Ghostly Armor","Armaments"],"picked":"Shrug It Off","floor":0.0},{"not_picked":["Warcry","Pommel Strike"],"picked":"Armaments","floor":0.0},{"not_picked":["Iron Wave","Blood for Blood","Anger"],"picked":"SKIP","floor":1.0},{"not_picked":["Blood for Blood","Cleave"],"picked":"Sword Boomerang","floor":4.0},{"not_picked":["Sentinel","Clothesline"],"picked":"Shrug It Off","floor":5.0},{"not_picked":["Sentinel","Perfected Strike","Armaments"],"picked":"SKIP","floor":10.0},{"not_picked":["Double Tap","Barricade"],"picked":"Berserk","floor":11.0},{"not_picked":["Berserk","Feed"],"picked":"Immolate","floor":13},{"not_picked":["Metallicize","Uppercut","Sword Boomerang"],"picked":"SKIP","floor":14},{"not_picked":["Barricade","Juggernaut"],"picked":"Demon Form","floor":16},{"not_picked":["Iron Wave+1","Perfected Strike+1","Sever Soul+1"],"picked":"SKIP","floor":18},{"not_picked":["Clothesline","Hemokinesis","Rupture"],"picked":"SKIP","floor":20},{"not_picked":["Wild Strike","Pommel Strike","Seeing Red"],"picked":"SKIP","floor":21},{"not_picked":["Flex","Evolve"],"picked":"Shrug It Off+1","floor":22},{"not_picked":["Demon Form","Double Tap"],"picked":"Reaper","floor":24},{"not_picked":["Impervious","Berserk"],"picked":"Limit Break","floor":27},{"not_picked":["Headbutt+1","Rupture","Wild Strike"],"picked":"SKIP","floor":28},{"not_picked":["Double Tap","Berserk"],"picked":"Corruption","floor":30},{"not_picked":["Iron Wave","Metallicize","Pommel Strike"],"picked":"SKIP","floor":31},{"not_picked":["Demon Form","Corruption"],"picked":"Offering","floor":33},{"not_picked":["Cleave+1","Armaments+1"],"picked":"Disarm+1","floor":35},{"not_picked":["Clothesline+1","Evolve+1","Sever Soul+1"],"picked":"SKIP","floor":36},{"not_picked":["Rupture","Clothesline","Blood for Blood"],"picked":"SKIP","floor":39},{"not_picked":["Brutality","Bludgeon"],"picked":"Fiend Fire","floor":41},{"not_picked":["Perfected Strike","Cleave"],"picked":"Battle Trance+1","floor":42},{"not_picked":["Brutality+1","Barricade+1"],"picked":"Limit Break","floor":44},{"not_picked":["Juggernaut+1","Barricade+1"],"picked":"Fiend Fire","floor":47},{"not_picked":["Perfected Strike+1","Heavy Blade+1","Headbutt"],"picked":"SKIP","floor":48}],"player_experience":1062291,"relics_obtained":[{"floor":7.0,"key":"Calipers"},{"floor":9.0,"key":"Incense Burner"},{"floor":11.0,"key":"Vajra"},{"floor":13,"key":"Bottled Flame"},{"floor":24,"key":"Potion Belt"},{"floor":26,"key":"Shuriken"},{"floor":27,"key":"War Paint"},{"floor":30,"key":"Oddly Smooth Stone"},{"floor":41,"key":"White Beast Statue"},{"floor":41,"key":"InkBottle"},{"floor":43,"key":"Frozen Egg 2"},{"floor":44,"key":"Turnip"},{"floor":44,"key":"Bird Faced Urn"},{"floor":45,"key":"StoneCalendar"},{"floor":47,"key":"The Courier"},{"floor":47,"key":"Du-Vu Doll"}],"event_choices":[{"damage_healed":0.0,"max_hp_gain":0.0,"max_hp_loss":0.0,"gold_gain":175.0,"event_name":"Liars Game","player_choice":"AGREE","floor":2.0,"gold_loss":0.0,"damage_taken":0.0,"cards_obtained":["Doubt"]},{"damage_healed":0.0,"max_hp_gain":0.0,"max_hp_loss":0.0,"gold_gain":0.0,"event_name":"Dead Adventurer","player_choice":"Searched \u00272\u0027 times","floor":7.0,"gold_loss":0.0,"damage_taken":0.0},{"damage_healed":0,"gold_gain":99,"player_choice":"Stole From Cult","damage_taken":0,"max_hp_gain":0,"max_hp_loss":0,"event_name":"Nest","floor":25,"gold_loss":0},{"cards_removed":["Clothesline"],"damage_healed":0,"gold_gain":0,"player_choice":"Removed Attack","damage_taken":0,"max_hp_gain":0,"max_hp_loss":0,"event_name":"Falling","floor":37,"gold_loss":0},{"damage_healed":0,"gold_gain":0,"player_choice":"Ignored","damage_taken":0,"max_hp_gain":0,"max_hp_loss":0,"event_name":"Tomb of Lord Red Mask","floor":38,"gold_loss":0},{"damage_healed":0,"gold_gain":0,"player_choice":"Fight","damage_taken":0,"max_hp_gain":0,"max_hp_loss":0,"event_name":"Mysterious Sphere","floor":45,"gold_loss":0}],"is_beta":false,"boss_relics":[{"not_picked":["Snecko Eye","Velvet Choker"],"picked":"SlaversCollar"},{"not_picked":["Black Blood","Calling Bell"],"picked":"Black Star"}],"items_purged_floors":[3],"is_endless":false,"potions_floor_spawned":[4,10,13,14,20,21,30,33,41,42,44,45,47,48],"ascension_level":0}}