{"host":"2o3sockympbxxanu","time":1608373221,"event":{"mods":["BaseMod","Colored Map","Colored Powertips","Downfall","Marisa£®ÏF”Í°°ƒß¿Ì…≥£©","Minty Spire (QoL Compilation)","StSLib"],"gold_per_floor":[117,22,39,39,49,83,83,118,198,212,212,137,149,149,149,273,273,291,327,327,29,47,86,86,86,86,11,36,105,118,118,118,237,237,258,283,296,518,581,581,607,607,679,679,779,800,800,800],"floor_reached":47,"playtime":6916,"items_purged":[],"score":524,"play_id":"a5a4db4c-6d6b-4d4f-b138-f74652fc2e9f","local_time":"20201219182021","is_ascension_mode":true,"campfire_choices":[{"floor":7.0,"key":"DIG"},{"floor":11.0,"key":"DIG"},{"floor":15.0,"key":"DIG"},{"floor":25.0,"key":"REST"},{"floor":32.0,"key":"REST"},{"floor":40.0,"key":"DIG"},{"floor":42.0,"key":"DIG"},{"floor":44.0,"key":"DIG"}],"circlet_count":0,"master_deck":["Strike_G","Strike_G","Strike_G","Defend_G","Defend_G","Defend_G","Survivor","Neutralize","Poisoned Stab","Deadly Poison","Slice","Neutralize","Terror","Bane","Die Die Die","Cloak And Dagger","Accuracy","Poisoned Stab","Catalyst","Crippling Poison","Burst","Deadly Poison","Noxious Fumes","Bouncing Flask+1","Caltrops","Bullet Time","Corpse Explosion","Choke+1","Bouncing Flask+1","Noxious Fumes","Acrobatics+1","Cloak And Dagger"],"relics":["Ring of the Snake","NeowsBlessing","Shovel","Potion Belt","Lantern","Pantograph","Ice Cream","Golden Idol","Bottled Flame","WristBlade","Red Mask","Pen Nib","Medical Kit","Tiny Chest","Paper Crane","Empty Cage","The Specimen","Blue Candle","Nunchaku","White Beast Statue","The Courier","Eternal Feather"],"acts_visited":["Exordium","TheCity","TheBeyond"],"potions_floor_usage":[47],"damage_taken":[{"damage":0.0,"enemies":"2 Louse","floor":1.0,"turns":1.0},{"damage":0.0,"enemies":"Cultist","floor":3.0,"turns":1.0},{"damage":0.0,"enemies":"Small Slimes","floor":5.0,"turns":1.0},{"damage":16.0,"enemies":"Gremlin Nob","floor":6.0,"turns":3.0},{"damage":21.0,"enemies":"Lagavulin","floor":8.0,"turns":4.0},{"damage":4.0,"enemies":"Blue Slaver","floor":10.0,"turns":3.0},{"damage":8.0,"enemies":"Large Slime","floor":13.0,"turns":5.0},{"damage":28.0,"enemies":"Hexaghost","floor":16.0,"turns":8.0},{"damage":25.0,"enemies":"3 Byrds","floor":18.0,"turns":5.0},{"damage":18.0,"enemies":"Masked Bandits","floor":19.0,"turns":4.0},{"damage":0.0,"enemies":"Chosen","floor":22.0,"turns":4.0},{"damage":18.0,"enemies":"Gremlin Leader","floor":23.0,"turns":3.0},{"damage":0.0,"enemies":"Sentry and Sphere","floor":28.0,"turns":2.0},{"damage":25.0,"enemies":"Centurion and Healer","floor":30.0,"turns":4.0},{"damage":42.0,"enemies":"Champ","floor":33.0,"turns":10.0},{"damage":16.0,"enemies":"3 Shapes","floor":35.0,"turns":5.0},{"damage":6.0,"enemies":"3 Darklings","floor":36.0,"turns":2.0},{"damage":0.0,"enemies":"Jaw Worm Horde","floor":37.0,"turns":3.0},{"damage":21.0,"enemies":"Mind Bloom Boss Battle","floor":39.0,"turns":6.0},{"damage":28.0,"enemies":"Sphere and 2 Shapes","floor":46.0,"turns":4.0},{"damage":27,"enemies":"Spire Growth","floor":47,"turns":3}],"seed_played":"-3561576254488831143","potions_obtained":[{"floor":5.0,"key":"Swift Potion"},{"floor":6.0,"key":"Poison Potion"},{"floor":13.0,"key":"EssenceOfSteel"},{"floor":16.0,"key":"Poison Potion"},{"floor":19.0,"key":"Weak Potion"},{"floor":22.0,"key":"LiquidMemories"},{"floor":23.0,"key":"SmokeBomb"},{"floor":35.0,"key":"PowerPotion"},{"floor":36.0,"key":"Dexterity Potion"},{"floor":39.0,"key":"SteroidPotion"},{"floor":46.0,"key":"champ:CounterPotion"}],"is_trial":false,"path_per_floor":["M","$","M","?","M","E","R","E","T","M","R","$","M","?","R","B",null,"M","?","?","$","M","E","?","R","T","?","M","T","M","?","R","B",null,"M","M","M","?","?","R","T","R","T","R","?","M","M"],"character_chosen":"THE_SILENT","items_purchased":["Deadly Poison","Slice","Catalyst","Pen Nib","Medical Kit"],"campfire_rested":2,"item_purchase_floors":[2,2,12,21,21],"current_hp_per_floor":[70,70,70,70,70,54,54,33,33,29,29,29,21,21,21,18,70,45,27,27,27,27,9,9,30,30,30,30,30,5,5,26,9,70,54,48,48,48,49,49,49,49,49,49,49,21,0,0],"gold":800,"neow_bonus":"THREE_ENEMY_KILL","is_daily":false,"chose_seed":false,"campfire_upgraded":0,"win_rate":0.0,"timestamp":1608373221,"path_taken":["M","$","M","?","M","E","R","E","T","?","R","?","M","?","R","BOSS","M","?","?","$","M","E","?","R","T","?","?","?","M","?","R","BOSS","M","M","M","?","?","R","?","R","T","R","?","M","?"],"items_purchased_type":["Card","Card","Card","Relic","Relic"],"build_version":"2020-12-13","purchased_purges":0,"victory":false,"max_hp_per_floor":[70,70,70,70,70,70,70,70,70,70,70,70,70,70,70,70,70,70,70,70,70,70,70,70,70,70,70,70,70,70,70,70,70,70,70,70,70,70,70,70,70,70,70,70,70,70,70,70],"card_choices":[{"not_picked":["Acrobatics","Expertise"],"picked":"Poisoned Stab","floor":1.0},{"not_picked":["PiercingWail","Skewer","Quick Slash"],"picked":"SKIP","floor":3.0},{"not_picked":["Choke","Reflex"],"picked":"Cloak And Dagger","floor":5.0},{"not_picked":["Reflex","Leg Sweep","All Out Attack"],"picked":"SKIP","floor":6.0},{"not_picked":["Dash","Underhanded Strike"],"picked":"Accuracy","floor":8.0},{"not_picked":["Skewer","Eviscerate"],"picked":"Poisoned Stab","floor":10.0},{"not_picked":["Calculated Gamble","Footwork"],"picked":"Crippling Poison","floor":13.0},{"not_picked":["Glass Knife","Wraith Form v2"],"picked":"Burst","floor":16.0},{"not_picked":["Quick Slash","Escape Plan","Acrobatics"],"picked":"SKIP","floor":18.0},{"not_picked":["Flying Knee+1","Bane"],"picked":"Deadly Poison","floor":19.0},{"not_picked":["Bane","Acrobatics"],"picked":"Noxious Fumes","floor":22.0},{"not_picked":["Setup","Footwork"],"picked":"Bouncing Flask+1","floor":23.0},{"not_picked":["Quick Slash","Crippling Poison","Riddle With Holes"],"picked":"SKIP","floor":28.0},{"not_picked":["Sucker Punch","Dodge and Roll","Crippling Poison"],"picked":"SKIP","floor":30.0},{"not_picked":["Malaise","Venomology"],"picked":"Corpse Explosion","floor":33.0},{"not_picked":["Calculated Gamble","Flechettes"],"picked":"Choke+1","floor":35.0},{"not_picked":["Flechettes","Noxious Fumes"],"picked":"Bouncing Flask+1","floor":36.0},{"not_picked":["All Out Attack","Reflex"],"picked":"Noxious Fumes","floor":37.0},{"not_picked":["Dodge and Roll+1","Crippling Poison+1"],"picked":"Acrobatics+1","floor":39.0},{"not_picked":["Caltrops","Backflip+1"],"picked":"Cloak And Dagger","floor":46.0}],"player_experience":236006,"relics_obtained":[{"floor":6.0,"key":"Shovel"},{"floor":7.0,"key":"Potion Belt"},{"floor":8.0,"key":"Lantern"},{"floor":9.0,"key":"Pantograph"},{"floor":11.0,"key":"Ice Cream"},{"floor":15.0,"key":"Bottled Flame"},{"floor":19.0,"key":"Red Mask"},{"floor":23.0,"key":"Tiny Chest"},{"floor":29.0,"key":"Paper Crane"},{"floor":39.0,"key":"The Specimen"},{"floor":40.0,"key":"Blue Candle"},{"floor":41.0,"key":"Nunchaku"},{"floor":42.0,"key":"White Beast Statue"},{"floor":43.0,"key":"The Courier"},{"floor":44.0,"key":"Eternal Feather"}],"event_choices":[{"damage_healed":0.0,"max_hp_gain":0.0,"max_hp_loss":0.0,"gold_gain":0.0,"event_name":"Match and Keep!","player_choice":"4 cards matched","floor":4.0,"gold_loss":0.0,"damage_taken":0.0,"cards_obtained":["Neutralize","Terror","Bane","Die Die Die"]},{"damage_healed":0.0,"max_hp_gain":0.0,"max_hp_loss":0.0,"gold_gain":0.0,"event_name":"Golden Idol","player_choice":"Take Wound","floor":14.0,"gold_loss":0.0,"damage_taken":0.0,"relics_obtained":["Golden Idol"],"cards_obtained":["Injury"]},{"damage_healed":0.0,"max_hp_gain":0.0,"max_hp_loss":0.0,"gold_gain":0.0,"event_name":"Masked Bandits","player_choice":"Fought Bandits","floor":19.0,"gold_loss":0.0,"damage_taken":0.0},{"damage_healed":0.0,"max_hp_gain":0.0,"max_hp_loss":0.0,"gold_gain":0.0,"cards_transformed":["Strike_G","Defend_G"],"event_name":"Drug Dealer","player_choice":"Became Test Subject","floor":24.0,"gold_loss":0.0,"damage_taken":0.0,"cards_obtained":["Caltrops","Bullet Time"]},{"cards_removed":["Strike_G"],"damage_healed":0.0,"max_hp_gain":0.0,"max_hp_loss":0.0,"gold_gain":0.0,"event_name":"Beggar","player_choice":"Gave Gold","floor":27.0,"gold_loss":75.0,"damage_taken":0.0},{"damage_healed":0.0,"max_hp_gain":0.0,"max_hp_loss":0.0,"gold_gain":0.0,"event_name":"Cursed Tome","player_choice":"Ignored","floor":31.0,"gold_loss":0.0,"damage_taken":0.0},{"damage_healed":0.0,"max_hp_gain":0.0,"max_hp_loss":0.0,"gold_gain":222.0,"event_name":"Tomb of Lord Red Mask","player_choice":"Wore Mask","floor":38.0,"gold_loss":0.0,"damage_taken":0.0},{"damage_healed":0.0,"max_hp_gain":0.0,"max_hp_loss":0.0,"gold_gain":0.0,"event_name":"MindBloom","player_choice":"Fight","floor":39.0,"gold_loss":0.0,"damage_taken":0.0},{"damage_healed":0.0,"max_hp_gain":0.0,"max_hp_loss":0.0,"gold_gain":100.0,"event_name":"Golden Shrine","player_choice":"Pray","floor":45.0,"gold_loss":0.0,"damage_taken":0.0}],"is_beta":false,"boss_relics":[{"not_picked":["Calling Bell","Busted Crown"],"picked":"WristBlade"},{"not_picked":["Coffee Dripper","HoveringKite"],"picked":"Empty Cage"}],"items_purged_floors":[],"is_endless":false,"potions_floor_spawned":[5,6,13,16,19,22,23,35,36,39,46],"killed_by":"Spire Growth","ascension_level":1}}