{"host":"mvlqq966zh3ccmv5","time":1608358497,"event":{"mods":["AchievementEnabler","BaseMod","DeckTracker","Minty Spire (QoL Compilation)","SuperFastMode"],"gold_per_floor":[114,114,133,308,16,50,50,68,113,144,144,144,175,191,191,294,294,305,323,22,122,141,141,167,167,167,167,193,193,205,224,224,324,324,340,360,370,384,384,384],"floor_reached":39,"playtime":883,"items_purged":["Doubt"],"score":620,"play_id":"12ac5040-c3cf-4459-b444-2cc8dbd0e095","local_time":"20201219151457","is_ascension_mode":true,"campfire_choices":[{"floor":7.0,"key":"REST"},{"floor":12.0,"key":"REST"},{"data":"Scrape","floor":15.0,"key":"SMITH"},{"data":"1","floor":23.0,"key":"LIFT"},{"data":"2","floor":25.0,"key":"LIFT"},{"data":"3","floor":27.0,"key":"LIFT"},{"floor":29.0,"key":"REST"},{"data":"Scrape","floor":32.0,"key":"SMITH"}],"circlet_count":0,"master_deck":["Strike_B","Strike_B","Strike_B","Strike_B+1","Defend_B","Defend_B","Defend_B","Defend_B+1","Zap+1","Dualcast","Scrape+1","Beam Cell","Swift Strike","Beam Cell","Reprogram+1","Steam","White Noise","FTL","Self Repair","Machine Learning","Scrape","Scrape+1","Rebound","All For One","Scrape+1","Steam Power"],"relics":["Cracked Core","PreservedInsect","Bronze Scales","Singing Bowl","Pen Nib","Nuclear Battery","Girya","MealTicket","Akabeko","TungstenRod","Sozu"],"acts_visited":["Exordium","TheCity","TheBeyond"],"potions_floor_usage":[33,37,39],"damage_taken":[{"damage":8.0,"enemies":"Jaw Worm","floor":1.0,"turns":4.0},{"damage":1.0,"enemies":"2 Louse","floor":3.0,"turns":2.0},{"damage":31.0,"enemies":"Gremlin Nob","floor":6.0,"turns":4.0},{"damage":0.0,"enemies":"Cultist","floor":8.0,"turns":2.0},{"damage":14.0,"enemies":"3 Sentries","floor":10.0,"turns":4.0},{"damage":7.0,"enemies":"Gremlin Nob","floor":13.0,"turns":3.0},{"damage":5.0,"enemies":"Gremlin Gang","floor":14.0,"turns":3.0},{"damage":14.0,"enemies":"Hexaghost","floor":16.0,"turns":7.0},{"damage":6.0,"enemies":"3 Byrds","floor":18.0,"turns":4.0},{"damage":0.0,"enemies":"Spheric Guardian","floor":19.0,"turns":3.0},{"damage":29.0,"enemies":"Snake Plant","floor":22.0,"turns":3.0},{"damage":17.0,"enemies":"Slavers","floor":24.0,"turns":3.0},{"damage":22.0,"enemies":"Gremlin Leader","floor":28.0,"turns":3.0},{"damage":4.0,"enemies":"Snecko","floor":30.0,"turns":3.0},{"damage":15.0,"enemies":"Centurion and Healer","floor":31.0,"turns":3.0},{"damage":17,"enemies":"Champ","floor":33,"turns":7},{"damage":10,"enemies":"Orb Walker","floor":35,"turns":3},{"damage":24,"enemies":"3 Darklings","floor":36,"turns":4},{"damage":19,"enemies":"Jaw Worm Horde","floor":37,"turns":3},{"damage":24,"enemies":"Maw","floor":38,"turns":5},{"damage":12,"enemies":"4 Shapes","floor":39,"turns":1}],"seed_played":"-939237875038800598","potions_obtained":[{"floor":8.0,"key":"Fire Potion"},{"floor":14.0,"key":"Explosive Potion"},{"floor":16.0,"key":"EssenceOfSteel"},{"floor":18.0,"key":"EssenceOfDarkness"},{"floor":28.0,"key":"PowerPotion"},{"floor":31.0,"key":"SneckoOil"},{"floor":33,"key":"Energy Potion"}],"is_trial":false,"path_per_floor":["M","?","M","?","$","E","R","M","T","E","?","R","E","M","R","B",null,"M","M","$","?","M","R","E","R","T","R","E","R","M","M","R","B",null,"M","M","M","M","M"],"character_chosen":"DEFECT","items_purchased":["Swift Strike","Beam Cell","Reprogram","Steam","Girya"],"campfire_rested":3,"item_purchase_floors":[5,5,5,5,20],"current_hp_per_floor":[60,45,44,44,44,13,35,35,35,23,23,46,39,34,34,27,65,68,77,77,77,50,50,42,42,42,42,20,45,48,40,40,30,71,63,46,36,19,7,7],"gold":384,"neow_bonus":"UPGRADE_CARD","is_daily":false,"chose_seed":false,"campfire_upgraded":2,"win_rate":0.0,"timestamp":1608358497,"path_taken":["M","?","M","?","$","E","R","M","T","E","?","R","E","M","R","BOSS","M","M","$","?","?","R","E","R","T","R","E","R","M","M","R","BOSS","M","M","?","M","?"],"items_purchased_type":["Card","Card","Card","Card","Relic"],"build_version":"2020-12-13","purchased_purges":1,"victory":false,"max_hp_per_floor":[75,75,75,75,75,75,75,75,75,77,77,77,77,77,77,77,77,79,81,81,81,83,83,85,85,85,85,85,85,85,85,85,85,85,87,87,89,89,89,89],"card_choices":[{"not_picked":["Redo","Compile Driver"],"picked":"Scrape","floor":1.0},{"not_picked":["Ball Lightning","Skim"],"picked":"Beam Cell","floor":3.0},{"not_picked":["Glacier","Cold Snap"],"picked":"White Noise","floor":6.0},{"not_picked":["Coolheaded","Melter","Glacier"],"picked":"SKIP","floor":8.0},{"not_picked":["Beam Cell","Barrage","Coolheaded"],"picked":"Singing Bowl","floor":10.0},{"not_picked":["Reboot","Ball Lightning"],"picked":"FTL","floor":13.0},{"not_picked":["Aggregate","Compile Driver"],"picked":"Self Repair","floor":14.0},{"not_picked":["Creative AI","Echo Form"],"picked":"Machine Learning","floor":16.0},{"not_picked":["Beam Cell","Melter","Sweeping Beam"],"picked":"Singing Bowl","floor":18.0},{"not_picked":["Doom and Gloom","Sunder","Conserve Battery"],"picked":"Singing Bowl","floor":19.0},{"not_picked":["Stack","Conserve Battery","Melter"],"picked":"Singing Bowl","floor":22.0},{"not_picked":["Multi-Cast","Streamline","Sweeping Beam"],"picked":"Singing Bowl","floor":24.0},{"not_picked":["White Noise","Heatsinks"],"picked":"Scrape","floor":28.0},{"not_picked":["Hello World","Genetic Algorithm+1"],"picked":"Scrape","floor":30.0},{"not_picked":["Hello World","Barrage+1"],"picked":"Rebound","floor":31.0},{"not_picked":["Thunder Strike","Reboot"],"picked":"All For One","floor":33},{"not_picked":["Tempest","Fusion","Self Repair+1"],"picked":"Singing Bowl","floor":35},{"not_picked":["Ball Lightning+1","Skim"],"picked":"Scrape+1","floor":36},{"not_picked":["Hologram","Capacitor+1","Redo"],"picked":"Singing Bowl","floor":37},{"not_picked":["Redo+1","Static Discharge"],"picked":"Steam Power","floor":38}],"player_experience":216229,"relics_obtained":[{"floor":6.0,"key":"PreservedInsect"},{"floor":9.0,"key":"Bronze Scales"},{"floor":10.0,"key":"Singing Bowl"},{"floor":13.0,"key":"Pen Nib"},{"floor":24.0,"key":"MealTicket"},{"floor":26.0,"key":"Akabeko"},{"floor":28.0,"key":"TungstenRod"}],"event_choices":[{"damage_healed":0.0,"max_hp_gain":0.0,"max_hp_loss":0.0,"gold_gain":0.0,"event_name":"Shining Light","player_choice":"Entered Light","floor":2.0,"gold_loss":0.0,"damage_taken":15.0,"cards_upgraded":["Defend_B","Strike_B"]},{"damage_healed":0.0,"max_hp_gain":0.0,"max_hp_loss":0.0,"gold_gain":175.0,"event_name":"Liars Game","player_choice":"AGREE","floor":4.0,"gold_loss":0.0,"damage_taken":0.0,"cards_obtained":["Doubt"]},{"damage_healed":0.0,"max_hp_gain":0.0,"max_hp_loss":0.0,"gold_gain":0.0,"event_name":"Living Wall","player_choice":"Grow","floor":11.0,"gold_loss":0.0,"damage_taken":0.0,"cards_upgraded":["Reprogram"]},{"damage_healed":0.0,"max_hp_gain":0.0,"max_hp_loss":0.0,"gold_gain":100.0,"event_name":"Golden Shrine","player_choice":"Pray","floor":21.0,"gold_loss":0.0,"damage_taken":0.0}],"is_beta":false,"boss_relics":[{"not_picked":["Inserter","Coffee Dripper"],"picked":"Nuclear Battery"},{"not_picked":["Cursed Key","Busted Crown"],"picked":"Sozu"}],"items_purged_floors":[5],"is_endless":false,"potions_floor_spawned":[8,14,16,18,28,31,33,35,36,37],"killed_by":"4 Shapes","ascension_level":7}}