{"host":"zivz6e0vf73jivdq","time":1608372604,"event":{"mods":["Act Like it!","BaseMod","Friendly Minions","Gensokyo","HololiveMod","Koishi","Marisa£¨ìFÓê¡¡Ä§ÀíÉ³£©","Minty Spire (QoL Compilation)","MostiFishMod","Pale of the Ancients","Prisma Mod","Reimu£¨²©ÀöÁéÃÎ£©","Remilia£¨ÀÙÃ×ÀòÑÇ£©","Replay The Spire","RumiaBox-Â¶Ã×æ«µÄÉñÃØºÐ×Ó","StSLib","The Jungle","The Servant 0.9.4","Youmu£¨»êÆÇÑýÃÎ£©","¡¾¶«·½¶þ´Î´´×÷¡¿°ËÔÆ×Ïmod","¡¾ÒÅÎï¿¨ÅÆ¡¿REMEMod"],"gold_per_floor":[109,128,145,220,239,268,268,268,268,288,288,311,344,367,367,487,487,501,515,515,108,132,132,171,171,196,236,254,269,303,353,353,478,478,498,516,516,532,157,201,201,201,226,247,278,178,212,22,22,22],"floor_reached":51,"playtime":2792,"items_purged":["Defend_R","Bash","Strike_R","Strike_R"],"score":1606,"play_id":"9e8280e1-571b-4468-87df-202b9cd29cbe","local_time":"20201219181004","is_ascension_mode":true,"campfire_choices":[{"data":"Armaments","floor":7.0,"key":"SMITH"},{"data":"MostiFishMod:NightSea","floor":11.0,"key":"SMITH"},{"data":"MostiFishMod:SparklingWater","floor":15.0,"key":"SMITH"},{"data":"Body Slam","floor":23.0,"key":"SMITH"},{"data":"Dark Embrace","floor":25.0,"key":"SMITH"},{"data":"Dark Embrace","floor":32.0,"key":"SMITH"},{"data":"Dark Embrace","floor":41,"key":"SMITH"},{"data":"Defend_R","floor":49,"key":"PURGE"}],"circlet_count":0,"master_deck":["MostiFishMod:Neptune","MostiFishMod:TheEndOfMoonlight","MostiFishMod:SparklingWater+1","MostiFishMod:FantasySummer","MostiFishMod:NightSea+1","MillenniumVampire","Shrug It Off","Armaments+1","Juggernaut","Demon Form","Body Slam+1","Feel No Pain","MostiFishMod:DarkDeal","Dark Embrace+1","Dark Embrace+1","Rampage","True Grit+1","REME_ACTH","Bloodletting+1","Inflame+1","Fiend Fire+1","Entrench+1","Abandon+1","Dark Embrace+1","REME_Fury","Spot Weakness","Dropkick","Berserk","Finesse"],"relics":["DaveBox","REME_ComplimentaryCards","MoonlightInvasionPlan","BionicSphere","Question Card","Torii","Golden Idol","Gambling Chip","Another Sword","ImportantClient","Runic Cube","BargainBundle","Juzu Bracelet","Bag of Preparation","Happy Flower","MealTicket","SynthV:C4","Replay:Grab Bag","Runic Dome","Coffee Dripper","Astrolabe","SacredBark","Replay:PocketPolymizer","Hololive_LightStick","ReplayTheSpireMod:Lightbulb","Mastiff:ReiMu","SSSystem"],"acts_visited":["Exordium","TheCity","TheBeyond"],"potions_floor_usage":[],"damage_taken":[{"damage":6.0,"enemies":"2 Louse","floor":1.0,"turns":2.0},{"damage":0.0,"enemies":"Small Slimes","floor":2.0,"turns":3.0},{"damage":0.0,"enemies":"Jaw Worm","floor":3.0,"turns":3.0},{"damage":0.0,"enemies":"Red Slaver","floor":5.0,"turns":3.0},{"damage":0.0,"enemies":"Replay:BlueRogue","floor":6.0,"turns":1.0},{"damage":0.0,"enemies":"3 Louse","floor":10.0,"turns":3.0},{"damage":0.0,"enemies":"Gremlin Gang","floor":12.0,"turns":3.0},{"damage":0.0,"enemies":"Gremlin Nob","floor":13.0,"turns":1.0},{"damage":0.0,"enemies":"The Guardian","floor":16.0,"turns":4.0},{"damage":0.0,"enemies":"Chosen","floor":18.0,"turns":3.0},{"damage":0.0,"enemies":"3 Byrds","floor":19.0,"turns":3.0},{"damage":0.0,"enemies":"Centurion and Healer","floor":22.0,"turns":2.0},{"damage":0.0,"enemies":"Slavers","floor":24.0,"turns":2.0},{"damage":0.0,"enemies":"Replay:Snechameleon","floor":27.0,"turns":1.0},{"damage":0.0,"enemies":"Shelled Parasite and Fungi","floor":28.0,"turns":1.0},{"damage":0.0,"enemies":"Snake Plant","floor":29.0,"turns":2.0},{"damage":0.0,"enemies":"REME_1_Revenger","floor":30.0,"turns":2.0},{"damage":0.0,"enemies":"Automaton","floor":33.0,"turns":7.0},{"damage":3.0,"enemies":"3 Darklings","floor":35.0,"turns":1.0},{"damage":0.0,"enemies":"Orb Walker","floor":36.0,"turns":1.0},{"damage":0.0,"enemies":"Transient","floor":38.0,"turns":4.0},{"damage":3,"enemies":"Giant Head","floor":40,"turns":1},{"damage":0,"enemies":"3 Darklings","floor":44,"turns":1},{"damage":0,"enemies":"R_Hoarder","floor":45,"turns":2},{"damage":0,"enemies":"Reptomancer","floor":47,"turns":1},{"damage":0,"enemies":"Awakened One","floor":50,"turns":2}],"seed_played":"-8917860893573083275","potions_obtained":[{"floor":2.0,"key":"Block Potion"},{"floor":10.0,"key":"ZuzhouPotion:ReiMu"},{"floor":12.0,"key":"Energy Potion"},{"floor":29.0,"key":"LiquidBronze"},{"floor":37.0,"key":"EntropicBrew"}],"is_trial":false,"path_per_floor":["M","M","M","?","M","E","R","?","T","M","R","M","E","T","R","B",null,"M","M","?","$","M","R","E","R","T","E","M","M","E","?","R","B",null,"M","M","?","M","$","E","R","?","T","M","E","$","E","$","R","B",null],"character_chosen":"IRONCLAD","items_purchased":["BargainBundle","MostiFishMod:DarkDeal","Dark Embrace","Juzu Bracelet","Bag of Preparation","BloodPotion","SteroidPotion","Replay:PocketPolymizer","REME_Fury","Finesse"],"campfire_rested":0,"item_purchase_floors":[21,21,21,21,21,21,21,39,39,48],"current_hp_per_floor":[74,74,74,63,63,63,63,43,43,43,43,43,43,43,43,43,71,71,71,71,80,80,80,80,80,80,80,80,80,80,80,80,80,80,77,77,77,77,80,77,77,77,77,77,77,80,80,80,80,80],"gold":22,"neow_bonus":"BOSS_RELIC","is_daily":false,"chose_seed":false,"campfire_upgraded":7,"win_rate":0.0,"timestamp":1608372604,"path_taken":["M","M","M","?","M","E","R","?","T","M","R","M","E","?","R","BOSS","M","M","?","$","M","R","E","R","T","E","M","M","E","?","R","BOSS","M","M","?","M","?","E","R","?","T","M","E","?","E","$","R","BOSS"],"items_purchased_type":["Relic","Card","Card","Relic","Relic","Potion","Potion","Relic","Card","Card"],"build_version":"2020-12-13","purchased_purges":4,"victory":true,"max_hp_per_floor":[80,80,80,80,80,80,80,80,80,80,80,80,80,80,80,80,80,80,80,80,80,80,80,80,80,80,80,80,80,80,80,80,80,80,80,80,80,80,80,80,80,80,80,80,80,80,80,80,80,80],"card_choices":[{"not_picked":["Pommel Strike","ReplayReversal","Rupture"],"picked":"SKIP","floor":1.0},{"not_picked":["Pommel Strike","Metallicize","Wild Strike"],"picked":"Shrug It Off","floor":2.0},{"not_picked":["Pommel Strike","Ghostly Armor","Seeing Red","Combust"],"picked":"SKIP","floor":3.0},{"not_picked":["ReplayTheSpireMod:LeadingStrike","Body Slam","ReplayTheSpireMod:Strike From Hell"],"picked":"Armaments","floor":5.0},{"not_picked":["Perfected Strike","Pommel Strike","Combust","Sword Boomerang"],"picked":"SKIP","floor":6.0},{"not_picked":["Shrug It Off","ReplayTheSpireMod:Stacked","Warcry","Dual Wield"],"picked":"SKIP","floor":10.0},{"not_picked":["Wild Strike","Corruption","Thunderclap","Reckless Charge"],"picked":"SKIP","floor":12.0},{"not_picked":["Searing Blow","Clothesline","Defy Death"],"picked":"Juggernaut","floor":13.0},{"not_picked":["MostiFishMod:FlyOverUtopia","Demonic Infusion","Exhume"],"picked":"Demon Form","floor":16.0},{"not_picked":["Sentinel+1","Evolve","Spot Weakness","Heavy Blade+1"],"picked":"SKIP","floor":18.0},{"not_picked":["Iron Wave","REME_SingleHolding","Shrug It Off"],"picked":"Body Slam","floor":19.0},{"not_picked":["Perfected Strike+1","Sentinel+1","Combust","Rupture"],"picked":"SKIP","floor":22.0},{"not_picked":["Sword Boomerang","Blood for Blood+1","Armaments+1","Wild Strike"],"picked":"SKIP","floor":24.0},{"not_picked":["Anger","Twin Strike","Dual Wield+1"],"picked":"Dark Embrace","floor":27.0},{"not_picked":["Shockwave","Havoc","Clash+1"],"picked":"Rampage","floor":28.0},{"not_picked":["Spot Weakness","Sword Boomerang","Blood for Blood"],"picked":"True Grit+1","floor":29.0},{"not_picked":["Massacre+1","Thunderclap","Clash","Pommel Strike"],"picked":"SKIP","floor":30.0},{"not_picked":["Demonic Infusion","Brutality","MostiFishMod:DarkDeal"],"picked":"REME_ACTH","floor":33.0},{"not_picked":["Twin Strike","ReplayTheSpireMod:Corrosion Curse+1","Run Through+1"],"picked":"Entrench+1","floor":35.0},{"not_picked":["Flex","ReplayTheSpireMod:Strike From Hell+1","Anger"],"picked":"Abandon+1","floor":36.0},{"not_picked":["Clash+1","Body Slam","Twin Strike+1"],"picked":"Dark Embrace","floor":38.0},{"not_picked":["Replay:Undeath\u0027s Touch","Clash","Iron Wave","Wild Strike+1"],"picked":"SKIP","floor":40},{"not_picked":["Sever Soul+1","Cleave+1","Anger","MostiFishMod:TemporaryOutbreak"],"picked":"SKIP","floor":44},{"not_picked":["Iron Wave+1","MostiFishMod:ChineseTea","ReplayTheSpireMod:Strike From Hell+1","Armaments+1"],"picked":"SKIP","floor":45},{"not_picked":["Pummel","Iron Wave+1","Shrug It Off+1"],"picked":"Berserk","floor":47}],"player_experience":694863,"relics_obtained":[{"floor":1.0,"key":"Question Card"},{"floor":6.0,"key":"Torii"},{"floor":9.0,"key":"Gambling Chip"},{"floor":13.0,"key":"Another Sword"},{"floor":16.0,"key":"ImportantClient"},{"floor":24.0,"key":"Happy Flower"},{"floor":26.0,"key":"MealTicket"},{"floor":30.0,"key":"SynthV:C4"},{"floor":40,"key":"Hololive_LightStick"},{"floor":43,"key":"ReplayTheSpireMod:Lightbulb"},{"floor":45,"key":"Mastiff:ReiMu"},{"floor":47,"key":"SSSystem"}],"event_choices":[{"damage_healed":0.0,"max_hp_gain":0.0,"max_hp_loss":0.0,"gold_gain":75.0,"event_name":"World of Goop","player_choice":"Gather Gold","floor":4.0,"gold_loss":0.0,"damage_taken":11.0},{"damage_healed":0.0,"max_hp_gain":0.0,"max_hp_loss":0.0,"gold_gain":0.0,"event_name":"Golden Idol","player_choice":"Take Damage","floor":8.0,"gold_loss":0.0,"damage_taken":20.0,"relics_obtained":["Golden Idol"]},{"damage_healed":0.0,"max_hp_gain":0.0,"max_hp_loss":0.0,"gold_gain":0.0,"event_name":"The Library","player_choice":"Read","floor":20.0,"gold_loss":0.0,"damage_taken":0.0,"cards_obtained":["Feel No Pain"]},{"damage_healed":0.0,"max_hp_gain":0.0,"max_hp_loss":0.0,"gold_gain":100.0,"event_name":"The Joust","player_choice":"Bet on Murderer","floor":31.0,"gold_loss":50.0,"damage_taken":0.0},{"damage_healed":0.0,"max_hp_gain":0.0,"max_hp_loss":0.0,"gold_gain":0.0,"event_name":"Lab","player_choice":"Got Potions","floor":37.0,"gold_loss":0.0,"damage_taken":0.0},{"damage_healed":0,"gold_gain":0,"cards_transformed":["Defend_R"],"player_choice":"Transformed","damage_taken":0,"max_hp_gain":0,"max_hp_loss":0,"event_name":"Transmorgrifier","floor":42,"gold_loss":0,"cards_obtained":["Dropkick"]}],"is_beta":false,"boss_relics":[{"not_picked":["Snecko Eye","Hololive_ChaosS"],"picked":"Runic Cube"},{"not_picked":["ShadowXiaoBlade","Ooze Armor"],"picked":"Replay:Grab Bag"},{"not_picked":["SlaversCollar","Fusion Hammer"],"picked":"Runic Dome"},{"not_picked":["Sozu","ChewingGum"],"picked":"Coffee Dripper"},{"not_picked":["RedLine:ReiMu","Hololive_TopUpMoneyS"],"picked":"Astrolabe"},{"not_picked":["Ring of Chaos","FixedStarFall"],"picked":"SacredBark"}],"items_purged_floors":[21,39,46,48],"is_endless":false,"potions_floor_spawned":[2,10,12,16,18,22,27,29,35,45,47],"ascension_level":5}}