{"host":"icrrc9b69c1a6188","time":1608392400,"event":{"mods":["Act Like it!","BaseMod","Bestiary","Better Altar","Better Match","Better Note","Better Sensory Stone","Better Skull","Better Third Choice","Block Reminder","Colored Map","Colored Powertips","Curses Come First","Displayed Cursed Tome","Faster Ascension Climbing","HexUI Lib","Jorbs\u0027s Wanderer Trilogy","Minty Spire (QoL Compilation)","Quick Restart","RNG Fix","Random Character Mod","Rare Cards Sparkle","Spicy Shops","StSLib","Unceasing Turn Reminder"],"gold_per_floor":[209,134,134,165,188,219,219,321,321,335,335,41,41,41,41,76,76,176,176,190,190,150,0,0,0,0,35,35,45],"floor_reached":69,"playtime":4813,"items_purged":["stsjorbsmod:Procrastination","stsjorbsmod:Siphon"],"score":846,"play_id":"ef0689ea-58d9-4977-a6c4-56ee66c85ddb","local_time":"20201219094000","is_ascension_mode":false,"campfire_choices":[{"data":"stsjorbsmod:SpiritShield_Cull","floor":16,"key":"SMITH"},{"data":"stsjorbsmod:Frostbite","floor":34,"key":"SMITH"},{"data":"stsjorbsmod:DemonicCoup","floor":40,"key":"SMITH"},{"data":"stsjorbsmod:Sacrifice","floor":56,"key":"SMITH"},{"floor":57,"key":"RECALL"}],"circlet_count":0,"master_deck":["stsjorbsmod:CULLCard","stsjorbsmod:Apparition_Cull","stsjorbsmod:Strike_Cull+1","stsjorbsmod:Strike_Cull","stsjorbsmod:Strike_Cull+1","stsjorbsmod:Paralysis","stsjorbsmod:SpiritShield_Cull+1","stsjorbsmod:Exhale+1","stsjorbsmod:Withering","stsjorbsmod:ShrapnelBloom","stsjorbsmod:Blasphemer","stsjorbsmod:Godsbane+1","stsjorbsmod:ReapAndSow+1","stsjorbsmod:SilverStrike","stsjorbsmod:Summoning","stsjorbsmod:DemonicCoup+1","stsjorbsmod:Haunt","stsjorbsmod:Rebuke","stsjorbsmod:FalseBlessings","CurseOfTheBell","stsjorbsmod:Sacrifice+1","stsjorbsmod:MirroredTechnique","stsjorbsmod:ForcedPresence+1","stsjorbsmod:Ritual","stsjorbsmod:OldBook"],"relics":["stsjorbsmod:BookOfTrialsRelic","Centennial Puzzle","Dead Branch","SlaversCollar","Lantern","Bottled Lightning","Anchor","Calling Bell","Orichalcum","Torii","stsjorbsmod:MetronomeRelic","HornCleat","Blood Vial"],"acts_visited":["Exordium","TheCity","TheBeyond"],"potions_floor_usage":[7,35,47,47,58,58],"damage_taken":[{"damage":1,"enemies":"Jaw Worm","floor":1,"turns":2},{"damage":2,"enemies":"Lagavulin","floor":7,"turns":3},{"damage":5,"enemies":"3 Sentries","floor":11,"turns":5},{"damage":18,"enemies":"The Guardian","floor":17,"turns":6},{"damage":1,"enemies":"Spheric Guardian","floor":24,"turns":3},{"damage":2,"enemies":"Book of Stabbing","floor":35,"turns":4},{"damage":27,"enemies":"Collector","floor":41,"turns":5},{"damage":0,"enemies":"Orb Walker","floor":47,"turns":2},{"damage":14,"enemies":"Giant Head","floor":58,"turns":5},{"damage":10,"enemies":"Awakened One","floor":62,"turns":9}],"seed_played":"-4094123852828819287","potions_obtained":[{"floor":1,"key":"DuplicationPotion"},{"floor":17,"key":"LiquidMemories"}],"is_trial":false,"path_per_floor":["M","?","?","E","T","E","R","B",null,"M","?","$","?","T","R","E","R","B",null,"M","?","?","$","T","R","R","E","R","B",null],"character_chosen":"CULL","items_purchased":["Lantern","stsjorbsmod:Rebuke","stsjorbsmod:Ritual"],"campfire_rested":0,"item_purchase_floors":[30,30,53],"current_hp_per_floor":[75,75,46,44,44,39,39,21,51,48,48,48,48,48,48,43,43,15,36,40,40,40,40,40,40,40,24,38,20],"gold":45,"neow_bonus":"TEN_PERCENT_HP_BONUS","is_daily":false,"chose_seed":false,"campfire_upgraded":4,"win_rate":0.0,"timestamp":1608392400,"path_taken":["M","?","?","E","T","E","R","BOSS","M","?","$","?","T","R","E","R","BOSS","M","?","?","?","T","R","R","E","R","BOSS"],"items_purchased_type":["Relic","Card","Card"],"build_version":"2020-12-13","purchased_purges":2,"victory":true,"max_hp_per_floor":[75,75,75,72,72,65,65,51,51,48,48,48,48,48,48,44,44,36,36,40,40,40,40,40,40,40,34,38,20],"card_choices":[{"not_picked":["stsjorbsmod:ForcedPresence","stsjorbsmod:Haunt"],"picked":"stsjorbsmod:Godsbane","floor":1},{"not_picked":["stsjorbsmod:WastingForm+1","stsjorbsmod:Summoning+1"],"picked":"stsjorbsmod:ReapAndSow+1","floor":3},{"not_picked":["stsjorbsmod:Strife","stsjorbsmod:Godsbane"],"picked":"stsjorbsmod:Siphon","floor":7},{"not_picked":["stsjorbsmod:Cyclone","stsjorbsmod:BlackTentacles_Cull"],"picked":"stsjorbsmod:SilverStrike","floor":11},{"not_picked":["stsjorbsmod:Sentinel_Cull","stsjorbsmod:Anxiety"],"picked":"stsjorbsmod:Summoning","floor":17},{"not_picked":["stsjorbsmod:Siphon+1","stsjorbsmod:SilverStrike"],"picked":"stsjorbsmod:Haunt","floor":24},{"not_picked":["stsjorbsmod:SilverStrike","stsjorbsmod:Feint","stsjorbsmod:FindWeakness"],"picked":"SKIP","floor":35},{"not_picked":["stsjorbsmod:PartingBlow","stsjorbsmod:WastingForm"],"picked":"stsjorbsmod:FalseBlessings","floor":41},{"not_picked":["stsjorbsmod:Rebuttal+1","stsjorbsmod:ChillTouch"],"picked":"stsjorbsmod:ForcedPresence+1","floor":47},{"not_picked":["stsjorbsmod:Cleanse+1","stsjorbsmod:Double+1"],"picked":"stsjorbsmod:OldBook","floor":58}],"player_experience":701105,"relics_obtained":[{"floor":7,"key":"Centennial Puzzle"},{"floor":11,"key":"Dead Branch"},{"floor":33,"key":"Bottled Lightning"},{"floor":35,"key":"Anchor"},{"floor":46,"key":"Orichalcum"},{"floor":46,"key":"Torii"},{"floor":46,"key":"stsjorbsmod:MetronomeRelic"},{"floor":55,"key":"HornCleat"},{"floor":58,"key":"Blood Vial"}],"event_choices":[{"damage_healed":0,"gold_gain":0,"player_choice":"2","damage_taken":0,"max_hp_gain":0,"max_hp_loss":0,"event_name":"betterMatch:BetterMatch","floor":3,"gold_loss":0,"cards_obtained":["betterMatch:RareCard"]},{"damage_healed":0,"gold_gain":0,"player_choice":"UP UP ","damage_taken":33,"relics_obtained":[],"max_hp_gain":0,"max_hp_loss":0,"event_name":"betterSkull:BetterSkull","floor":5,"gold_loss":0,"cards_upgraded":["stsjorbsmod:Strike_Cull","stsjorbsmod:Strike_Cull"]},{"cards_removed":["stsjorbsmod:Strike_Cull"],"damage_healed":0,"gold_gain":0,"player_choice":"Purged","damage_taken":0,"max_hp_gain":0,"max_hp_loss":0,"event_name":"Purifier","floor":28,"gold_loss":0},{"damage_healed":0,"gold_gain":0,"player_choice":"Cursed","damage_taken":0,"max_hp_gain":0,"max_hp_loss":0,"event_name":"Wheel of Change","floor":31,"gold_loss":0,"cards_obtained":["Decay"]},{"cards_removed":["Decay"],"damage_healed":0,"gold_gain":0,"player_choice":"Purged","damage_taken":0,"max_hp_gain":0,"max_hp_loss":0,"event_name":"Purifier","floor":49,"gold_loss":0},{"damage_healed":0,"gold_gain":0,"player_choice":"Upgraded Two","damage_taken":0,"max_hp_gain":0,"max_hp_loss":0,"event_name":"Designer","floor":51,"gold_loss":40,"cards_upgraded":["stsjorbsmod:Exhale","stsjorbsmod:Godsbane"]}],"is_beta":false,"boss_relics":[{"not_picked":["Black Star","Runic Dome"],"picked":"SlaversCollar"},{"not_picked":["SacredBark","Sozu"],"picked":"Calling Bell"}],"items_purged_floors":[30,53],"is_endless":false,"potions_floor_spawned":[1,17],"ascension_level":0}}