{"host":"iyvjjqtjrywxqc57","time":1608383742,"event":{"mods":["AchievementEnabler","BaseMod","Bestiary","Better Match","Better Sensory Stone","Better Skull","Better Third Choice","Colored Map","Colored Powertips","Minty Spire (QoL Compilation)","Quick Restart","Rare Cards Sparkle","StSLib"],"gold_per_floor":[118,135,135,149,112,144,69,99,99,29,43,43,43,78,78,181,181,193,108,33,47,47,47,64,98,167,184,184,198,198,215,215,318,318,335,385,436,436,451,451,73,89,89,102,102,115,115,150,150,150],"floor_reached":51,"playtime":7125,"items_purged":["Strike_G"],"score":715,"play_id":"6fd956fd-154b-4ef8-a913-1245d30b1ab4","local_time":"20201219071542","is_ascension_mode":false,"campfire_choices":[{"floor":13,"key":"REST"},{"floor":15,"key":"REST"},{"data":"Well Laid Plans","floor":23,"key":"SMITH"},{"data":"Riddle With Holes","floor":28,"key":"SMITH"},{"data":"Distraction","floor":30,"key":"SMITH"},{"floor":32,"key":"REST"},{"floor":40,"key":"REST"},{"data":"1","floor":45,"key":"LIFT"},{"data":"2","floor":47,"key":"LIFT"},{"floor":49,"key":"REST"}],"circlet_count":0,"master_deck":["Strike_G+1","Strike_G","Strike_G+1","Strike_G","Defend_G","Defend_G","Defend_G","Defend_G","Defend_G","Survivor","Neutralize","Finisher+1","Poisoned Stab+1","Dagger Spray+1","PiercingWail","A Thousand Cuts","Well Laid Plans+1","Acrobatics","Die Die Die","Deadly Poison","Blur+1","Endless Agony+1","Calculated Gamble","Distraction+1","Riddle With Holes+1","Catalyst+1","Burst","CurseOfTheBell","PiercingWail+1","Noxious Fumes","Deadly Poison+1","Bane+1","Infinite Blades+1"],"relics":["SlaversCollar","betterThird:SlimedRelic","PreservedInsect","Bottled Flame","Potion Belt","Orichalcum","SacredBark","The Specimen","Meat on the Bone","Anchor","Ninja Scroll","Calling Bell","Bronze Scales","Gremlin Horn","Girya","Thread and Needle","Incense Burner","TwistedFunnel","Whetstone","Ancient Tea Set"],"acts_visited":["Exordium","TheCity","TheBeyond"],"potions_floor_usage":[6,6,29,31,33,33,33,37,37,50,50,50,50,50],"damage_taken":[{"damage":0,"enemies":"2 Louse","floor":1,"turns":3},{"damage":0,"enemies":"Jaw Worm","floor":2,"turns":4},{"damage":0,"enemies":"Small Slimes","floor":4,"turns":2},{"damage":18,"enemies":"Gremlin Nob","floor":6,"turns":4},{"damage":8,"enemies":"Lagavulin","floor":8,"turns":5},{"damage":4,"enemies":"Blue Slaver","floor":11,"turns":6},{"damage":0,"enemies":"Gremlin Nob","floor":14,"turns":2},{"damage":28,"enemies":"Slime Boss","floor":16,"turns":10},{"damage":10,"enemies":"Chosen","floor":18,"turns":7},{"damage":15,"enemies":"2 Thieves","floor":21,"turns":5},{"damage":16,"enemies":"3 Cultists","floor":24,"turns":5},{"damage":7,"enemies":"Book of Stabbing","floor":25,"turns":7},{"damage":22,"enemies":"Centurion and Healer","floor":27,"turns":8},{"damage":0,"enemies":"Snecko","floor":29,"turns":4},{"damage":0,"enemies":"Snake Plant","floor":31,"turns":3},{"damage":33,"enemies":"Collector","floor":33,"turns":9},{"damage":14,"enemies":"Orb Walker","floor":35,"turns":4},{"damage":2,"enemies":"Mind Bloom Boss Battle","floor":36,"turns":6},{"damage":41,"enemies":"2 Orb Walkers","floor":37,"turns":6},{"damage":0,"enemies":"3 Shapes","floor":39,"turns":2},{"damage":0,"enemies":"3 Darklings","floor":42,"turns":4},{"damage":7,"enemies":"Writhing Mass","floor":44,"turns":5},{"damage":0,"enemies":"Jaw Worm Horde","floor":46,"turns":2},{"damage":0,"enemies":"Reptomancer","floor":48,"turns":2},{"damage":21,"enemies":"Awakened One","floor":50,"turns":8}],"seed_played":"-3239076155710375778","potions_obtained":[{"floor":1,"key":"Fire Potion"},{"floor":4,"key":"ColorlessPotion"},{"floor":14,"key":"GhostInAJar"},{"floor":16,"key":"AttackPotion"},{"floor":18,"key":"Swift Potion"},{"floor":24,"key":"GamblersBrew"},{"floor":25,"key":"Swift Potion"},{"floor":27,"key":"SkillPotion"},{"floor":31,"key":"Fire Potion"},{"floor":36,"key":"Explosive Potion"},{"floor":42,"key":"Weak Potion"},{"floor":48,"key":"Poison Potion"}],"is_trial":false,"path_per_floor":["M","M","?","M","?","E","$","E","T","$","M","?","R","E","R","B",null,"M","?","?","M","T","R","M","E","T","M","R","M","R","M","R","B",null,"M","?","?","?","M","R","$","M","T","M","R","M","R","E","R","B",null],"character_chosen":"THE_SILENT","items_purchased":["Well Laid Plans","TwistedFunnel","Explosive Potion","ColorlessPotion","Energy Potion","Noxious Fumes"],"campfire_rested":5,"item_purchase_floors":[10,41,41,41,41,41],"current_hp_per_floor":[70,70,70,70,59,41,41,33,33,33,29,15,36,36,57,29,70,60,60,60,45,45,45,41,46,46,36,36,36,36,36,57,36,70,56,54,25,25,37,58,58,58,58,51,51,51,51,51,70,49],"gold":150,"neow_bonus":"BOSS_RELIC","is_daily":false,"chose_seed":false,"campfire_upgraded":3,"win_rate":0.0,"timestamp":1608383742,"path_taken":["M","M","?","M","?","E","$","E","T","$","M","?","R","E","R","BOSS","M","?","?","M","?","R","M","E","T","M","R","M","R","?","R","BOSS","M","?","?","?","?","R","$","M","T","M","R","M","R","E","R","BOSS"],"items_purchased_type":["Card","Relic","Potion","Potion","Potion","Card"],"build_version":"2020-12-13","purchased_purges":1,"victory":true,"max_hp_per_floor":[70,70,70,70,70,70,70,70,70,70,70,70,70,70,70,70,70,70,70,70,70,70,70,70,70,70,70,70,70,70,70,70,70,70,70,70,70,70,70,70,70,70,70,70,70,70,70,70,70,70],"card_choices":[{"not_picked":["Prepared","Blade Dance"],"picked":"Finisher","floor":1},{"not_picked":["Blade Dance","Dagger Spray"],"picked":"Poisoned Stab","floor":2},{"not_picked":["Deflect","Outmaneuver"],"picked":"Dagger Spray","floor":4},{"not_picked":["Deadly Poison","Deflect"],"picked":"PiercingWail","floor":6},{"not_picked":["Underhanded Strike","Caltrops"],"picked":"A Thousand Cuts","floor":8},{"not_picked":["Terror","Dagger Spray"],"picked":"Acrobatics","floor":11},{"not_picked":["Well Laid Plans","Dagger Spray","Tactician"],"picked":"SKIP","floor":14},{"not_picked":["A Thousand Cuts","Unload"],"picked":"Die Die Die","floor":16},{"not_picked":["Slice","Dagger Spray"],"picked":"Deadly Poison","floor":18},{"not_picked":["Heel Hook+1","Predator+1"],"picked":"Blur+1","floor":20},{"not_picked":["Blade Dance","Choke"],"picked":"Endless Agony+1","floor":21},{"not_picked":["Predator+1","PiercingWail"],"picked":"Calculated Gamble","floor":24},{"not_picked":["Poisoned Stab","Dodge and Roll"],"picked":"Distraction","floor":25},{"not_picked":["Blur+1","Dagger Spray"],"picked":"Riddle With Holes","floor":27},{"not_picked":["Deflect","Dagger Throw"],"picked":"Catalyst+1","floor":29},{"not_picked":["PiercingWail","Deflect","Doppelganger"],"picked":"SKIP","floor":31},{"not_picked":["Die Die Die","Night Terror"],"picked":"Burst","floor":33},{"not_picked":["Quick Slash+1","Acrobatics","Dagger Spray+1"],"picked":"SKIP","floor":35},{"not_picked":["Caltrops","Underhanded Strike"],"picked":"PiercingWail+1","floor":36},{"not_picked":["PiercingWail","Prepared+1","Flying Knee"],"picked":"SKIP","floor":39},{"not_picked":["Dagger Throw+1","Footwork+1"],"picked":"Deadly Poison+1","floor":42},{"not_picked":["Deflect+1","Burst"],"picked":"Bane+1","floor":44},{"not_picked":["Bane","Acrobatics+1"],"picked":"Infinite Blades+1","floor":46},{"not_picked":["Expertise","Bouncing Flask","Prepared+1"],"picked":"SKIP","floor":48}],"player_experience":12274,"relics_obtained":[{"floor":6,"key":"PreservedInsect"},{"floor":8,"key":"Bottled Flame"},{"floor":9,"key":"Potion Belt"},{"floor":14,"key":"Orichalcum"},{"floor":22,"key":"Meat on the Bone"},{"floor":25,"key":"Anchor"},{"floor":26,"key":"Ninja Scroll"},{"floor":34,"key":"Bronze Scales"},{"floor":34,"key":"Gremlin Horn"},{"floor":34,"key":"Girya"},{"floor":36,"key":"Thread and Needle"},{"floor":37,"key":"Incense Burner"},{"floor":43,"key":"Whetstone"},{"floor":48,"key":"Ancient Tea Set"}],"event_choices":[{"damage_healed":0,"gold_gain":0,"player_choice":"Grow","damage_taken":0,"max_hp_gain":0,"max_hp_loss":0,"event_name":"Living Wall","floor":3,"gold_loss":0,"cards_upgraded":["Finisher"]},{"damage_healed":0,"gold_gain":0,"player_choice":"Slimed","damage_taken":11,"max_hp_gain":0,"max_hp_loss":0,"event_name":"betterThird:BetterGoop","floor":5,"gold_loss":37},{"damage_healed":29,"gold_gain":0,"player_choice":"Upgrade","damage_taken":14,"max_hp_gain":0,"max_hp_loss":70,"event_name":"betterThird:BetterShining","floor":12,"gold_loss":0,"cards_upgraded":["Strike_G","Dagger Spray"]},{"damage_healed":0,"gold_gain":0,"player_choice":"Obtained Relic","damage_taken":0,"relics_obtained":["The Specimen"],"max_hp_gain":0,"max_hp_loss":0,"event_name":"Addict","floor":19,"gold_loss":85},{"damage_healed":0,"gold_gain":0,"player_choice":"2","damage_taken":0,"max_hp_gain":0,"max_hp_loss":0,"event_name":"betterMatch:BetterMatch","floor":20,"gold_loss":0,"cards_obtained":["betterMatch:UncommonCard"]},{"damage_healed":0,"gold_gain":0,"player_choice":"Fight","damage_taken":0,"max_hp_gain":0,"max_hp_loss":0,"event_name":"MindBloom","floor":36,"gold_loss":0},{"damage_healed":0,"gold_gain":0,"player_choice":"Fight","damage_taken":0,"max_hp_gain":0,"max_hp_loss":0,"event_name":"Mysterious Sphere","floor":37,"gold_loss":0},{"damage_healed":0,"gold_gain":0,"player_choice":"Ignored","damage_taken":0,"max_hp_gain":0,"max_hp_loss":0,"event_name":"Tomb of Lord Red Mask","floor":38,"gold_loss":0}],"is_beta":false,"boss_relics":[{"not_picked":["Sozu","Ectoplasm"],"picked":"SacredBark"},{"not_picked":["HoveringKite","Velvet Choker"],"picked":"Calling Bell"}],"items_purged_floors":[7],"is_endless":false,"potions_floor_spawned":[1,4,14,16,18,24,25,27,31,36,42,48],"ascension_level":0}}