{"host":"1a32ffxog1zcqoh0","time":1608409267,"event":{"mods":["BaseMod","Block Reminder","Colored Map","Colored Powertips","Googly Eyes","Minty Spire (QoL Compilation)","Quick Restart","Rare Cards Sparkle","Relic Stats","StSLib","Unceasing Turn Reminder","everything is the same but u backflip on backflip","slay the spire mod where everything is the same but ironclad has a cowboy hat"],"gold_per_floor":[116,133,133,17,28,62,62,90,141,141,157,215,215,180,180,280,280,293,293,293,293,309,309,309],"floor_reached":23,"playtime":906,"items_purged":[],"score":309,"play_id":"dd4be423-b300-4fd4-84b2-a556ce411628","local_time":"20201219152107","is_ascension_mode":true,"campfire_choices":[{"floor":7,"key":"REST"},{"floor":13,"key":"REST"},{"floor":15,"key":"REST"}],"circlet_count":0,"master_deck":["Strike_G","Strike_G","Strike_G","Strike_G","Defend_G","Defend_G","Defend_G","Defend_G","Defend_G","Survivor","Neutralize","Envenom","Noxious Fumes","Quick Slash","Noxious Fumes","Backstab","Blade Dance","Poisoned Stab","Infinite Blades","Deadly Poison","Infinite Blades","Burst","Dagger Spray","Catalyst","Pain","Dagger Spray+1"],"relics":["Ring of the Snake","Kunai","Pen Nib","Pear","Anchor","Blood Vial","WristBlade","WarpedTongs"],"acts_visited":["Exordium","TheCity"],"potions_floor_usage":[12,16,23],"damage_taken":[{"damage":4,"enemies":"Small Slimes","floor":1,"turns":4},{"damage":8,"enemies":"Cultist","floor":2,"turns":4},{"damage":2,"enemies":"2 Louse","floor":5,"turns":3},{"damage":34,"enemies":"Gremlin Nob","floor":6,"turns":4},{"damage":22,"enemies":"Lagavulin","floor":8,"turns":6},{"damage":9,"enemies":"Lots of Slimes","floor":11,"turns":3},{"damage":20,"enemies":"Lagavulin Event","floor":12,"turns":5},{"damage":0,"enemies":"Slime Boss","floor":16,"turns":6},{"damage":2,"enemies":"Chosen","floor":18,"turns":3},{"damage":24,"enemies":"2 Thieves","floor":22,"turns":4},{"damage":61,"enemies":"Gremlin Leader","floor":23,"turns":4}],"seed_played":"5171057435564726793","potions_obtained":[{"floor":1,"key":"GhostInAJar"},{"floor":5,"key":"Ancient Potion"},{"floor":8,"key":"Fire Potion"},{"floor":18,"key":"CultistPotion"}],"is_trial":false,"path_per_floor":["M","M","?","$","M","E","R","E","T","?","M","?","R","?","R","B",null,"M","?","?","?","M","E"],"character_chosen":"THE_SILENT","items_purchased":["Noxious Fumes","Backstab"],"campfire_rested":3,"item_purchase_floors":[4,4],"current_hp_per_floor":[66,58,58,58,56,22,43,31,31,31,22,2,26,46,70,72,78,78,78,78,78,56,0,0],"gold":309,"neow_bonus":"ONE_RANDOM_RARE_CARD","is_daily":false,"chose_seed":false,"campfire_upgraded":0,"win_rate":0.0,"timestamp":1608409267,"path_taken":["M","M","?","?","M","E","R","E","T","?","?","?","R","?","R","BOSS","M","?","?","?","?","E"],"items_purchased_type":["Card","Card"],"build_version":"2020-12-13","purchased_purges":0,"victory":false,"max_hp_per_floor":[70,70,70,70,70,70,70,80,80,80,80,80,80,80,80,80,80,80,80,80,80,80,80,80],"relic_stats":{"Blood Vial":8,"counters":[11,46],"Pen Nib":[7],"Kunai":[18],"obtain_stats":[{"Blood Vial":12,"Anchor":9,"Pear":8,"WristBlade":17,"Pen Nib":6,"Kunai":3,"Ring of the Snake":0,"WarpedTongs":21},{"Blood Vial":7,"Anchor":5,"Pear":5,"WristBlade":8,"Pen Nib":4,"Kunai":2,"Ring of the Snake":0,"WarpedTongs":9},{"Blood Vial":29,"Anchor":21,"Pear":21,"WristBlade":35,"Pen Nib":15,"Kunai":8,"Ring of the Snake":0,"WarpedTongs":38}],"Ring of the Snake":[22],"WarpedTongs":[8]},"card_choices":[{"not_picked":["Reflex","Backflip"],"picked":"Noxious Fumes","floor":1},{"not_picked":["Accuracy","Riddle With Holes"],"picked":"Quick Slash","floor":2},{"not_picked":["Outmaneuver","Sucker Punch"],"picked":"Blade Dance","floor":5},{"not_picked":["Escape Plan","Outmaneuver"],"picked":"Poisoned Stab","floor":6},{"not_picked":["Deflect","Backstab"],"picked":"Infinite Blades","floor":8},{"not_picked":["Slice","Sucker Punch"],"picked":"Deadly Poison","floor":11},{"not_picked":["Deadly Poison","Eviscerate"],"picked":"Infinite Blades","floor":12},{"not_picked":["Wraith Form v2","Phantasmal Killer"],"picked":"Burst","floor":16},{"not_picked":["Underhanded Strike+1","Deflect"],"picked":"Dagger Spray","floor":18},{"not_picked":["Concentrate","Blur"],"picked":"Dagger Spray+1","floor":22}],"player_experience":240699,"relics_obtained":[{"floor":6,"key":"Pen Nib"},{"floor":8,"key":"Pear"},{"floor":9,"key":"Anchor"},{"floor":12,"key":"Blood Vial"}],"event_choices":[{"damage_healed":0,"gold_gain":0,"player_choice":"Gave Potion","damage_taken":0,"relics_obtained":["Kunai"],"max_hp_gain":0,"max_hp_loss":0,"event_name":"WeMeetAgain","floor":3,"gold_loss":0},{"cards_removed":["Strike_G"],"damage_healed":0,"gold_gain":0,"player_choice":"Purged","damage_taken":0,"max_hp_gain":0,"max_hp_loss":0,"event_name":"Purifier","floor":10,"gold_loss":0},{"damage_healed":0,"gold_gain":0,"player_choice":"Searched \u00271\u0027 times","damage_taken":0,"max_hp_gain":0,"max_hp_loss":0,"event_name":"Dead Adventurer","floor":12,"gold_loss":0},{"damage_healed":20,"gold_gain":0,"player_choice":"Healed","damage_taken":0,"max_hp_gain":0,"max_hp_loss":0,"event_name":"The Cleric","floor":14,"gold_loss":35},{"damage_healed":0,"gold_gain":0,"player_choice":"Read","damage_taken":0,"max_hp_gain":0,"max_hp_loss":0,"event_name":"The Library","floor":19,"gold_loss":0,"cards_obtained":["Catalyst"]},{"damage_healed":0,"gold_gain":0,"player_choice":"Ignored","damage_taken":0,"max_hp_gain":0,"max_hp_loss":0,"event_name":"Cursed Tome","floor":20,"gold_loss":0},{"damage_healed":0,"gold_gain":0,"player_choice":"Rummage","damage_taken":0,"relics_obtained":["WarpedTongs"],"max_hp_gain":0,"max_hp_loss":0,"event_name":"Accursed Blacksmith","floor":21,"gold_loss":0,"cards_obtained":["Pain"]}],"is_beta":false,"boss_relics":[{"not_picked":["SlaversCollar","Ring of the Serpent"],"picked":"WristBlade"}],"items_purged_floors":[],"is_endless":false,"potions_floor_spawned":[1,5,8,18],"killed_by":"Gremlin Leader","ascension_level":5}}