{"host":"5ezk7t18wcb10u1o","time":1608420443,"event":{"mods":["BaseMod","Bestiary","Colored Powertips","Minty Spire (QoL Compilation)","Relic Sorter"],"gold_per_floor":[11,30,48,48,48,48,73,86,138,138,163,163,181,193,193,266,266,284,209,209,209,222,222,222,222],"floor_reached":24,"playtime":1046,"items_purged":[],"score":486,"play_id":"466d76b4-4ee4-45c6-927b-ec52addf508d","local_time":"20201219232723","is_ascension_mode":true,"campfire_choices":[{"data":"Sweeping Beam","floor":6.0,"key":"SMITH"},{"floor":10.0,"key":"REST"},{"floor":15.0,"key":"REST"},{"floor":23,"key":"REST"}],"circlet_count":0,"master_deck":["AscendersBane","Strike_B+1","Strike_B","Strike_B","Strike_B","Defend_B","Defend_B","Defend_B","Defend_B","Zap","Dualcast","Secret Technique","Steam+1","Sweeping Beam+1","Cold Snap","Ball Lightning","Hologram","Sweeping Beam","Machine Learning","Lockon","Cold Snap"],"relics":["Cracked Core","Matryoshka","Centennial Puzzle","Happy Flower","Darkstone Periapt","WarpedTongs","SacredBark"],"acts_visited":["Exordium","TheCity"],"potions_floor_usage":[22],"damage_taken":[{"damage":2.0,"enemies":"Jaw Worm","floor":1.0,"turns":3.0},{"damage":1.0,"enemies":"Cultist","floor":2.0,"turns":3.0},{"damage":4.0,"enemies":"2 Louse","floor":3.0,"turns":2.0},{"damage":25.0,"enemies":"3 Sentries","floor":7.0,"turns":6.0},{"damage":0.0,"enemies":"Looter","floor":8.0,"turns":3.0},{"damage":6.0,"enemies":"Gremlin Nob","floor":11.0,"turns":3.0},{"damage":5.0,"enemies":"Red Slaver","floor":13.0,"turns":4.0},{"damage":16.0,"enemies":"Large Slime","floor":14.0,"turns":3.0},{"damage":3.0,"enemies":"Slime Boss","floor":16.0,"turns":6.0},{"damage":30.0,"enemies":"2 Thieves","floor":18.0,"turns":4.0},{"damage":22,"enemies":"Shell Parasite","floor":22,"turns":3},{"damage":0,"enemies":"Book of Stabbing","floor":24,"turns":1}],"seed_played":"-2733912416923471648","potions_obtained":[{"floor":2.0,"key":"FocusPotion"},{"floor":7.0,"key":"GamblersBrew"},{"floor":13.0,"key":"CultistPotion"},{"floor":18.0,"key":"SkillPotion"}],"is_trial":false,"path_per_floor":["M","M","M","?","$","R","E","M","T","R","E","?","M","M","R","B",null,"M","?","$","?","M","R","E"],"character_chosen":"DEFECT","items_purchased":[],"campfire_rested":3,"item_purchase_floors":[],"current_hp_per_floor":[62,61,57,36,36,36,11,11,11,32,26,32,27,11,34,31,66,36,36,36,36,14,37,37,37],"gold":222,"neow_bonus":"RANDOM_COLORLESS_2","is_daily":false,"chose_seed":false,"campfire_upgraded":1,"win_rate":0.0,"timestamp":1608420443,"path_taken":["M","M","M","?","$","R","E","M","T","R","E","?","M","?","R","BOSS","M","?","$","?","M","R","E"],"items_purchased_type":[],"build_version":"2020-12-13","purchased_purges":0,"victory":false,"max_hp_per_floor":[71,71,71,71,71,71,71,71,71,71,71,77,77,77,77,77,77,77,77,77,77,77,77,77,77],"card_choices":[{"not_picked":["Secret Weapon","Violence"],"picked":"Secret Technique","floor":0.0},{"not_picked":["Stack","Redo"],"picked":"Steam","floor":1.0},{"not_picked":["Undo","Chaos","Compile Driver"],"picked":"SKIP","floor":2.0},{"not_picked":["Stack","Leap"],"picked":"Sweeping Beam","floor":3.0},{"not_picked":["Skim","Gash"],"picked":"Cold Snap","floor":7.0},{"not_picked":["All For One","Barrage"],"picked":"Ball Lightning","floor":8.0},{"not_picked":["Hello World","Barrage"],"picked":"Hologram","floor":11.0},{"not_picked":["Blizzard","Recycle","Force Field"],"picked":"SKIP","floor":13.0},{"not_picked":["Rebound","Cold Snap"],"picked":"Sweeping Beam","floor":14.0},{"not_picked":["Fission","Reboot"],"picked":"Machine Learning","floor":16.0},{"not_picked":["Steam","Turbo"],"picked":"Lockon","floor":18.0},{"not_picked":["Scrape","Stack"],"picked":"Cold Snap","floor":22}],"player_experience":1048482,"relics_obtained":[{"floor":7.0,"key":"Matryoshka"},{"floor":9.0,"key":"Centennial Puzzle"},{"floor":9.0,"key":"Happy Flower"},{"floor":11.0,"key":"Darkstone Periapt"}],"event_choices":[{"damage_healed":0.0,"max_hp_gain":0.0,"max_hp_loss":0.0,"gold_gain":0.0,"event_name":"Shining Light","player_choice":"Entered Light","floor":4.0,"gold_loss":0.0,"damage_taken":21.0,"cards_upgraded":["Strike_B","Steam"]},{"damage_healed":0.0,"max_hp_gain":0.0,"max_hp_loss":0.0,"gold_gain":0.0,"event_name":"Accursed Blacksmith","player_choice":"Rummage","floor":12.0,"gold_loss":0.0,"damage_taken":0.0,"relics_obtained":["WarpedTongs"],"cards_obtained":["Pain"]},{"cards_removed":["Pain"],"damage_healed":0.0,"max_hp_gain":0.0,"max_hp_loss":0.0,"gold_gain":0.0,"event_name":"Beggar","player_choice":"Gave Gold","floor":19.0,"gold_loss":75.0,"damage_taken":0.0}],"is_beta":false,"boss_relics":[{"not_picked":["Calling Bell","Nuclear Battery"],"picked":"SacredBark"}],"items_purged_floors":[],"is_endless":false,"potions_floor_spawned":[2,7,13,18],"killed_by":"Book of Stabbing","ascension_level":18}}