{"host":"y89x8uui45kcjy42","time":1608351783,"event":{"mods":["2.2 Compatiblity","BaseMod","CapriCore","Colored Map","Colored Powertips","Custom Start","Friendly Minions","Highlight Path","Keyboard Shortcuts","Minty Spire (QoL Compilation)","Relic Stats","Slay the Relics Exporter","StSLib","SuperFastMode","Waifu the Spire"],"gold_per_floor":[119,119,137,137,137,137,160,160,160,174,174,190,209,224,224,320,320,333,347,370,370,394,394,319,343,366,366,281,281,41,41,41,41,41],"floor_reached":33,"playtime":757,"items_purged":["Phantasmal Killer"],"score":498,"play_id":"2b709126-603a-4755-b696-4d6e7b51ec12","local_time":"20201219132303","is_ascension_mode":true,"campfire_choices":[{"floor":6,"key":"REST"},{"data":"Dash","floor":15,"key":"SMITH"},{"floor":23,"key":"REST"},{"floor":27,"key":"REST"},{"data":"Envenom","floor":29,"key":"SMITH"},{"data":"Neutralize","floor":32,"key":"SMITH"}],"circlet_count":0,"master_deck":["AscendersBane","Defend_G+1","Survivor","Neutralize+1","Dagger Throw+1","All Out Attack","Crippling Poison","Heel Hook","Die Die Die","Dash+1","Envenom+1","Blade Dance+1","Backflip+1","Blur+1","Backstab","Infinite Blades","Predator"],"relics":["Ring of the Snake","Golden Idol","Art of War","Astrolabe","CeramicFish","Dream Catcher","Lee\u0027s Waffle"],"acts_visited":["Exordium","TheCity"],"potions_floor_usage":[8,16,16,16,20,33],"damage_taken":[{"damage":2,"enemies":"2 Louse","floor":1,"turns":3},{"damage":0,"enemies":"Cultist","floor":3,"turns":4},{"damage":4,"enemies":"Jaw Worm","floor":7,"turns":3},{"damage":0,"enemies":"Lagavulin","floor":8,"turns":1},{"damage":1,"enemies":"Blue Slaver","floor":10,"turns":4},{"damage":0,"enemies":"Looter","floor":12,"turns":3},{"damage":0,"enemies":"2 Fungi Beasts","floor":13,"turns":3},{"damage":0,"enemies":"Exordium Wildlife","floor":14,"turns":2},{"damage":23,"enemies":"The Guardian","floor":16,"turns":13},{"damage":0,"enemies":"3 Byrds","floor":18,"turns":4},{"damage":4,"enemies":"Spheric Guardian","floor":19,"turns":4},{"damage":27,"enemies":"Snake Plant","floor":20,"turns":5},{"damage":9,"enemies":"Centurion and Healer","floor":22,"turns":5},{"damage":7,"enemies":"Snecko","floor":25,"turns":4},{"damage":71,"enemies":"Collector","floor":33,"turns":7}],"seed_played":"-9179675479193211346","potions_obtained":[{"floor":7,"key":"SmokeBomb"},{"floor":12,"key":"Fire Potion"},{"floor":13,"key":"EntropicBrew"},{"floor":19,"key":"Block Potion"},{"floor":20,"key":"Ancient Potion"}],"is_trial":false,"path_per_floor":["M","?","M","?","?","R","M","E","T","M","?","M","M","M","R","B",null,"M","M","M","?","M","R","?","M","T","R","?","R","$","?","R","B"],"character_chosen":"THE_SILENT","items_purchased":["Lee\u0027s Waffle"],"campfire_rested":3,"item_purchase_floors":[30],"current_hp_per_floor":[57,57,57,36,18,36,32,32,32,31,31,31,31,31,31,8,47,47,43,16,16,7,25,25,18,18,36,36,36,67,67,67,0,0],"gold":41,"neow_bonus":"REMOVE_TWO","is_daily":false,"chose_seed":false,"campfire_upgraded":3,"win_rate":0.0,"timestamp":1608351783,"path_taken":["M","?","?","?","?","R","M","E","T","M","?","M","M","?","R","BOSS","M","M","M","?","M","R","?","M","T","R","?","R","$","?","R","BOSS"],"items_purchased_type":["Relic"],"build_version":"2020-12-13","purchased_purges":1,"victory":false,"max_hp_per_floor":[60,60,60,60,60,60,60,60,60,60,60,60,60,60,60,60,60,60,60,60,60,60,60,60,60,60,60,60,60,67,67,67,67,67],"relic_stats":{"Dream Catcher":0,"Lee\u0027s Waffle":31,"counters":[15,65],"Golden Idol":66,"Astrolabe":["Blade Dance","Backflip","Blur"],"CeramicFish":0,"Art of War":[5],"obtain_stats":[{"Dream Catcher":28,"Lee\u0027s Waffle":30,"Golden Idol":4,"Astrolabe":17,"CeramicFish":26,"Art of War":9,"Ring of the Snake":0},{"Dream Catcher":14,"Lee\u0027s Waffle":14,"Golden Idol":2,"Astrolabe":9,"CeramicFish":14,"Art of War":4,"Ring of the Snake":0},{"Dream Catcher":58,"Lee\u0027s Waffle":58,"Golden Idol":7,"Astrolabe":36,"CeramicFish":58,"Art of War":11,"Ring of the Snake":0}],"Ring of the Snake":[30]},"card_choices":[{"not_picked":["Blur","Dash"],"picked":"Dagger Throw","floor":1},{"not_picked":["Dash","Outmaneuver"],"picked":"All Out Attack","floor":3},{"not_picked":["Deflect","Acrobatics"],"picked":"Crippling Poison","floor":7},{"not_picked":["Backflip","Choke"],"picked":"Heel Hook","floor":10},{"not_picked":["Blur","Sucker Punch"],"picked":"Die Die Die","floor":12},{"not_picked":["Dodge and Roll","Poisoned Stab","Dagger Spray"],"picked":"SKIP","floor":13},{"not_picked":["Quick Slash","Expertise"],"picked":"Dash","floor":14},{"not_picked":["Glass Knife","A Thousand Cuts"],"picked":"Envenom","floor":16},{"not_picked":["Dagger Spray","Sucker Punch"],"picked":"Backstab","floor":18},{"not_picked":["Poisoned Stab","Cloak And Dagger"],"picked":"Infinite Blades","floor":19},{"not_picked":["Well Laid Plans","Slice","Backflip"],"picked":"SKIP","floor":20},{"not_picked":["Terror","Prepared","Outmaneuver"],"picked":"SKIP","floor":22},{"not_picked":["Poisoned Stab","Choke+1","Acrobatics+1"],"picked":"SKIP","floor":25}],"player_experience":504444,"relics_obtained":[{"floor":9,"key":"Art of War"},{"floor":26,"key":"CeramicFish"}],"event_choices":[{"damage_healed":0,"gold_gain":0,"player_choice":"Upgraded","damage_taken":0,"max_hp_gain":0,"max_hp_loss":0,"event_name":"Upgrade Shrine","floor":2,"gold_loss":0,"cards_upgraded":["Dagger Throw"]},{"damage_healed":0,"gold_gain":0,"player_choice":"Take Damage","damage_taken":21,"relics_obtained":["Golden Idol"],"max_hp_gain":0,"max_hp_loss":0,"event_name":"Golden Idol","floor":4,"gold_loss":0},{"damage_healed":0,"gold_gain":0,"player_choice":"Entered Light","damage_taken":18,"max_hp_gain":0,"max_hp_loss":0,"event_name":"Shining Light","floor":5,"gold_loss":0,"cards_upgraded":["Strike_G","Defend_G"]},{"damage_healed":0,"gold_gain":0,"player_choice":"Ignored","damage_taken":0,"max_hp_gain":0,"max_hp_loss":0,"event_name":"Liars Game","floor":11,"gold_loss":0},{"damage_healed":0,"gold_gain":0,"cards_transformed":["Defend_G","Strike_G"],"player_choice":"Became Test Subject","damage_taken":0,"max_hp_gain":0,"max_hp_loss":0,"event_name":"Drug Dealer","floor":21,"gold_loss":0,"cards_obtained":["Phantasmal Killer","Predator"]},{"cards_removed":["Defend_G"],"damage_healed":0,"gold_gain":0,"player_choice":"Gave Gold","damage_taken":0,"max_hp_gain":0,"max_hp_loss":0,"event_name":"Beggar","floor":24,"gold_loss":75},{"damage_healed":0,"gold_gain":0,"player_choice":"Obtained Relic","damage_taken":0,"relics_obtained":["Dream Catcher"],"max_hp_gain":0,"max_hp_loss":0,"event_name":"Addict","floor":28,"gold_loss":85},{"cards_removed":["Strike_G"],"damage_healed":0,"gold_gain":0,"player_choice":"Elegance","damage_taken":0,"max_hp_gain":0,"max_hp_loss":0,"event_name":"Back to Basics","floor":31,"gold_loss":0}],"is_beta":false,"boss_relics":[{"not_picked":["SlaversCollar","Coffee Dripper"],"picked":"Astrolabe"}],"items_purged_floors":[30],"is_endless":false,"potions_floor_spawned":[7,8,12,13,14,19,20],"killed_by":"Collector","ascension_level":20}}