{"host":"1hv1kueuvc4r3rdp","time":1608353124,"event":{"mods":["AchievementEnabler","BaseMod","DeckTracker","Highlight Path","Minty Spire (QoL Compilation)","Permanent Neow","StSLib"],"gold_per_floor":[112,128,146,156,175,175,209,209,279,296,296,296],"floor_reached":11,"playtime":434,"items_purged":[],"score":96,"play_id":"85399596-3dc3-43dc-81cd-5f89e6808c8e","local_time":"20201218224524","is_ascension_mode":true,"campfire_choices":[{"data":"Sweeping Beam","floor":6,"key":"SMITH"}],"circlet_count":0,"master_deck":["Strike_B","Strike_B","Strike_B","Strike_B","Defend_B","Defend_B","Defend_B","Defend_B","Zap","Dualcast+1","Streamline","White Noise","Sweeping Beam+1","Genetic Algorithm","Ball Lightning+1"],"relics":["Cracked Core","Eternal Feather","Peace Pipe","Molten Egg 2"],"acts_visited":["Exordium"],"potions_floor_usage":[11],"damage_taken":[{"damage":0,"enemies":"Small Slimes","floor":1,"turns":3},{"damage":0,"enemies":"Cultist","floor":2,"turns":3},{"damage":12,"enemies":"Jaw Worm","floor":3,"turns":3},{"damage":11,"enemies":"3 Louse","floor":4,"turns":3},{"damage":0,"enemies":"Large Slime","floor":5,"turns":3},{"damage":16,"enemies":"Gremlin Nob","floor":7,"turns":3},{"damage":4,"enemies":"Red Slaver","floor":10,"turns":2},{"damage":19,"enemies":"Lagavulin","floor":11,"turns":3}],"seed_played":"6446998985873984603","potions_obtained":[{"floor":1,"key":"FocusPotion"},{"floor":5,"key":"LiquidMemories"}],"is_trial":false,"path_per_floor":["M","M","M","M","M","R","E","?","T","M","E"],"character_chosen":"DEFECT","items_purchased":[],"campfire_rested":0,"item_purchase_floors":[],"current_hp_per_floor":[75,75,63,52,52,52,36,36,36,32,13,13],"gold":296,"neow_bonus":"UPGRADE_CARD","is_daily":false,"chose_seed":false,"campfire_upgraded":1,"win_rate":0.0,"timestamp":1608353124,"path_taken":["M","M","M","M","M","R","E","?","T","M","E"],"items_purchased_type":[],"build_version":"2020-12-13","purchased_purges":0,"victory":false,"max_hp_per_floor":[75,75,75,75,75,75,75,75,75,75,75,75],"card_choices":[{"not_picked":["Self Repair","Conserve Battery","Coolheaded"],"picked":"SKIP","floor":1},{"not_picked":["Cold Snap","Barrage"],"picked":"Streamline","floor":2},{"not_picked":["Lockon","Darkness","Blizzard"],"picked":"SKIP","floor":3},{"not_picked":["Coolheaded","Scrape"],"picked":"White Noise","floor":4},{"not_picked":["Redo","Turbo"],"picked":"Sweeping Beam","floor":5},{"not_picked":["Doom and Gloom","Recycle"],"picked":"Genetic Algorithm","floor":7},{"not_picked":["Gash+1","Redo"],"picked":"Ball Lightning+1","floor":10}],"player_experience":1053411,"relics_obtained":[{"floor":7,"key":"Eternal Feather"},{"floor":9,"key":"Molten Egg 2"}],"event_choices":[{"damage_healed":0,"gold_gain":0,"player_choice":"Gave Potion","damage_taken":0,"relics_obtained":["Peace Pipe"],"max_hp_gain":0,"max_hp_loss":0,"event_name":"WeMeetAgain","floor":8,"gold_loss":0}],"is_beta":false,"boss_relics":[],"items_purged_floors":[],"is_endless":false,"potions_floor_spawned":[1,5],"killed_by":"Lagavulin","ascension_level":5}}