{"host":"08sn1703g14rasc1","time":1608358536,"event":{"mods":["AchievementEnabler","BaseMod","Colored Map","Colored Powertips","Hermit","Minty Spire (QoL Compilation)","StSLib"],"gold_per_floor":[111,126,1,12,12,12,12,12,82,100,100,113,113,131,131,254,254,267,267,290,314,314,314],"floor_reached":22,"playtime":777,"items_purged":["Strike_B"],"score":240,"play_id":"001e0820-63bc-4360-ae37-fb797444b69a","local_time":"20201218221536","is_ascension_mode":true,"campfire_choices":[{"floor":7.0,"key":"REST"},{"data":"Chaos","floor":11.0,"key":"SMITH"},{"floor":15.0,"key":"REST"}],"circlet_count":0,"master_deck":["Strike_B","Defend_B","Defend_B","Defend_B","Zap","Dualcast","Ball Lightning","Chaos+1","Barrage","Rip and Tear","Machine Learning","Injury","Buffer","Barrage","Thunder Strike","Ball Lightning"],"relics":["Inserter","Toy Ornithopter","Singing Bowl","Golden Idol","Empty Cage"],"acts_visited":["Exordium","TheCity"],"potions_floor_usage":[21,22],"damage_taken":[{"damage":9.0,"enemies":"Cultist","floor":1.0,"turns":5.0},{"damage":0.0,"enemies":"2 Louse","floor":2.0,"turns":2.0},{"damage":9.0,"enemies":"Small Slimes","floor":4.0,"turns":3.0},{"damage":9.0,"enemies":"Red Slaver","floor":10.0,"turns":3.0},{"damage":13.0,"enemies":"Gremlin Gang","floor":12.0,"turns":6.0},{"damage":19.0,"enemies":"3 Louse","floor":14.0,"turns":4.0},{"damage":45.0,"enemies":"Hexaghost","floor":16.0,"turns":10.0},{"damage":7,"enemies":"Chosen","floor":18,"turns":4},{"damage":14,"enemies":"3 Byrds","floor":20,"turns":7},{"damage":33,"enemies":"Sentry and Sphere","floor":21,"turns":5},{"damage":23,"enemies":"Cultist and Chosen","floor":22,"turns":4}],"seed_played":"-2128261347968427768","potions_obtained":[{"floor":2.0,"key":"Strength Potion"},{"floor":10.0,"key":"PotionOfCapacity"},{"floor":12.0,"key":"Ancient Potion"},{"floor":14.0,"key":"SteroidPotion"},{"floor":21,"key":"ColorlessPotion"}],"is_trial":false,"path_per_floor":["M","M","$","M","$","?","R","?","T","M","R","M","?","M","R","B",null,"M","?","M","M","M"],"character_chosen":"DEFECT","items_purchased":["Barrage"],"campfire_rested":2,"item_purchase_floors":[3],"current_hp_per_floor":[59,59,59,50,50,43,65,65,65,58,58,50,50,33,56,11,62,57,57,43,17,0,0],"gold":314,"neow_bonus":"BOSS_RELIC","is_daily":false,"chose_seed":false,"campfire_upgraded":1,"win_rate":0.0,"timestamp":1608358536,"path_taken":["M","M","$","M","?","?","R","?","T","M","R","M","?","M","R","BOSS","M","?","?","?","M"],"items_purchased_type":["Card"],"build_version":"2020-12-13","purchased_purges":1,"victory":false,"max_hp_per_floor":[75,75,75,75,75,75,75,75,75,77,77,77,77,79,79,79,79,81,81,81,83,83,83],"card_choices":[{"not_picked":["Heatsinks","Compile Driver"],"picked":"Ball Lightning","floor":1.0},{"not_picked":["Cold Snap","Streamline"],"picked":"Chaos","floor":2.0},{"not_picked":["Steam","Compile Driver"],"picked":"Rip and Tear","floor":4.0},{"not_picked":["Go for the Eyes","Auto Shields","Conserve Battery"],"picked":"Singing Bowl","floor":10.0},{"not_picked":["Steam","Coolheaded"],"picked":"Machine Learning","floor":12.0},{"not_picked":["Stack","Barrage","Fusion"],"picked":"Singing Bowl","floor":14.0},{"not_picked":["Fission","Meteor Strike"],"picked":"Buffer","floor":16.0},{"not_picked":["Hologram","Redo+1","Turbo"],"picked":"Singing Bowl","floor":18},{"not_picked":["Compile Driver","Rebound"],"picked":"Ball Lightning","floor":20},{"not_picked":["Recycle","Chaos","Sunder"],"picked":"Singing Bowl","floor":21}],"player_experience":407466,"relics_obtained":[{"floor":9.0,"key":"Singing Bowl"}],"event_choices":[{"cards_removed":["Strike_B"],"damage_healed":0.0,"max_hp_gain":0.0,"max_hp_loss":0.0,"gold_gain":0.0,"event_name":"Golden Wing","player_choice":"Card Removal","floor":6.0,"gold_loss":0.0,"damage_taken":7.0},{"damage_healed":0.0,"max_hp_gain":0.0,"max_hp_loss":0.0,"gold_gain":0.0,"event_name":"Dead Adventurer","player_choice":"Searched \u00272\u0027 times","floor":8.0,"gold_loss":0.0,"damage_taken":0.0,"relics_obtained":["Toy Ornithopter"]},{"damage_healed":0.0,"max_hp_gain":0.0,"max_hp_loss":0.0,"gold_gain":0.0,"event_name":"Golden Idol","player_choice":"Take Wound","floor":13.0,"gold_loss":0.0,"damage_taken":0.0,"relics_obtained":["Golden Idol"],"cards_obtained":["Injury"]},{"damage_healed":0,"gold_gain":0,"player_choice":"2 cards matched","damage_taken":0,"max_hp_gain":0,"max_hp_loss":0,"event_name":"Match and Keep!","floor":19,"gold_loss":0,"cards_obtained":["Barrage","Thunder Strike"]}],"is_beta":false,"boss_relics":[{"not_picked":["Runic Dome","Sozu"],"picked":"Empty Cage"}],"items_purged_floors":[3],"is_endless":false,"potions_floor_spawned":[2,10,12,14,21],"killed_by":"Cultist and Chosen","ascension_level":7}}