{"host":"jzehok24c0182h89","time":1608361875,"event":{"mods":["Bard","BaseMod","Colored Map","Colored Powertips","Downfall","Hermit","Marisa????????","Minty Spire (QoL Compilation)","Random Character Button","Shade Mod","StSLib","The Alterego","The Blackbeard","The Bug Knight","The Construct","The Cursed","The Disciple","The Hierophant","The Necromancer","The Servant 0.9.4"],"gold_per_floor":[367,384,396,396,413,446,446,459,459,473,506,523,523,523],"floor_reached":13,"playtime":643,"items_purged":[],"score":119,"play_id":"1a43f7c5-3798-465c-8bd2-1beafe42924c","local_time":"20201219021115","is_ascension_mode":true,"campfire_choices":[{"data":"TheCursedMod:AbyssShockwave","floor":7,"key":"SMITH"}],"circlet_count":0,"master_deck":["TheCursedMod:Strike_TheCursed","TheCursedMod:Strike_TheCursed","TheCursedMod:Strike_TheCursed","TheCursedMod:Strike_TheCursed","TheCursedMod:Defend_TheCursed","TheCursedMod:Defend_TheCursed","TheCursedMod:Defend_TheCursed","TheCursedMod:Defend_TheCursed","TheCursedMod:CursedWand","TheCursedMod:CleanUpWorkshop","TheCursedMod:Dregs","TheCursedMod:CircleOfCorruption","TheCursedMod:CursedMace","TheCursedMod:AshesToAshes","TheCursedMod:RavingStaff","TheCursedMod:RavingStaff","TheCursedMod:CircleOfFlame","TheCursedMod:AbyssShockwave+1","TheCursedMod:WearCloak","TheCursedMod:SaltUponWound","TheCursedMod:Torture","TheCursedMod:SmokeScreen","TheCursedMod:VoidForm"],"relics":["TheCursedMod:BlackMagic101","TungstenRod","Letter Opener","Potion Belt"],"acts_visited":["Exordium"],"potions_floor_usage":[11,12,12,13],"damage_taken":[{"damage":0,"enemies":"Cultist","floor":1,"turns":4},{"damage":4,"enemies":"Jaw Worm","floor":2,"turns":3},{"damage":2,"enemies":"2 Louse","floor":3,"turns":3},{"damage":0,"enemies":"Exordium Wildlife","floor":5,"turns":3},{"damage":13,"enemies":"Gremlin Nob","floor":6,"turns":4},{"damage":10,"enemies":"Large Slime","floor":8,"turns":5},{"damage":6,"enemies":"Lots of Slimes","floor":10,"turns":3},{"damage":10,"enemies":"3 Sentries","floor":11,"turns":3},{"damage":3,"enemies":"Exordium Thugs","floor":12,"turns":4},{"damage":10,"enemies":"HollowMod:MossKnight","floor":13,"turns":4}],"seed_played":"2347578697703409284","potions_obtained":[{"floor":3,"key":"ColorlessPotion"},{"floor":5,"key":"GamblersBrew"},{"floor":8,"key":"Weak Potion"},{"floor":11,"key":"sneckomod:MuddlingPotion"}],"is_trial":false,"path_per_floor":["M","M","M","?","M","E","R","M","T","M","E","M","E"],"character_chosen":"THE_CURSED","items_purchased":[],"campfire_rested":0,"item_purchase_floors":[],"current_hp_per_floor":[54,50,48,48,48,35,35,25,25,19,9,6,0,0],"gold":523,"neow_bonus":"TWO_FIFTY_GOLD","is_daily":false,"chose_seed":false,"campfire_upgraded":1,"win_rate":0.0,"timestamp":1608361875,"path_taken":["M","M","?","?","M","E","R","M","T","M","E","M","E"],"items_purchased_type":[],"build_version":"2020-12-13","purchased_purges":0,"victory":false,"max_hp_per_floor":[75,75,75,75,75,75,75,75,75,75,75,75,75,75],"card_choices":[{"not_picked":["TheCursedMod:SmokeScreen","TheCursedMod:SpreadPlague"],"picked":"TheCursedMod:CircleOfCorruption","floor":1},{"not_picked":["TheCursedMod:CircleOfCorruption","TheCursedMod:SpitefulStrike","TheCursedMod:FuryStrike"],"picked":"SKIP","floor":2},{"not_picked":["TheCursedMod:CircleOfWindfury","TheCursedMod:VitalStrike"],"picked":"TheCursedMod:CursedMace","floor":3},{"not_picked":["TheCursedMod:CircleOfBlood","TheCursedMod:CursedStaff"],"picked":"TheCursedMod:WearCloak","floor":5},{"not_picked":["TheCursedMod:CircleOfAmplification","TheCursedMod:CircleOfFocus"],"picked":"TheCursedMod:SaltUponWound","floor":6},{"not_picked":["TheCursedMod:Stretching","TheCursedMod:AshesToAshes"],"picked":"TheCursedMod:Torture","floor":8},{"not_picked":["TheCursedMod:Evocation","TheCursedMod:CursedBlade"],"picked":"TheCursedMod:SmokeScreen","floor":10},{"not_picked":["TheCursedMod:SpitefulStrike","TheCursedMod:CircleOfCorruption","TheCursedMod:CursedStaff"],"picked":"SKIP","floor":11},{"not_picked":["TheCursedMod:SmokeScreen","TheCursedMod:SurpriseAttack"],"picked":"TheCursedMod:VoidForm","floor":12}],"player_experience":818770,"relics_obtained":[{"floor":6,"key":"TungstenRod"},{"floor":9,"key":"Letter Opener"},{"floor":11,"key":"Potion Belt"}],"event_choices":[],"is_beta":false,"boss_relics":[],"items_purged_floors":[],"is_endless":false,"potions_floor_spawned":[3,5,8,10,11],"killed_by":"HollowMod:MossKnight","ascension_level":4}}