{"host":"fuszjwm6fqgjjp4d","time":1608421219,"event":{"mods":["BaseMod","Bestiary","Colored Map","DeckTracker","Minty Spire (QoL Compilation)","Permanent Neow","Relic Sorter","Relic Stats","StSLib"],"gold_per_floor":[109,129,141,15,34,34,47,47,47],"floor_reached":8,"playtime":564,"items_purged":[],"score":98,"play_id":"1bd24da1-c815-42de-8eb6-febc6f208c38","local_time":"20201219174019","is_ascension_mode":true,"campfire_choices":[{"data":"Brutality","floor":6.0,"key":"SMITH"}],"circlet_count":0,"master_deck":["AscendersBane","Strike_R","Strike_R","Strike_R","Strike_R","Strike_R","Defend_R","Defend_R","Defend_R","Defend_R","Bash","Brutality+1","Anger","Clash","Warcry","Spot Weakness","Warcry","Dual Wield"],"relics":["Burning Blood"],"acts_visited":["Exordium"],"potions_floor_usage":[7],"damage_taken":[{"damage":8.0,"enemies":"Cultist","floor":1.0,"turns":4.0},{"damage":14.0,"enemies":"Jaw Worm","floor":2.0,"turns":4.0},{"damage":2.0,"enemies":"2 Louse","floor":3.0,"turns":3.0},{"damage":28.0,"enemies":"Exordium Thugs","floor":5.0,"turns":5.0},{"damage":14,"enemies":"Blue Slaver","floor":7,"turns":4},{"damage":33,"enemies":"Gremlin Nob","floor":8,"turns":3}],"seed_played":"1963185923202223489","potions_obtained":[{"floor":3.0,"key":"Weak Potion"},{"floor":5.0,"key":"SpeedPotion"}],"is_trial":false,"path_per_floor":["M","M","M","$","M","R","M","E"],"character_chosen":"IRONCLAD","items_purchased":["Spot Weakness","Warcry"],"campfire_rested":0,"item_purchase_floors":[4,4],"current_hp_per_floor":[48,40,44,44,22,22,14,0,0],"gold":47,"neow_bonus":"THREE_RARE_CARDS","is_daily":false,"chose_seed":false,"campfire_upgraded":1,"win_rate":0.0,"timestamp":1608421219,"path_taken":["M","M","?","?","M","R","?","E"],"items_purchased_type":["Card","Card"],"build_version":"2020-12-13","purchased_purges":0,"victory":false,"max_hp_per_floor":[75,75,75,75,75,75,75,75,75],"relic_stats":{"counters":[6,23],"obtain_stats":[{"Burning Blood":0},{"Burning Blood":0},{"Burning Blood":0}],"Burning Blood":30},"card_choices":[{"not_picked":["Demon Form","Exhume"],"picked":"Brutality","floor":0.0},{"not_picked":["Clothesline","Bloodletting"],"picked":"Anger","floor":1.0},{"not_picked":["Perfected Strike","Armaments"],"picked":"Clash","floor":2.0},{"not_picked":["Headbutt","Thunderclap"],"picked":"Warcry","floor":3.0},{"not_picked":["Intimidate","Flex"],"picked":"Dual Wield","floor":5.0},{"not_picked":["Clothesline","Reckless Charge","Fire Breathing"],"picked":"SKIP","floor":7}],"player_experience":1173514,"relics_obtained":[],"event_choices":[],"is_beta":false,"boss_relics":[],"items_purged_floors":[],"is_endless":false,"potions_floor_spawned":[3,5],"killed_by":"Gremlin Nob","ascension_level":19}}