{"host":"dx8mnueonnkh60qu","time":1608371578,"event":{"mods":["AchievementEnabler","Act Like it!","Aspiration","BaseMod","Better Silent Start","Better Third Choice","Defuse TimeMaze Blight","Dota2Spire","Downfall","Hubris","Marked Mod","Minty Spire (QoL Compilation)","Rare Cards Sparkle","Relic Stats","Robot Space Explorer","Spicy Shops","Spikes Relics","StSLib","SuperFastMode","The Blue Laboratory"],"gold_per_floor":[99,163,183,183,210,227,227,227,257,257,257,257,357,357,370,474,474,474,491,505,505,505,505,505,517,103,103,116,130,144,161,171,274,274,274,274,274],"floor_reached":36,"playtime":1119,"items_purged":[],"score":372,"play_id":"6cacbd18-d949-419b-bc5b-c140d34c221a","local_time":"20201219045258","daily_mods":["Draft","Specialized","Vintage","Diverse","Heirloom"],"is_ascension_mode":false,"campfire_choices":[{"data":"Dash","floor":1,"key":"SMITH"},{"data":"sneckomod:WideSting","floor":8,"key":"SMITH"},{"data":"RobotSpaceExplorer:LaserBurst","floor":10,"key":"SMITH"},{"data":"Guardian:BaubleBeam","floor":18,"key":"SMITH"},{"data":"Slimebound:PrepareCrush","floor":22,"key":"SMITH"},{"data":"Guardian:SentryBeam","floor":27,"key":"SMITH"},{"data":"RobotSpaceExplorer:Jetpack","floor":35,"key":"SMITH"}],"circlet_count":0,"master_deck":["Slimebound:Grow","Slimebound:Grow","Slimebound:Grow","Guardian:PrimingBeam+1","Slimebound:ComboTackle","Beam Cell+1","Backstab","Dash+1","All Out Attack","Deflect","Beam Cell","sneckomod:WideSting+1","hexamod:PowerFromBeyond","Prepared","Spot Weakness","Dagger Throw","MarkedMod:Acupuncture","Slimebound:PrepareCrush+1","RobotSpaceExplorer:LaserBurst+1","Guardian:SentryBeam+1","RobotSpaceExplorer:Jetpack+1","Guardian:BaubleBeam+1","RobotSpaceExplorer:IronShell","All For One","Slimebound:Recycling"],"relics":["champ:ChampionCrown","Dota2Spire:HeartOfTarrasque","champ:FightingForDummies","Meat on the Bone","hubris:OldNail","hubris:SlimyHat","Question Card","aspiration:AnachronicSnailShell","Bag of Preparation","expansioncontent:StudyCardRelic","Dota2Spire:EchoSabre","Dota2Spire:MaskOfMadness","champ:GladiatorsBookOfMartialProwess","hubris:Towel","hubris:TinFlute","aspiration:HummingbirdHeart","Rawhide","Dota2Spire:BladeMail","Dota2Spire:BattleFury","Orichalcum","Bottled Tornado","Dota2Spire:Desolator","Philosopher\u0027s Stone"],"acts_visited":["Exordium","TheCity","TheBeyond"],"potions_floor_usage":[13,13,16],"damage_taken":[{"damage":13,"enemies":"Gremlin Nob","floor":2,"turns":4},{"damage":3,"enemies":"2 Louse","floor":3,"turns":1},{"damage":12,"enemies":"3 Sentries","floor":5,"turns":4},{"damage":0,"enemies":"Small Slimes","floor":6,"turns":2},{"damage":3,"enemies":"Lagavulin","floor":9,"turns":3},{"damage":13,"enemies":"downfall:Heads","floor":13,"turns":5},{"damage":1,"enemies":"Jaw Worm","floor":15,"turns":2},{"damage":3,"enemies":"downfall:Watcher","floor":16,"turns":5},{"damage":0,"enemies":"Shell Parasite","floor":19,"turns":2},{"damage":2,"enemies":"Chosen","floor":20,"turns":2},{"damage":0,"enemies":"Snecko","floor":25,"turns":2},{"damage":3,"enemies":"downfall:FleeingMerchant","floor":26,"turns":4},{"damage":6,"enemies":"3 Cultists","floor":28,"turns":3},{"damage":0,"enemies":"Centurion and Healer","floor":29,"turns":3},{"damage":0,"enemies":"Snecko","floor":30,"turns":3},{"damage":0,"enemies":"Snake Plant","floor":31,"turns":3},{"damage":0,"enemies":"Chosen and Byrds","floor":32,"turns":3},{"damage":12,"enemies":"downfall:Ironclad","floor":33,"turns":4},{"damage":0,"enemies":"3 Darklings","floor":36,"turns":1}],"seed_played":"8621957646211365764","potions_obtained":[{"floor":3,"key":"ColorlessPotion"},{"floor":5,"key":"blueLaboratory:LouseDecoction"},{"floor":6,"key":"EntropicBrew"}],"is_trial":true,"path_per_floor":["R","?","M","?","E","M","T","R","E","R","?","?","?","?","M","B",null,"R","M","M","?","R","?","T","M","$","R","M","M","M","M","M","B",null,"R","M"],"character_chosen":"THE_CHAMP","items_purchased":["All For One","Rawhide"],"campfire_rested":0,"item_purchase_floors":[26,26],"current_hp_per_floor":[98,85,82,87,75,75,75,75,72,72,72,72,59,59,58,55,103,103,103,101,101,101,101,101,101,102,102,96,96,96,96,96,84,103,103,103,103],"gold":274,"neow_bonus":"","is_daily":false,"chose_seed":false,"campfire_upgraded":7,"win_rate":0.0,"timestamp":1608371578,"path_taken":["R","?","M","?","E","M","T","R","E","R","?","?","?","?","M","BOSS","R","M","M","?","R","?","T","M","$","R","M","M","M","M","M","BOSS","R","M"],"items_purchased_type":["Card","Relic"],"build_version":"2020-12-13","purchased_purges":0,"victory":false,"max_hp_per_floor":[98,98,98,103,103,103,103,103,103,103,103,103,103,103,103,103,103,103,103,103,103,103,103,103,103,103,103,103,103,103,103,103,103,103,103,103,103],"relic_stats":{"counters":[19,56],"Bag of Preparation":[24],"Orichalcum":[0],"Question Card":18,"obtain_stats":[{"Dota2Spire:EchoSabre":19,"Dota2Spire:MaskOfMadness":20,"champ:ChampionCrown":0,"Rawhide":26,"Dota2Spire:BattleFury":29,"Dota2Spire:HeartOfTarrasque":0,"hubris:SlimyHat":6,"Bag of Preparation":15,"expansioncontent:StudyCardRelic":17,"aspiration:HummingbirdHeart":25,"hubris:Towel":23,"Orichalcum":30,"Bottled Tornado":31,"Question Card":7,"champ:GladiatorsBookOfMartialProwess":21,"aspiration:AnachronicSnailShell":9,"Dota2Spire:BladeMail":28,"Philosopher\u0027s Stone":34,"champ:FightingForDummies":2,"hubris:OldNail":5,"hubris:TinFlute":24,"Meat on the Bone":3,"Dota2Spire:Desolator":32},{"Dota2Spire:EchoSabre":9,"Dota2Spire:MaskOfMadness":10,"champ:ChampionCrown":0,"Rawhide":12,"Dota2Spire:BattleFury":14,"Dota2Spire:HeartOfTarrasque":0,"hubris:SlimyHat":4,"Bag of Preparation":7,"expansioncontent:StudyCardRelic":8,"aspiration:HummingbirdHeart":11,"hubris:Towel":10,"Orichalcum":15,"Bottled Tornado":16,"Question Card":4,"champ:GladiatorsBookOfMartialProwess":10,"aspiration:AnachronicSnailShell":5,"Dota2Spire:BladeMail":13,"Philosopher\u0027s Stone":18,"champ:FightingForDummies":1,"hubris:OldNail":3,"hubris:TinFlute":10,"Meat on the Bone":2,"Dota2Spire:Desolator":17},{"Dota2Spire:EchoSabre":28,"Dota2Spire:MaskOfMadness":30,"champ:ChampionCrown":0,"Rawhide":36,"Dota2Spire:BattleFury":42,"Dota2Spire:HeartOfTarrasque":0,"hubris:SlimyHat":11,"Bag of Preparation":21,"expansioncontent:StudyCardRelic":26,"aspiration:HummingbirdHeart":32,"hubris:Towel":30,"Orichalcum":45,"Bottled Tornado":48,"Question Card":11,"champ:GladiatorsBookOfMartialProwess":30,"aspiration:AnachronicSnailShell":14,"Dota2Spire:BladeMail":39,"Philosopher\u0027s Stone":55,"champ:FightingForDummies":4,"hubris:OldNail":9,"hubris:TinFlute":30,"Meat on the Bone":5,"Dota2Spire:Desolator":51}],"Meat on the Bone":0},"card_choices":[{"not_picked":["Slimebound:SamplingLick","hexamod:SpectralAdrenaline"],"picked":"Guardian:Gem_Purple","floor":0},{"not_picked":["Guardian:Gem_Green","RobotSpaceExplorer:Electroshield"],"picked":"Guardian:PrimingBeam","floor":0},{"not_picked":["Slimebound:SlimeBrawl","champ:Haymaker"],"picked":"Slimebound:ComboTackle","floor":0},{"not_picked":["sneckomod:Rotation","champ:FanOfKnives"],"picked":"Beam Cell","floor":0},{"not_picked":["Slimebound:ProtectTheBoss","hexamod:HauntingEcho"],"picked":"Backstab","floor":0},{"not_picked":["RobotSpaceExplorer:Calculate","Power Through"],"picked":"Dash","floor":0},{"not_picked":["Flying Knee","Slimebound:PressTheAttack"],"picked":"All Out Attack","floor":0},{"not_picked":["PiercingWail","CrushJoints"],"picked":"Deflect","floor":0},{"not_picked":["Genetic Algorithm","Second Wind"],"picked":"Beam Cell","floor":0},{"not_picked":["Loop","Redo"],"picked":"sneckomod:WideSting","floor":0},{"not_picked":["Body Slam","hubris:SlightOfHand"],"picked":"hexamod:PowerFromBeyond","floor":0},{"not_picked":["Recycle","Sucker Punch"],"picked":"Prepared","floor":0},{"not_picked":["champ:CrookedStrike","RobotSpaceExplorer:FranticSearch"],"picked":"Spot Weakness","floor":0},{"not_picked":["Halt","Guardian:Reroute"],"picked":"Dagger Throw","floor":0},{"not_picked":["Guardian:TimeCapacitor","LikeWater"],"picked":"MarkedMod:Acupuncture","floor":0},{"not_picked":["Guardian:ChargeCore","ReachHeaven"],"picked":"Slimebound:PrepareCrush","floor":5},{"not_picked":["sneckomod:DangerNoodle","hexamod:NightmareGuise","sneckomod:UnknownCommonSkill"],"picked":"RobotSpaceExplorer:LaserBurst","floor":9},{"not_picked":["sneckomod:UnknownClassPURPLE","Slimebound:BestDefense","Rip and Tear"],"picked":"RobotSpaceExplorer:Jetpack","floor":13},{"not_picked":["LessonLearned","hexamod:TurnItUp","champ:MurderStrike"],"picked":"Guardian:BaubleBeam","floor":16},{"not_picked":["Gash","Guardian:ShieldCharger+1","EmptyFist"],"picked":"RobotSpaceExplorer:IronShell","floor":26},{"not_picked":["Phantasmal Killer","RobotSpaceExplorer:Explosion","Machine Learning"],"picked":"Slimebound:Recycling","floor":33}],"player_experience":565990,"relics_obtained":[{"floor":2,"key":"champ:FightingForDummies"},{"floor":3,"key":"Meat on the Bone"},{"floor":5,"key":"hubris:OldNail"},{"floor":6,"key":"hubris:SlimyHat"},{"floor":7,"key":"Question Card"},{"floor":9,"key":"aspiration:AnachronicSnailShell"},{"floor":15,"key":"Bag of Preparation"},{"floor":19,"key":"Dota2Spire:EchoSabre"},{"floor":20,"key":"Dota2Spire:MaskOfMadness"},{"floor":24,"key":"hubris:TinFlute"},{"floor":25,"key":"aspiration:HummingbirdHeart"},{"floor":28,"key":"Dota2Spire:BladeMail"},{"floor":29,"key":"Dota2Spire:BattleFury"},{"floor":30,"key":"Orichalcum"},{"floor":31,"key":"Bottled Tornado"},{"floor":32,"key":"Dota2Spire:Desolator"}],"event_choices":[{"damage_healed":0,"gold_gain":0,"player_choice":"Donut","damage_taken":0,"max_hp_gain":5,"max_hp_loss":0,"event_name":"Big Fish","floor":4,"gold_loss":0}],"is_beta":false,"boss_relics":[{"not_picked":["hubris:TerracottaHorce","Sozu"],"picked":"expansioncontent:StudyCardRelic"},{"not_picked":["SacredBark","hubris:HollowSoul"],"picked":"Philosopher\u0027s Stone"}],"items_purged_floors":[],"is_endless":false,"potions_floor_spawned":[3,5,6,19,29,30],"killed_by":"3 Darklings","ascension_level":0}}