{"host":"y2qfgmdkwisnz7x5","time":1608414353,"event":{"mods":["BaseMod","Colored Map","Minty Spire (QoL Compilation)","Shop Mod"],"gold_per_floor":[109,16,30,30,47,47,373,373,373,26,58,71,71,84,84,184,184,203,128,227,56,56,56,89,89,113,143,162,191,203,219,219,314,314,327,377,252,263,290,290,290,290,315,315,338,338,358,375,375,375],"floor_reached":51,"playtime":1615,"items_purged":["Strike_G","Defend_G","Defend_G"],"score":893,"play_id":"ac5e5279-7e2a-495b-996e-0548d8610781","local_time":"20201219224553","is_ascension_mode":true,"campfire_choices":[{"data":"Noxious Fumes","floor":6,"key":"SMITH"},{"data":"Crippling Poison","floor":8,"key":"SMITH"},{"floor":15,"key":"REST"},{"data":"Footwork","floor":23,"key":"SMITH"},{"data":"Noxious Fumes","floor":25,"key":"SMITH"},{"floor":32,"key":"REST"},{"data":"Adrenaline","floor":40,"key":"SMITH"},{"data":"Adrenaline","floor":44,"key":"SMITH"},{"data":"Caltrops","floor":46,"key":"SMITH"},{"floor":49,"key":"REST"}],"circlet_count":0,"master_deck":["Defend_G","Defend_G","Survivor+1","Neutralize","Cloak And Dagger+1","Noxious Fumes+1","Bane","Dodge and Roll","Catalyst","Crippling Poison+1","Deadly Poison","Backstab+1","Noxious Fumes+1","Footwork+1","Adrenaline+1","Bane+1","Caltrops+1","Leg Sweep","Envenom","Blur","Caltrops+1","Adrenaline+1","Infinite Blades+1","Cloak And Dagger","Deflect","Madness","Madness","Noxious Fumes+1","Deflect+1"],"relics":["Ring of the Snake","Old Coin","Molten Egg 2","TwistedFunnel","Bag of Preparation","Empty Cage","Oddly Smooth Stone","Nunchaku","Ginger","White Beast Statue","SlaversCollar","TungstenRod","Boot","Lantern","Regal Pillow"],"acts_visited":["Exordium","TheCity","TheBeyond"],"potions_floor_usage":[27,29,33,35,36,36,50,50],"damage_taken":[{"damage":0,"enemies":"Small Slimes","floor":1,"turns":4},{"damage":0,"enemies":"Cultist","floor":3,"turns":4},{"damage":2,"enemies":"Jaw Worm","floor":5,"turns":5},{"damage":30,"enemies":"Lagavulin","floor":7,"turns":8},{"damage":9,"enemies":"3 Sentries","floor":11,"turns":5},{"damage":0,"enemies":"Exordium Thugs","floor":12,"turns":3},{"damage":0,"enemies":"3 Louse","floor":14,"turns":1},{"damage":6,"enemies":"The Guardian","floor":16,"turns":7},{"damage":0,"enemies":"Chosen","floor":18,"turns":3},{"damage":13,"enemies":"Book of Stabbing","floor":24,"turns":5},{"damage":17,"enemies":"Slavers","floor":27,"turns":4},{"damage":0,"enemies":"Shell Parasite","floor":28,"turns":4},{"damage":3,"enemies":"Book of Stabbing","floor":29,"turns":6},{"damage":13,"enemies":"3 Cultists","floor":30,"turns":4},{"damage":8,"enemies":"Shelled Parasite and Fungi","floor":31,"turns":5},{"damage":0,"enemies":"Collector","floor":33,"turns":8},{"damage":23,"enemies":"3 Darklings","floor":35,"turns":4},{"damage":5,"enemies":"Mind Bloom Boss Battle","floor":36,"turns":8},{"damage":0,"enemies":"3 Shapes","floor":38,"turns":4},{"damage":5,"enemies":"Transient","floor":47,"turns":5},{"damage":0,"enemies":"Sphere and 2 Shapes","floor":48,"turns":5},{"damage":20,"enemies":"Donu and Deca","floor":50,"turns":9}],"seed_played":"-9195859784307492586","potions_obtained":[{"floor":1,"key":"EssenceOfSteel"},{"floor":7,"key":"Weak Potion"},{"floor":28,"key":"EssenceOfSteel"},{"floor":30,"key":"LiquidBronze"},{"floor":31,"key":"GamblersBrew"},{"floor":33,"key":"DistilledChaos"},{"floor":35,"key":"Poison Potion"},{"floor":36,"key":"CunningPotion"},{"floor":38,"key":"Block Potion"},{"floor":48,"key":"Regen Potion"}],"is_trial":false,"path_per_floor":["M","$","M","?","M","R","E","R","T","$","E","M","?","M","R","B",null,"M","?","?","$","?","R","E","R","T","E","M","E","M","M","R","B",null,"M","?","$","M","T","R","?","?","T","R","T","R","M","M","R","B",null],"character_chosen":"THE_SILENT","items_purchased":["Noxious Fumes","Bane","TwistedFunnel","Deadly Poison","Backstab+1","Caltrops"],"campfire_rested":3,"item_purchase_floors":[2,2,10,10,10,21],"current_hp_per_floor":[77,77,77,77,75,75,45,45,45,45,36,36,21,21,44,38,77,77,77,77,77,77,77,64,64,64,47,47,44,31,23,46,46,77,54,49,49,49,49,49,49,40,40,40,40,40,35,35,73,62],"gold":375,"neow_bonus":"TEN_PERCENT_HP_BONUS","is_daily":false,"chose_seed":false,"campfire_upgraded":7,"win_rate":0.0,"timestamp":1608414353,"path_taken":["M","$","M","?","?","R","E","R","T","$","E","M","?","M","R","BOSS","M","?","?","$","?","R","E","R","T","E","M","E","?","M","R","BOSS","M","?","$","M","?","R","?","?","T","R","?","R","M","M","R","BOSS"],"items_purchased_type":["Card","Card","Relic","Card","Card","Card"],"build_version":"2020-12-13","purchased_purges":3,"victory":true,"max_hp_per_floor":[77,77,77,77,77,77,77,77,77,77,77,77,77,77,77,77,77,77,77,77,77,77,77,77,77,77,77,77,77,77,77,77,77,77,77,77,77,77,77,77,77,77,77,77,77,77,77,77,77,77],"card_choices":[{"not_picked":["Quick Slash","Backstab"],"picked":"Cloak And Dagger","floor":1},{"not_picked":["Dash","Slice","Eviscerate"],"picked":"SKIP","floor":3},{"not_picked":["Blade Dance","Slice"],"picked":"Catalyst","floor":5},{"not_picked":["Blade Dance","Sucker Punch"],"picked":"Crippling Poison","floor":7},{"not_picked":["PiercingWail","Cloak And Dagger","Dodge and Roll"],"picked":"SKIP","floor":11},{"not_picked":["Dodge and Roll","Backstab+1"],"picked":"Noxious Fumes","floor":12},{"not_picked":["Skewer+1","Tactician"],"picked":"Footwork","floor":14},{"not_picked":["A Thousand Cuts","Glass Knife+1"],"picked":"Adrenaline","floor":16},{"not_picked":["Dash+1","Sucker Punch+1"],"picked":"Bane+1","floor":18},{"not_picked":["Bane+1","Prepared"],"picked":"Leg Sweep","floor":24},{"not_picked":["Slice+1","Reflex"],"picked":"Envenom","floor":27},{"not_picked":["Flying Knee+1","Sucker Punch+1","Slice+1"],"picked":"SKIP","floor":28},{"not_picked":["Slice+1","Flechettes+1"],"picked":"Blur","floor":29},{"not_picked":["Reflex","Sucker Punch+1"],"picked":"Caltrops+1","floor":30},{"not_picked":["Expertise","Infinite Blades+1","Masterful Stab+1"],"picked":"SKIP","floor":31},{"not_picked":["Unload+1","Wraith Form v2"],"picked":"Adrenaline","floor":33},{"not_picked":["Prepared","Poisoned Stab+1"],"picked":"Infinite Blades+1","floor":35},{"not_picked":["Backflip","Dagger Spray+1"],"picked":"Cloak And Dagger","floor":36},{"not_picked":["Flying Knee+1","Underhanded Strike+1"],"picked":"Deflect","floor":38},{"not_picked":["Acrobatics","Prepared+1"],"picked":"Noxious Fumes+1","floor":47},{"not_picked":["Deadly Poison","Tactician"],"picked":"Deflect+1","floor":48}],"player_experience":891377,"relics_obtained":[{"floor":7,"key":"Old Coin"},{"floor":9,"key":"Molten Egg 2"},{"floor":11,"key":"Bag of Preparation"},{"floor":24,"key":"Oddly Smooth Stone"},{"floor":26,"key":"Nunchaku"},{"floor":27,"key":"Ginger"},{"floor":29,"key":"White Beast Statue"},{"floor":36,"key":"TungstenRod"},{"floor":39,"key":"Boot"},{"floor":43,"key":"Lantern"},{"floor":45,"key":"Regal Pillow"}],"event_choices":[{"damage_healed":0,"gold_gain":0,"cards_transformed":["Strike_G"],"player_choice":"Transformed","damage_taken":0,"max_hp_gain":0,"max_hp_loss":0,"event_name":"Transmorgrifier","floor":4,"gold_loss":0,"cards_obtained":["Dodge and Roll"]},{"damage_healed":0,"gold_gain":0,"player_choice":"Entered Light","damage_taken":15,"max_hp_gain":0,"max_hp_loss":0,"event_name":"Shining Light","floor":13,"gold_loss":0,"cards_upgraded":["Survivor","Cloak And Dagger"]},{"cards_removed":["Strike_G"],"damage_healed":0,"gold_gain":0,"player_choice":"Gave Gold","damage_taken":0,"max_hp_gain":0,"max_hp_loss":0,"event_name":"Beggar","floor":19,"gold_loss":75},{"damage_healed":0,"gold_gain":99,"player_choice":"Stole From Cult","damage_taken":0,"max_hp_gain":0,"max_hp_loss":0,"event_name":"Nest","floor":20,"gold_loss":0},{"cards_removed":["Defend_G"],"damage_healed":0,"gold_gain":0,"player_choice":"Offered Basic","damage_taken":0,"max_hp_gain":0,"max_hp_loss":0,"event_name":"Bonfire Elementals","floor":22,"gold_loss":0},{"damage_healed":0,"gold_gain":0,"player_choice":"Fight","damage_taken":0,"max_hp_gain":0,"max_hp_loss":0,"event_name":"MindBloom","floor":36,"gold_loss":0},{"damage_healed":0,"gold_gain":0,"player_choice":"Ignored","damage_taken":0,"max_hp_gain":0,"max_hp_loss":0,"event_name":"Tomb of Lord Red Mask","floor":41,"gold_loss":0},{"damage_healed":0,"gold_gain":0,"player_choice":"Embrace Madness","damage_taken":10,"max_hp_gain":0,"max_hp_loss":0,"event_name":"Winding Halls","floor":42,"gold_loss":0,"cards_obtained":["Madness","Madness"]}],"is_beta":false,"boss_relics":[{"not_picked":["HoveringKite","Sozu"],"picked":"Empty Cage"},{"not_picked":["Tiny House","Cursed Key"],"picked":"SlaversCollar"}],"items_purged_floors":[10,21,37],"is_endless":false,"potions_floor_spawned":[1,7,28,30,31,33,35,36,38,47,48],"ascension_level":3}}