{"host":"zuc5xqvlhed5q6ad","time":1608421006,"event":{"mods":["BaseMod","Block Reminder","Colored Powertips","Halation","Highlight Path","Mimic Mod","Minty Spire (QoL Compilation)","Permanent Neow","Practice Mode","Quick Restart","Spikes Relics","StSLib","UnlockEverythingMod"],"gold_per_floor":[215,215,230,244,244,244,257,257,257,268,268,443,443,246,246,344,344,357,371,371,371,371],"floor_reached":21,"playtime":1443,"items_purged":[],"score":169,"play_id":"94dc2eb3-bd0e-487b-99d2-02076232e43c","local_time":"20201220023646","is_ascension_mode":false,"campfire_choices":[{"data":"Halt","floor":6.0,"key":"SMITH"},{"data":"Prostrate","floor":8.0,"key":"SMITH"},{"data":"Perseverance","floor":11.0,"key":"SMITH"},{"floor":15.0,"key":"REST"}],"circlet_count":0,"master_deck":["Strike_P","Strike_P","Strike_P","Defend_P","Defend_P","Defend_P","Defend_P","Eruption","Vigilance","Halt+1","Perseverance+1","Prostrate+1","PathToVictory","SandsOfTime","Judgement","Crescendo+1"],"relics":["PureWater","Centennial Puzzle","Dream Catcher","halation:PinkSoulGem"],"acts_visited":["Exordium","TheCity"],"potions_floor_usage":[16,16],"damage_taken":[{"damage":0.0,"enemies":"2 Louse","floor":1.0,"turns":2.0},{"damage":0.0,"enemies":"Cultist","floor":3.0,"turns":3.0},{"damage":0.0,"enemies":"Jaw Worm","floor":4.0,"turns":4.0},{"damage":0.0,"enemies":"2 Fungi Beasts","floor":7.0,"turns":4.0},{"damage":32.0,"enemies":"Exordium Wildlife","floor":10.0,"turns":5.0},{"damage":42,"enemies":"Hexaghost","floor":16,"turns":7},{"damage":22,"enemies":"Shell Parasite","floor":18,"turns":9},{"damage":13,"enemies":"Chosen","floor":19,"turns":7},{"damage":40,"enemies":"Centurion and Healer","floor":21,"turns":3}],"seed_played":"4735353314629396945","potions_obtained":[{"floor":3.0,"key":"Regen Potion"},{"floor":7.0,"key":"Fire Potion"},{"floor":10.0,"key":"ColorlessPotion"},{"floor":19,"key":"Ancient Potion"}],"is_trial":false,"path_per_floor":["M","$","M","M","?","R","M","R","T","M","R","?","?","$","R","B",null,"M","M","?","M"],"character_chosen":"WATCHER","items_purchased":["PathToVictory","Dream Catcher"],"campfire_rested":1,"item_purchase_floors":[14,14],"current_hp_per_floor":[72,72,72,72,72,72,72,72,72,40,40,40,33,33,54,27,72,50,37,37,0,0],"gold":371,"neow_bonus":"HUNDRED_GOLD","is_daily":false,"chose_seed":false,"campfire_upgraded":3,"win_rate":0.0,"timestamp":1608421006,"path_taken":["M","$","M","M","?","R","?","R","T","M","R","?","?","?","R","BOSS","M","M","?","M"],"items_purchased_type":["Card","Relic"],"build_version":"2020-12-13","purchased_purges":0,"victory":false,"max_hp_per_floor":[72,72,72,72,72,72,72,72,72,72,72,72,72,72,72,72,72,72,72,72,72,72],"card_choices":[{"not_picked":["MentalFortress","Collect"],"picked":"Halt","floor":1.0},{"not_picked":["InnerPeace","LikeWater"],"picked":"Perseverance","floor":3.0},{"not_picked":["Evaluate","Perseverance","ClearTheMind"],"picked":"SKIP","floor":4.0},{"not_picked":["EmptyBody","BowlingBash"],"picked":"Prostrate","floor":7.0},{"not_picked":["FlyingSleeves","FearNoEvil","EmptyFist"],"picked":"SKIP","floor":10.0},{"not_picked":["EmptyBody","ForeignInfluence"],"picked":"SandsOfTime","floor":15.0},{"not_picked":["Ragnarok","MasterReality"],"picked":"Judgement","floor":16},{"not_picked":["FearNoEvil","Fasting2+1"],"picked":"Crescendo+1","floor":18},{"not_picked":["Indignation","CrushJoints","BowlingBash"],"picked":"SKIP","floor":19}],"player_experience":127420,"relics_obtained":[{"floor":9.0,"key":"Centennial Puzzle"}],"event_choices":[{"cards_removed":["Strike_P"],"damage_healed":0.0,"max_hp_gain":0.0,"max_hp_loss":0.0,"gold_gain":0.0,"event_name":"Bonfire Elementals","player_choice":"Offered Basic","floor":5.0,"gold_loss":0.0,"damage_taken":0.0},{"damage_healed":0.0,"max_hp_gain":0.0,"max_hp_loss":0.0,"gold_gain":175.0,"event_name":"Liars Game","player_choice":"AGREE","floor":12.0,"gold_loss":0.0,"damage_taken":0.0,"cards_obtained":["Doubt"]},{"cards_removed":["Doubt"],"damage_healed":0.0,"max_hp_gain":0.0,"max_hp_loss":0.0,"gold_gain":0.0,"event_name":"Golden Wing","player_choice":"Card Removal","floor":13.0,"gold_loss":0.0,"damage_taken":7.0}],"is_beta":false,"boss_relics":[{"not_picked":["Sandwich","halation:Yufonium","halation:Prosthetics"]}],"items_purged_floors":[],"is_endless":false,"potions_floor_spawned":[3,7,10,19],"killed_by":"Centurion and Healer","ascension_level":0}}