{"host":"ysfsqg56rsjwjc5s","time":1608341812,"event":{"mods":["AchievementEnabler","Act Like it!","Ascension Reborn","BaseMod","Better Third Choice","BetterRewards","Colored Map","Colored Powertips","Curses Come First","Energized Spire","Gold Saver","Hallownest","Hubris","Minty Spire (QoL Compilation)","Permanent Neow","Quick Restart","Replay The Spire","Spicy Shops","StSLib","The Bladedancer","The Construct","The Disciple","??????REMEMod"],"gold_per_floor":[1791,865,876,893,906,906,941,941,941,941,302,266,266,266,266,369,369,380,380,365,36,54,54,85,98,125,144,77,77,77,10,10,107,107,120,137,153,153,3,3,34,34,60,60,78,93,106,134,134,134],"floor_reached":51,"playtime":2872,"items_purged":[],"score":800,"play_id":"342e1149-31f7-4653-8831-b7c7be3ef6ab","local_time":"20201218193652","is_ascension_mode":false,"campfire_choices":[{"floor":6,"key":"REST"},{"floor":8,"key":"REST"},{"floor":13,"key":"REST"},{"floor":15,"key":"REST"},{"floor":23,"key":"REST"},{"floor":30,"key":"REST"},{"data":"Caltrops","floor":32,"key":"SMITH"},{"data":"Phantasmal Killer","floor":40,"key":"SMITH"},{"floor":42,"key":"REST"},{"floor":49,"key":"REST"}],"circlet_count":0,"master_deck":["Strike_G+1","Strike_G","Strike_G","Strike_G","Strike_G","Defend_G","Defend_G","Defend_G","Defend_G","Defend_G+1","Survivor","Neutralize","Malaise","Poisoned Stab","Atom Bomb+1","Finesse","Poisoned Strike","Cloak And Dagger","Accuracy","ReplayTheSpireMod:Speed Training","Caltrops+1","Deflect","Quick Slash+1","Infinite Blades+1","Catalyst","ReplayTheSpireMod:From All Sides+1","Die Die Die","Toxin Wave","hubris:SlightOfHand","Deadly Poison","Deadly Poison","Accuracy+1","Blade Dance+1","Flying Knee","Phantasmal Killer+1","hubris:SlightOfHand","ReplayTheSpireMod:Scrap Shanks","Caltrops+1","Slice+1","Dagger Spray+1","Heel Hook","Flying Knee","ReplayTheSpireMod:Shiv Toss"],"relics":["Ring of the Snake","REME_ComplimentaryCards","Happy Flower","hubris:SlimyHat","Omamori","ReplayTheSpireMod:Lightbulb","Ornamental Fan","Matryoshka","OrangePellets","betterThird:SlimedRelic","hubris:Towel","Calling Bell","PreservedInsect","construct:FoamFinger","CaptainsWheel","hubris:TenFootPole","Bronze Scales","Chemical X","Whetstone","MealTicket","Replay:Baseball","hubris:Zylophone","Replay:Grab Bag","energizedSpire:NeverEndingSparkler","Sozu","hubris:Backtick","Torii","Runic Pyramid","Lee\u0027s Waffle","Lantern","Boot","Replay:Rubber Ducky","Gremlin Food"],"acts_visited":["Exordium","TheCity","TheBeyond"],"potions_floor_usage":[],"damage_taken":[{"damage":0,"enemies":"Cultist","floor":1,"turns":4},{"damage":2,"enemies":"2 Louse","floor":3,"turns":3},{"damage":0,"enemies":"Small Slimes","floor":4,"turns":4},{"damage":38,"enemies":"Exordium Thugs","floor":5,"turns":6},{"damage":26,"enemies":"3 Sentries","floor":7,"turns":12},{"damage":24,"enemies":"Slime Boss","floor":16,"turns":7},{"damage":0,"enemies":"Spheric Guardian","floor":18,"turns":1},{"damage":22,"enemies":"2 Thieves","floor":20,"turns":4},{"damage":9,"enemies":"Shelled Parasite and Fungi","floor":22,"turns":6},{"damage":0,"enemies":"Gremlin Leader","floor":24,"turns":6},{"damage":20,"enemies":"Cultist and Chosen","floor":25,"turns":5},{"damage":15,"enemies":"3 Cultists","floor":27,"turns":4},{"damage":39,"enemies":"Collector","floor":33,"turns":9},{"damage":28,"enemies":"3 Darklings","floor":35,"turns":3},{"damage":1,"enemies":"Orb Walker","floor":36,"turns":4},{"damage":27,"enemies":"3 Darklings","floor":37,"turns":4},{"damage":14,"enemies":"Nemesis","floor":41,"turns":3},{"damage":18,"enemies":"4 Shapes","floor":45,"turns":5},{"damage":6,"enemies":"Sphere and 2 Shapes","floor":46,"turns":2},{"damage":4,"enemies":"Writhing Mass","floor":47,"turns":3},{"damage":19,"enemies":"R_Hoarder","floor":48,"turns":4},{"damage":45,"enemies":"Donu and Deca","floor":50,"turns":6}],"seed_played":"8929084146982338211","potions_obtained":[{"floor":3,"key":"SkillPotion"},{"floor":4,"key":"FearPotion"},{"floor":16,"key":"Adrenaline Potion"}],"is_trial":false,"path_per_floor":["M","$","M","M","M","R","E","R","T","?","$","?","R","?","R","B",null,"M","?","M","$","M","R","E","M","T","M","$","?","R","$","R","B",null,"M","M","M","?","$","R","E","R","T","$","M","M","M","E","R","B",null],"character_chosen":"THE_SILENT","items_purchased":["Happy Flower","hubris:SlimyHat","Atom Bomb","Finesse","Poisoned Strike","Cloak And Dagger","Accuracy","Omamori","Infinite Blades","Catalyst","Matryoshka","OrangePellets","ReplayTheSpireMod:From All Sides+1","Bronze Scales","FairyPotion","Chemical X","Flying Knee","hubris:Zylophone","Lee\u0027s Waffle"],"campfire_rested":8,"item_purchase_floors":[2,2,2,2,2,2,2,2,11,11,11,11,11,21,21,21,28,31,39],"current_hp_per_floor":[70,70,68,68,30,51,25,46,46,46,46,35,56,56,70,46,70,70,70,48,48,39,60,60,40,40,25,40,40,61,70,70,31,70,42,41,14,14,77,77,63,77,77,77,59,53,49,30,53,8],"gold":134,"neow_bonus":"UPGRADE_CARD","is_daily":false,"chose_seed":false,"campfire_upgraded":2,"win_rate":0.0,"timestamp":1608341812,"path_taken":["M","$","M","M","M","R","E","R","T","?","$","?","R","?","R","BOSS","M","?","M","?","M","R","E","M","T","M","$","?","R","$","R","BOSS","M","M","M","?","$","R","E","R","T","$","M","?","M","E","R","BOSS"],"items_purchased_type":["Relic","Relic","Card","Card","Card","Card","Card","Relic","Card","Card","Relic","Relic","Card","Relic","Potion","Relic","Card","Relic","Relic"],"build_version":"2020-12-13","purchased_purges":0,"victory":true,"max_hp_per_floor":[70,70,70,70,70,70,70,70,70,70,70,70,70,70,70,70,70,70,70,70,70,70,70,70,70,70,70,70,70,70,70,70,70,70,70,70,70,70,77,77,77,77,77,77,77,77,77,77,77,77],"card_choices":[{"not_picked":["ReplayTheSpireMod:Exploit Weakness","hubris:TrickCloak"],"picked":"Poisoned Stab","floor":1},{"not_picked":["Acrobatics","Cloak And Dagger"],"picked":"ReplayTheSpireMod:Speed Training","floor":3},{"not_picked":["Deflect","Sucker Punch"],"picked":"Caltrops","floor":4},{"not_picked":["Dagger Throw","Cloak And Dagger"],"picked":"Deflect","floor":5},{"not_picked":["ReplayTheSpireMod:Tripwire","Sucker Punch"],"picked":"Quick Slash","floor":7},{"not_picked":["Poison Darts","Glass Knife"],"picked":"Die Die Die","floor":16},{"not_picked":["Leg Sweep","Quick Slash+1"],"picked":"Toxin Wave","floor":18},{"not_picked":["Well Laid Plans","Tools of the Trade"],"picked":"hubris:SlightOfHand","floor":20},{"not_picked":["PiercingWail+1","Fluid Movement+1"],"picked":"Deadly Poison","floor":22},{"not_picked":["Blade Dance","hubris:SlightOfHand"],"picked":"Deadly Poison","floor":24},{"not_picked":["All Out Attack+1","ReplayTheSpireMod:Necrosis"],"picked":"Accuracy+1","floor":25},{"not_picked":["Deadly Poison","Hidden Blade+1"],"picked":"Blade Dance+1","floor":27},{"not_picked":["Replay:Bag of Tricks","Tools of the Trade"],"picked":"Phantasmal Killer","floor":33},{"not_picked":["Acrobatics+1","Cloak And Dagger","Dodge and Roll+1"],"picked":"SKIP","floor":35},{"not_picked":["Blur","Deflect"],"picked":"hubris:SlightOfHand","floor":36},{"not_picked":["Flying Knee","Dash+1"],"picked":"ReplayTheSpireMod:Scrap Shanks","floor":37},{"not_picked":["Bane+1","Flying Knee+1"],"picked":"Slice+1","floor":41},{"not_picked":["Reflex+1","Prepared+1"],"picked":"Dagger Spray+1","floor":45},{"not_picked":["Flying Knee","Finisher+1"],"picked":"Heel Hook","floor":46},{"not_picked":["Hidden Blade","Poisoned Stab"],"picked":"Flying Knee","floor":47},{"not_picked":["Bane","Replay:Poison Smokescreen+1"],"picked":"ReplayTheSpireMod:Shiv Toss","floor":48}],"player_experience":82861,"relics_obtained":[{"floor":7,"key":"ReplayTheSpireMod:Lightbulb"},{"floor":9,"key":"Ornamental Fan"},{"floor":17,"key":"PreservedInsect"},{"floor":17,"key":"construct:FoamFinger"},{"floor":17,"key":"CaptainsWheel"},{"floor":24,"key":"Whetstone"},{"floor":26,"key":"MealTicket"},{"floor":26,"key":"Replay:Baseball"},{"floor":41,"key":"Lantern"},{"floor":43,"key":"Boot"},{"floor":43,"key":"Replay:Rubber Ducky"},{"floor":48,"key":"Gremlin Food"}],"event_choices":[{"damage_healed":0,"gold_gain":0,"player_choice":"Slimed","damage_taken":11,"max_hp_gain":0,"max_hp_loss":0,"event_name":"betterThird:BetterGoop","floor":12,"gold_loss":36},{"damage_healed":0,"gold_gain":0,"player_choice":"Gave Potion","damage_taken":0,"relics_obtained":["hubris:TenFootPole"],"max_hp_gain":0,"max_hp_loss":0,"event_name":"WeMeetAgain","floor":19,"gold_loss":0},{"damage_healed":0,"gold_gain":0,"player_choice":"Copied","damage_taken":0,"max_hp_gain":0,"max_hp_loss":0,"event_name":"Duplicator","floor":38,"gold_loss":0,"cards_obtained":["Caltrops"]}],"is_beta":false,"boss_relics":[{"not_picked":["hubris:RunicObelisk","energizedSpire:CursedPentagram"],"picked":"Calling Bell"},{"not_picked":["hubris:GrandSneckoEye","Philosopher\u0027s Stone"],"picked":"Replay:Grab Bag"},{"not_picked":["hubris:VirtuousBlindfold","energizedSpire:HugeHouse"],"picked":"energizedSpire:NeverEndingSparkler"},{"not_picked":["Runic Dome","energizedSpire:OgreHead"],"picked":"Sozu"},{"not_picked":["Snecko Scales","Replay:Drink Me"],"picked":"hubris:Backtick"},{"not_picked":["Black Star","REME_LowDesire"],"picked":"Runic Pyramid"}],"items_purged_floors":[],"is_endless":false,"potions_floor_spawned":[3,4,16,18,25,33,36,37,41,47],"ascension_level":0}}