{"host":"coame8l8goqx0svj","time":1608405868,"event":{"mods":["BaseMod","Downfall","Minty Spire (QoL Compilation)","StSLib"],"gold_per_floor":[99,111,36,211,241,257,284,284,38,38,188,208,226,236,254,254,254],"floor_reached":16,"playtime":659,"items_purged":[],"score":158,"play_id":"4fb7046d-5a63-409b-afa2-9b9106a56809","local_time":"20201219202428","is_ascension_mode":true,"campfire_choices":[{"floor":1,"key":"RECALL"},{"data":"champ:FalseCounter","floor":3,"key":"SMITH"},{"floor":8,"key":"REST"},{"floor":10,"key":"REST"}],"circlet_count":0,"master_deck":["AscendersBane","champ:Strike","champ:Strike","champ:Strike","champ:Strike","champ:Defend","champ:Defend","champ:Defend","champ:Defend","champ:Execute","champ:Taunt","CurseOfTheBell","champ:FalseCounter+1","Doubt","champ:DefensiveShout","champ:ShieldSigil+1","champ:Lariat","champ:FalseCounter","champ:DefensiveStyle","Slimebound:Icky","champ:ShieldSigil"],"relics":["Calling Bell","Smiling Mask","Pear","Unceasing Top","downfall:HeartBlessingRed","Dream Catcher","Vajra","champ:Barbells"],"acts_visited":["Exordium"],"potions_floor_usage":[15,16,16],"damage_taken":[{"damage":13,"enemies":"Small Slimes","floor":2,"turns":5},{"damage":57,"enemies":"3 Sentries","floor":5,"turns":10},{"damage":21,"enemies":"Jaw Worm","floor":6,"turns":4},{"damage":8,"enemies":"downfall:FleeingMerchant","floor":9,"turns":4},{"damage":6,"enemies":"2 Louse","floor":12,"turns":1},{"damage":51,"enemies":"Exordium Thugs","floor":13,"turns":6},{"damage":8,"enemies":"2 Fungi Beasts","floor":14,"turns":4},{"damage":14,"enemies":"Red Slaver","floor":15,"turns":3},{"damage":15,"enemies":"downfall:Watcher","floor":16,"turns":4}],"seed_played":"4412911088782694446","potions_obtained":[{"floor":6,"key":"PowerPotion"},{"floor":14,"key":"AttackPotion"},{"floor":15,"key":"Explosive Potion"}],"is_trial":false,"path_per_floor":["R","M","R","?","E","M","T","R","$","R","?","M","M","M","M","B"],"character_chosen":"THE_CHAMP","items_purchased":["champ:Barbells","champ:FalseCounter"],"campfire_rested":2,"item_purchase_floors":[9,9],"current_hp_per_floor":[91,88,88,88,41,20,20,50,45,75,75,69,23,20,6,0,0],"gold":254,"neow_bonus":"BOSS_RELIC","is_daily":false,"chose_seed":false,"campfire_upgraded":1,"win_rate":0.0,"timestamp":1608405868,"path_taken":["R","M","R","?","E","M","T","R","$","R","?","?","M","M","M","BOSS"],"items_purchased_type":["Relic","Card"],"build_version":"2020-12-13","purchased_purges":0,"victory":false,"max_hp_per_floor":[100,100,100,100,100,100,100,100,100,100,100,100,100,100,100,100,100],"card_choices":[{"not_picked":["champ:PerfectedStrike","champ:SwordSigil"],"picked":"champ:FalseCounter","floor":2},{"not_picked":["champ:TornadoPunch","champ:BerserkersShout"],"picked":"champ:DefensiveShout","floor":5},{"not_picked":["champ:BladeFlurry","champ:FlashCut","champ:Riposte"],"picked":"SKIP","floor":6},{"not_picked":["champ:SteelEdge","champ:RageSigil"],"picked":"champ:ShieldSigil","floor":8},{"not_picked":["champ:FanOfKnives","champ:TornadoPunch"],"picked":"champ:Lariat","floor":9},{"not_picked":["champ:FocusedBerserking","champ:FanOfKnives"],"picked":"champ:DefensiveStyle","floor":10},{"not_picked":["champ:GladiatorsShout","champ:StanceDance","champ:PerfectedStrike"],"picked":"SKIP","floor":12},{"not_picked":["champ:GladiatorsShout","champ:BladeFlurry"],"picked":"champ:ShieldSigil","floor":13},{"not_picked":["champ:HeartStrike","champ:RageSigil","champ:DefensiveShout"],"picked":"SKIP","floor":14},{"not_picked":["champ:Encircle","champ:FocusedGladiator","champ:SwordSigil"],"picked":"SKIP","floor":15}],"player_experience":1669130,"relics_obtained":[{"floor":0,"key":"Smiling Mask"},{"floor":0,"key":"Pear"},{"floor":0,"key":"Unceasing Top"},{"floor":5,"key":"Dream Catcher"},{"floor":7,"key":"Vajra"}],"event_choices":[],"is_beta":false,"boss_relics":[],"items_purged_floors":[],"is_endless":false,"potions_floor_spawned":[6,14,15],"killed_by":"downfall:Watcher","ascension_level":11}}