{"host":"v4s5k3c6jywmeofl","time":1608404071,"event":{"mods":["Act Like it!","BaseMod","Colored Map","Downfall","Hallownest","Hermit","Marisa????????","Minty Spire (QoL Compilation)","Quick Restart","Random Character Button","Rare Cards Sparkle","Replay The Spire","StSLib","The Animator","The Bug Knight","The Cursed","The Hierophant","The Servant 0.9.4"],"gold_per_floor":[115,134,134,148,148,148,160,160,160,170,170,170,170,202,215,225,225,326,326,346,366,397,417,469,469,489,504,504,504,31,51,64,64,64,160,160,177,223,223,71,81,81,107,107,107,135,135,153,153,153,153,153,153],"floor_reached":52,"playtime":2046,"items_purged":["Defend_R"],"score":589,"play_id":"8d76662b-af19-4eef-a517-9abb96bf38ef","local_time":"20201219135431","is_ascension_mode":false,"campfire_choices":[{"data":"Flex","floor":6,"key":"SMITH"},{"data":"Infernal Blade","floor":13,"key":"SMITH"},{"data":"Rupture","floor":25,"key":"SMITH"},{"floor":34,"key":"REST"},{"floor":42,"key":"RECALL"},{"floor":44,"key":"REST"},{"floor":51,"key":"REST"}],"circlet_count":0,"master_deck":["Flex+1","Flame Barrier","Rupture+1","Iron Wave","Infernal Blade+1","Pommel Strike","Pommel Strike","Flex+1","Offering","ReplayTheSpireMod:Muscle Training","Infernal Blade+1","Replay:Undeath\u0027s Touch+1","Life Link+1","Iron Wave","Rage","Infernal Blade+1","Armaments+1","Offering","Fiend Fire+1","Power Through+1","Shockwave+1","Body Slam+1","Flex","ReplayTheSpireMod:Muscle Training","Body Slam+1","Rage+1","Pommel Strike","Feel No Pain","Flex+1"],"relics":["Burning Blood","NeowsBlessing","Sundial","ReplayTheSpireMod:TigerMarble","Bronze Scales","Replay:Drink Me","Red Mask","Mercury Hourglass","Replay:Wax Seal","Orichalcum","Brimstone","Astrolabe","Bird Faced Urn","Strange Spoon","Dream Catcher","Pantograph","Letter Opener"],"acts_visited":["Exordium","TheCity","TheBeyond"],"potions_floor_usage":[52],"damage_taken":[{"damage":0,"enemies":"Small Slimes","floor":1,"turns":1},{"damage":0,"enemies":"Cultist","floor":2,"turns":1},{"damage":0,"enemies":"Jaw Worm","floor":4,"turns":1},{"damage":34,"enemies":"Exordium Wildlife","floor":7,"turns":6},{"damage":12,"enemies":"Blue Slaver","floor":10,"turns":3},{"damage":26,"enemies":"3 Sentries","floor":14,"turns":7},{"damage":2,"enemies":"Exordium Thugs","floor":15,"turns":3},{"damage":10,"enemies":"Large Slime","floor":16,"turns":3},{"damage":52,"enemies":"The Guardian","floor":18,"turns":10},{"damage":7,"enemies":"2 Thieves","floor":20,"turns":4},{"damage":17,"enemies":"3 Byrds","floor":21,"turns":2},{"damage":7,"enemies":"Masked Bandits","floor":22,"turns":2},{"damage":12,"enemies":"Snake Plant","floor":23,"turns":2},{"damage":7,"enemies":"Centurion and Healer","floor":26,"turns":2},{"damage":1,"enemies":"3 Cultists","floor":27,"turns":2},{"damage":7,"enemies":"Shelled Parasite and Fungi","floor":31,"turns":1},{"damage":9,"enemies":"Cultist and Chosen","floor":32,"turns":3},{"damage":8,"enemies":"Automaton","floor":35,"turns":3},{"damage":13,"enemies":"Orb Walker","floor":37,"turns":1},{"damage":12,"enemies":"2 Orb Walkers","floor":38,"turns":1},{"damage":13,"enemies":"3 Darklings","floor":41,"turns":2},{"damage":19,"enemies":"Reptomancer","floor":43,"turns":3},{"damage":13,"enemies":"HollowMod:StalkingDevout","floor":46,"turns":2},{"damage":20,"enemies":"Jaw Worm Horde","floor":48,"turns":3},{"damage":77,"enemies":"Time Eater","floor":52,"turns":6}],"seed_played":"-34436135305654745","potions_obtained":[{"floor":2,"key":"sneckomod:MuddlingPotion"},{"floor":7,"key":"GamblersBrew"},{"floor":10,"key":"SpeedPotion"},{"floor":31,"key":"Block Potion"},{"floor":48,"key":"Strength Potion"}],"is_trial":false,"path_per_floor":["M","M","?","M","?","R","M","PTL","PTL","M","T","T","R","E","M","M","R_BF","B",null,"M","M","?","M","T","R","M","M","T","?","$","M","M","?","R","B",null,"M","?","?","$","M","R","E","R","T","E","?","M","?","$","R","B"],"character_chosen":"IRONCLAD","items_purchased":["Replay:Wax Seal","Orichalcum","Rage","Brimstone","Strange Spoon"],"campfire_rested":3,"item_purchase_floors":[30,30,30,30,40],"current_hp_per_floor":[80,80,80,80,85,85,57,57,57,51,51,51,51,31,35,31,56,10,64,63,52,51,45,45,45,44,49,49,49,49,48,45,34,54,52,69,62,59,59,59,56,56,45,66,66,63,63,55,55,55,68,0,0],"gold":153,"neow_bonus":"THREE_ENEMY_KILL","is_daily":false,"chose_seed":false,"campfire_upgraded":3,"win_rate":0.0,"timestamp":1608404071,"path_taken":["M","M","?","?","?","R","M","PTL","PTL","M","T","?","R","E","M","?","R_BF","BOSS","M","M","?","M","?","R","M","M","T","?","$","M","?","?","R","BOSS","M","?","?","$","?","R","E","R","T","E","?","?","?","?","R","BOSS"],"items_purchased_type":["Relic","Relic","Card","Relic","Relic"],"build_version":"2020-12-13","purchased_purges":1,"victory":false,"max_hp_per_floor":[80,80,80,80,85,85,85,85,85,85,85,85,85,85,85,85,85,85,64,64,64,64,64,64,64,64,64,64,64,64,64,64,69,69,69,69,69,72,72,72,72,72,72,72,72,72,72,72,68,68,68,68,68],"card_choices":[{"not_picked":["Sword Boomerang","Body Slam"],"picked":"Flex","floor":1},{"not_picked":["Dual Wield","Perfected Strike"],"picked":"Flame Barrier","floor":2},{"not_picked":["Perfected Strike","Sword Boomerang"],"picked":"Rupture","floor":4},{"not_picked":["Twin Strike","Headbutt"],"picked":"Iron Wave","floor":7},{"not_picked":["Sword Boomerang","Disarm"],"picked":"Infernal Blade","floor":10},{"not_picked":["Berserk","Anger"],"picked":"Pommel Strike","floor":14},{"not_picked":["Clothesline","Replay:Undeath\u0027s Touch"],"picked":"Pommel Strike","floor":15},{"not_picked":["Pommel Strike","Twin Strike"],"picked":"Flex","floor":16},{"not_picked":["Replay:Many Hands","Double Tap"],"picked":"Offering","floor":18},{"not_picked":["Burning Pact","Warcry"],"picked":"ReplayTheSpireMod:Muscle Training","floor":20},{"not_picked":["Clothesline+1","Defy Death"],"picked":"Infernal Blade+1","floor":21},{"not_picked":["Pommel Strike","ReplayTheSpireMod:Corrosion Curse+1","Clothesline+1"],"picked":"SKIP","floor":23},{"not_picked":["Demonic Infusion","Shrug It Off"],"picked":"Replay:Undeath\u0027s Touch+1","floor":26},{"not_picked":["Perfected Strike+1","Pummel"],"picked":"Life Link+1","floor":27},{"not_picked":["Feel No Pain","Headbutt"],"picked":"Infernal Blade+1","floor":31},{"not_picked":["ReplayReversal","Entrench"],"picked":"Armaments+1","floor":32},{"not_picked":["Replay:Many Hands","Bludgeon"],"picked":"Offering","floor":35},{"not_picked":["Headbutt+1","ReplayTheSpireMod:Corrosion Curse+1"],"picked":"Body Slam+1","floor":37},{"not_picked":["Demonic Infusion","ReplayReversal"],"picked":"Flex","floor":38},{"not_picked":["Pummel","ReplayTheSpireMod:Strike From Hell+1"],"picked":"Body Slam+1","floor":41},{"not_picked":["Dropkick","Sword Boomerang","Whirlwind+1"],"picked":"SKIP","floor":43},{"not_picked":["Shrug It Off+1","ReplayTheSpireMod:LeadingStrike+1"],"picked":"Rage+1","floor":44},{"not_picked":["Seeing Red","Combust+1"],"picked":"Pommel Strike","floor":46},{"not_picked":["Body Slam","Clash"],"picked":"Flex+1","floor":48}],"player_experience":79622,"relics_obtained":[{"floor":11,"key":"Sundial"},{"floor":12,"key":"ReplayTheSpireMod:TigerMarble"},{"floor":14,"key":"Bronze Scales"},{"floor":22,"key":"Red Mask"},{"floor":28,"key":"Mercury Hourglass"},{"floor":38,"key":"Bird Faced Urn"},{"floor":43,"key":"Dream Catcher"},{"floor":45,"key":"Pantograph"},{"floor":46,"key":"Letter Opener"}],"event_choices":[{"cards_removed":["Defend_R"],"damage_healed":0,"gold_gain":0,"player_choice":"Offered Basic","damage_taken":0,"max_hp_gain":0,"max_hp_loss":0,"event_name":"Bonfire Elementals","floor":3,"gold_loss":0},{"damage_healed":0,"gold_gain":0,"player_choice":"Donut","damage_taken":0,"max_hp_gain":5,"max_hp_loss":0,"event_name":"Big Fish","floor":5,"gold_loss":0},{"damage_healed":0,"gold_gain":0,"player_choice":"Fought Bandits","damage_taken":0,"max_hp_gain":0,"max_hp_loss":0,"event_name":"Masked Bandits","floor":22,"gold_loss":0},{"cards_removed":["Strike_R"],"damage_healed":0,"gold_gain":0,"player_choice":"Took Card","damage_taken":0,"max_hp_gain":0,"max_hp_loss":0,"event_name":"NoteForYourself","floor":29,"gold_loss":0,"cards_obtained":["Iron Wave"]},{"damage_healed":0,"gold_gain":0,"player_choice":"Shed Blood","damage_taken":16,"max_hp_gain":5,"max_hp_loss":0,"event_name":"Forgotten Altar","floor":33,"gold_loss":0},{"damage_healed":0,"gold_gain":0,"player_choice":"Fight","damage_taken":0,"max_hp_gain":0,"max_hp_loss":0,"event_name":"Mysterious Sphere","floor":38,"gold_loss":0},{"damage_healed":0,"gold_gain":0,"player_choice":"Copied","damage_taken":0,"max_hp_gain":0,"max_hp_loss":0,"event_name":"Duplicator","floor":39,"gold_loss":0,"cards_obtained":["ReplayTheSpireMod:Muscle Training"]},{"damage_healed":0,"gold_gain":0,"cards_transformed":["Bash"],"player_choice":"Transformed","damage_taken":0,"max_hp_gain":0,"max_hp_loss":0,"event_name":"Transmorgrifier","floor":47,"gold_loss":0,"cards_obtained":["Feel No Pain"]},{"damage_healed":0,"gold_gain":0,"player_choice":"Max HP","damage_taken":0,"max_hp_gain":0,"max_hp_loss":4,"event_name":"Winding Halls","floor":49,"gold_loss":0}],"is_beta":false,"boss_relics":[{"not_picked":["Empty Cage","Replay:Wanted Poster"],"picked":"Replay:Drink Me"},{"not_picked":["Runic Dome","Calling Bell"],"picked":"Astrolabe"}],"items_purged_floors":[30],"is_endless":false,"potions_floor_spawned":[2,7,10,16,31,32,35,41,48],"killed_by":"Time Eater","ascension_level":0}}