{"host":"byk3qgk4ssu2vqk6","time":1608387036,"event":{"mods":["BaseMod","Better Altar","Better Match","Better Sensory Stone","Better Skull","Better Third Choice","Block Reminder","Colored Map","Colored Powertips","Communication Mod","DeckTracker","Highlight Path","Minty Spire (QoL Compilation)","Permanent Neow","StSLib"],"gold_per_floor":[109,128,128,148,148,148,159,159,238,11,37,2,2,13,13,118,118,129,129,147,147,97,97,108,108,108,138,98,23,23,33,33,134,134,151,151,168,214,229,229,229,229],"floor_reached":41,"playtime":1707,"items_purged":["Strike_B"],"score":424,"play_id":"2d6f9df8-f72b-4c4e-9435-45b8743d3474","local_time":"20201219091036","is_ascension_mode":false,"campfire_choices":[{"data":"Streamline","floor":6.0,"key":"SMITH"},{"data":"Electrodynamics","floor":13.0,"key":"SMITH"},{"data":"Defragment","floor":15.0,"key":"SMITH"},{"data":"Amplify","floor":23.0,"key":"SMITH"},{"data":"Consume","floor":25.0,"key":"SMITH"},{"floor":32.0,"key":"REST"},{"floor":40.0,"key":"REST"}],"circlet_count":0,"master_deck":["Strike_B+1","Defend_B","Defend_B","Defend_B","Zap","Dualcast","Core Surge+1","Steam","Redo","Apotheosis+1","Streamline+1","Bandage Up","Electrodynamics+1","Defragment+1","Loop","Amplify+1","Steam","Consume+1","White Noise+1","Hyperbeam","White Noise+1","Loop+1","Auto Shields+1","Capacitor+1","White Noise"],"relics":["Cracked Core","Bottled Tornado","Bag of Preparation","Whetstone","Runic Pyramid","Oddly Smooth Stone","Shovel","Juzu Bracelet","Astrolabe","Peace Pipe"],"acts_visited":["Exordium","TheCity","TheBeyond"],"potions_floor_usage":[41],"damage_taken":[{"damage":7.0,"enemies":"2 Louse","floor":1.0,"turns":2.0},{"damage":1.0,"enemies":"Jaw Worm","floor":2.0,"turns":3.0},{"damage":1.0,"enemies":"Cultist","floor":4.0,"turns":3.0},{"damage":5.0,"enemies":"Looter","floor":7.0,"turns":3.0},{"damage":10.0,"enemies":"Exordium Thugs","floor":14.0,"turns":2.0},{"damage":33.0,"enemies":"The Guardian","floor":16.0,"turns":7.0},{"damage":15.0,"enemies":"Spheric Guardian","floor":18.0,"turns":4.0},{"damage":10.0,"enemies":"Chosen","floor":20.0,"turns":3.0},{"damage":19.0,"enemies":"Centurion and Healer","floor":24.0,"turns":5.0},{"damage":22.0,"enemies":"Slavers","floor":27.0,"turns":3.0},{"damage":0.0,"enemies":"3 Cultists","floor":31.0,"turns":2.0},{"damage":23.0,"enemies":"Collector","floor":33.0,"turns":5.0},{"damage":9.0,"enemies":"3 Darklings","floor":35.0,"turns":3.0},{"damage":16.0,"enemies":"3 Shapes","floor":37.0,"turns":3.0},{"damage":45.0,"enemies":"2 Orb Walkers","floor":38.0,"turns":3.0},{"damage":14.0,"enemies":"Jaw Worm Horde","floor":39.0,"turns":3.0},{"damage":34,"enemies":"Nemesis","floor":41,"turns":3}],"seed_played":"7636943712143493707","potions_obtained":[{"floor":2.0,"key":"EssenceOfSteel"},{"floor":14.0,"key":"Swift Potion"},{"floor":16.0,"key":"AttackPotion"},{"floor":18.0,"key":"Block Potion"},{"floor":27.0,"key":"PotionOfCapacity"},{"floor":31.0,"key":"FocusPotion"},{"floor":37.0,"key":"FocusPotion"}],"is_trial":false,"path_per_floor":["M","M","?","M","?","R","M","?","T","$","T","?","R","M","R","B",null,"M","?","M","?","?","R","M","R","T","E","?","$","?","M","R","B",null,"M","?","M","?","M","R","E"],"character_chosen":"DEFECT","items_purchased":["Defragment","Bag of Preparation"],"campfire_rested":2,"item_purchase_floors":[10,10],"current_hp_per_floor":[68,67,67,66,66,66,65,65,65,65,65,75,75,65,65,36,75,64,64,58,58,58,58,43,43,43,25,25,25,25,31,53,36,75,72,71,55,14,6,27,0,0],"gold":229,"neow_bonus":"ONE_RANDOM_RARE_CARD","is_daily":false,"chose_seed":false,"campfire_upgraded":5,"win_rate":0.0,"timestamp":1608387036,"path_taken":["M","M","?","M","?","R","?","?","T","$","?","?","R","M","R","BOSS","M","?","M","?","?","R","?","R","T","E","?","?","?","M","R","BOSS","M","?","M","?","M","R","E"],"items_purchased_type":["Card","Relic"],"build_version":"2020-12-13","purchased_purges":1,"victory":false,"max_hp_per_floor":[75,75,75,75,75,75,75,75,75,75,75,75,75,75,75,75,75,75,75,75,75,75,75,75,75,75,75,75,75,75,75,75,75,75,75,71,71,71,71,71,71,71],"card_choices":[{"not_picked":["Cold Snap","Gash"],"picked":"Steam","floor":1.0},{"not_picked":["Go for the Eyes","Barrage"],"picked":"Redo","floor":2.0},{"not_picked":["Rebound","Redo"],"picked":"Streamline","floor":4.0},{"not_picked":["PanicButton","Good Instincts"],"picked":"Bandage Up","floor":5.0},{"not_picked":["Go for the Eyes","Stack"],"picked":"Electrodynamics","floor":7.0},{"not_picked":["Steam","Gash"],"picked":"Loop","floor":14.0},{"not_picked":["Multi-Cast","All For One"],"picked":"Amplify","floor":16.0},{"not_picked":["Hologram","Stack+1","Go for the Eyes"],"picked":"SKIP","floor":18.0},{"not_picked":["Stack","Gash"],"picked":"Steam","floor":20.0},{"not_picked":["Go for the Eyes","Streamline"],"picked":"Consume","floor":24.0},{"not_picked":["Heatsinks+1","Ball Lightning"],"picked":"White Noise","floor":27.0},{"not_picked":["Auto Shields","Darkness+1","Barrage+1"],"picked":"SKIP","floor":31.0},{"not_picked":["Biased Cognition","Multi-Cast"],"picked":"Hyperbeam","floor":33.0},{"not_picked":["Ball Lightning","Stack"],"picked":"Capacitor+1","floor":35.0},{"not_picked":["Steam+1","Fusion","Barrage"],"picked":"SKIP","floor":37.0},{"not_picked":["Darkness+1","Skim"],"picked":"White Noise","floor":38.0},{"not_picked":["Auto Shields","BootSequence","Steam+1"],"picked":"SKIP","floor":39.0}],"player_experience":334926,"relics_obtained":[{"floor":9.0,"key":"Bottled Tornado"},{"floor":11.0,"key":"Whetstone"},{"floor":26.0,"key":"Shovel"},{"floor":27.0,"key":"Juzu Bracelet"},{"floor":38.0,"key":"Peace Pipe"}],"event_choices":[{"damage_healed":67.0,"max_hp_gain":0.0,"max_hp_loss":75.0,"gold_gain":0.0,"event_name":"betterThird:BetterShining","player_choice":"Embrace","floor":3.0,"gold_loss":0.0,"damage_taken":0.0},{"damage_healed":0.0,"max_hp_gain":0.0,"max_hp_loss":0.0,"gold_gain":1.0,"event_name":"betterStone:BetterStone","player_choice":"1","floor":5.0,"gold_loss":0.0,"damage_taken":0.0},{"damage_healed":0.0,"max_hp_gain":0.0,"max_hp_loss":0.0,"gold_gain":0.0,"event_name":"NoteForYourself","player_choice":"Ignored","floor":8.0,"gold_loss":0.0,"damage_taken":0.0},{"damage_healed":18.0,"max_hp_gain":0.0,"max_hp_loss":0.0,"gold_gain":0.0,"event_name":"The Cleric","player_choice":"Healed","floor":12.0,"gold_loss":35.0,"damage_taken":0.0},{"damage_healed":0.0,"max_hp_gain":0.0,"max_hp_loss":0.0,"gold_gain":0.0,"event_name":"The Mausoleum","player_choice":"Opened","floor":19.0,"gold_loss":0.0,"damage_taken":0.0,"relics_obtained":["Oddly Smooth Stone"]},{"damage_healed":0.0,"max_hp_gain":0.0,"max_hp_loss":0.0,"gold_gain":0.0,"event_name":"betterThird:BetterWriting","player_choice":"Adaptability","floor":21.0,"gold_loss":0.0,"damage_taken":0.0},{"damage_healed":0.0,"max_hp_gain":0.0,"max_hp_loss":0.0,"gold_gain":0.0,"event_name":"The Joust","player_choice":"Bet on Murderer","floor":22.0,"gold_loss":50.0,"damage_taken":0.0},{"damage_healed":0.0,"max_hp_gain":0.0,"max_hp_loss":0.0,"gold_gain":0.0,"event_name":"Designer","player_choice":"Upgrade","floor":28.0,"gold_loss":40.0,"damage_taken":0.0,"cards_upgraded":["White Noise"]},{"damage_healed":0.0,"max_hp_gain":0.0,"max_hp_loss":0.0,"gold_gain":0.0,"event_name":"Cursed Tome","player_choice":"Ignored","floor":30.0,"gold_loss":0.0,"damage_taken":0.0},{"damage_healed":0.0,"max_hp_gain":0.0,"max_hp_loss":4.0,"gold_gain":0.0,"event_name":"Winding Halls","player_choice":"Max HP","floor":36.0,"gold_loss":0.0,"damage_taken":0.0},{"damage_healed":0.0,"max_hp_gain":0.0,"max_hp_loss":0.0,"gold_gain":0.0,"event_name":"Mysterious Sphere","player_choice":"Fight","floor":38.0,"gold_loss":0.0,"damage_taken":0.0}],"is_beta":false,"boss_relics":[{"not_picked":["SlaversCollar","Velvet Choker"],"picked":"Runic Pyramid"},{"not_picked":["Calling Bell","SacredBark"],"picked":"Astrolabe"}],"items_purged_floors":[29],"is_endless":false,"potions_floor_spawned":[2,14,16,18,20,27,31,37],"killed_by":"Nemesis","ascension_level":0}}