{"host":"m6aaltr68g9tvoay","time":1608358469,"event":{"mods":["AchievementEnabler","BaseMod","Colored Map","Minty Spire (QoL Compilation)","StSLib"],"gold_per_floor":[115,126,61,61,61,61,92,92,92,92,121,136,15,34,34,106,106,121,148,148,160,176,176,176,208,234,234,23,23,40,57,57,57,57],"floor_reached":33,"playtime":1071,"items_purged":[],"score":532,"play_id":"1791966e-2517-4074-a538-7bdde68c0d2f","local_time":"20201218221429","is_ascension_mode":true,"campfire_choices":[{"data":"Backstab","floor":6,"key":"SMITH"},{"data":"Poisoned Stab","floor":8,"key":"SMITH"},{"floor":10,"key":"REST"},{"data":"Blur","floor":15,"key":"SMITH"},{"floor":23,"key":"REST"},{"floor":29,"key":"REST"},{"floor":32,"key":"REST"}],"circlet_count":0,"master_deck":["AscendersBane","Strike_G","Strike_G","Strike_G","Defend_G","Defend_G","Defend_G","Defend_G","Survivor","Neutralize","Unload","Poisoned Stab+1","Backstab+1","PiercingWail","Endless Agony","Backflip","Catalyst","Noxious Fumes","Blur+1","Phantasmal Killer","Backflip+1","Infinite Blades+1","Blade Dance+1","Poisoned Stab","Finisher","Decay","Bouncing Flask","Heel Hook+1","Leg Sweep"],"relics":["Ring of the Snake","Sundial","Thread and Needle","HornCleat","Nunchaku","Astrolabe","Red Mask","Strawberry","Bag of Marbles","MutagenicStrength","HandDrill"],"acts_visited":["Exordium","TheCity"],"potions_floor_usage":[16,16,19,22,30,31,33],"damage_taken":[{"damage":0,"enemies":"2 Louse","floor":1,"turns":3},{"damage":4,"enemies":"Jaw Worm","floor":2,"turns":4},{"damage":37,"enemies":"3 Sentries","floor":7,"turns":9},{"damage":10,"enemies":"Gremlin Nob","floor":11,"turns":4},{"damage":0,"enemies":"Small Slimes","floor":12,"turns":2},{"damage":0,"enemies":"2 Fungi Beasts","floor":14,"turns":2},{"damage":7,"enemies":"Hexaghost","floor":16,"turns":11},{"damage":0,"enemies":"Spheric Guardian","floor":18,"turns":3},{"damage":8,"enemies":"Masked Bandits","floor":19,"turns":4},{"damage":9,"enemies":"3 Byrds","floor":21,"turns":5},{"damage":6,"enemies":"Snake Plant","floor":22,"turns":4},{"damage":20,"enemies":"Slavers","floor":25,"turns":5},{"damage":24,"enemies":"3 Cultists","floor":30,"turns":5},{"damage":0,"enemies":"Chosen and Byrds","floor":31,"turns":4},{"damage":70,"enemies":"Champ","floor":33,"turns":10}],"seed_played":"-1080556862560093798","potions_obtained":[{"floor":7,"key":"Dexterity Potion"},{"floor":12,"key":"BlessingOfTheForge"},{"floor":16,"key":"SneckoOil"},{"floor":19,"key":"SpeedPotion"},{"floor":21,"key":"Block Potion"},{"floor":30,"key":"LiquidMemories"}],"is_trial":false,"path_per_floor":["M","M","?","?","?","R","E","R","T","R","E","M","$","M","R","B",null,"M","?","?","M","M","R","?","E","T","?","$","R","M","M","R","B"],"character_chosen":"THE_SILENT","items_purchased":["Catalyst","Noxious Fumes","HandDrill","Energy Potion"],"campfire_rested":4,"item_purchase_floors":[13,13,28,28],"current_hp_per_floor":[59,55,55,37,59,59,22,22,22,41,31,31,31,31,31,24,56,56,48,48,39,33,52,52,39,39,39,39,60,36,36,57,0,0],"gold":57,"neow_bonus":"ONE_RANDOM_RARE_CARD","is_daily":false,"chose_seed":false,"campfire_upgraded":3,"win_rate":0.0,"timestamp":1608358469,"path_taken":["M","M","?","?","?","R","E","R","T","R","E","M","$","M","R","BOSS","M","?","?","M","M","R","?","E","T","?","$","R","?","M","R","BOSS"],"items_purchased_type":["Card","Card","Relic","Potion"],"build_version":"2020-12-13","purchased_purges":0,"victory":false,"max_hp_per_floor":[66,66,66,66,66,66,66,66,66,66,66,66,66,66,66,66,66,66,66,66,66,66,66,66,73,73,73,73,73,73,73,73,73,73],"card_choices":[{"not_picked":["Quick Slash","Deflect"],"picked":"Poisoned Stab","floor":1},{"not_picked":["Deadly Poison","Acrobatics"],"picked":"Backstab","floor":2},{"not_picked":["Poisoned Stab","Underhanded Strike"],"picked":"PiercingWail","floor":7},{"not_picked":["Eviscerate","Wraith Form v2"],"picked":"Endless Agony","floor":11},{"not_picked":["Underhanded Strike","Deflect"],"picked":"Backflip","floor":12},{"not_picked":["Dagger Throw","Concentrate"],"picked":"Blur","floor":14},{"not_picked":["A Thousand Cuts","Unload"],"picked":"Phantasmal Killer","floor":16},{"not_picked":["Dagger Throw","Dodge and Roll"],"picked":"Poisoned Stab","floor":18},{"not_picked":["Leg Sweep","Expertise"],"picked":"Finisher","floor":19},{"not_picked":["Cloak And Dagger","Underhanded Strike"],"picked":"Bouncing Flask","floor":21},{"not_picked":["Underhanded Strike","Outmaneuver","Blade Dance"],"picked":"SKIP","floor":22},{"not_picked":["Prepared","Phantasmal Killer","Quick Slash"],"picked":"SKIP","floor":25},{"not_picked":["Cloak And Dagger","Escape Plan"],"picked":"Heel Hook+1","floor":30},{"not_picked":["Deflect","Quick Slash"],"picked":"Leg Sweep","floor":31}],"player_experience":1259622,"relics_obtained":[{"floor":7,"key":"Thread and Needle"},{"floor":9,"key":"HornCleat"},{"floor":11,"key":"Nunchaku"},{"floor":19,"key":"Red Mask"},{"floor":25,"key":"Strawberry"},{"floor":26,"key":"Bag of Marbles"}],"event_choices":[{"damage_healed":0,"gold_gain":0,"player_choice":"Left Gold","damage_taken":0,"max_hp_gain":0,"max_hp_loss":0,"event_name":"World of Goop","floor":3,"gold_loss":65},{"damage_healed":0,"gold_gain":0,"player_choice":"Success","damage_taken":18,"relics_obtained":["Sundial"],"max_hp_gain":0,"max_hp_loss":0,"event_name":"Scrap Ooze","floor":4,"gold_loss":0},{"damage_healed":22,"gold_gain":0,"player_choice":"Banana","damage_taken":0,"max_hp_gain":0,"max_hp_loss":0,"event_name":"Big Fish","floor":5,"gold_loss":0},{"damage_healed":0,"gold_gain":0,"player_choice":"Fought Bandits","damage_taken":0,"max_hp_gain":0,"max_hp_loss":0,"event_name":"Masked Bandits","floor":19,"gold_loss":0},{"damage_healed":0,"gold_gain":0,"player_choice":"Smashed Altar","damage_taken":0,"max_hp_gain":0,"max_hp_loss":0,"event_name":"Forgotten Altar","floor":20,"gold_loss":0,"cards_obtained":["Decay"]},{"damage_healed":0,"gold_gain":0,"player_choice":"Ignored","damage_taken":0,"max_hp_gain":0,"max_hp_loss":0,"event_name":"Vampires","floor":24,"gold_loss":0},{"damage_healed":0,"gold_gain":0,"player_choice":"Inject Mutagens","damage_taken":0,"relics_obtained":["MutagenicStrength"],"max_hp_gain":0,"max_hp_loss":0,"event_name":"Drug Dealer","floor":27,"gold_loss":0}],"is_beta":false,"boss_relics":[{"not_picked":["Busted Crown","Runic Pyramid"],"picked":"Astrolabe"}],"items_purged_floors":[],"is_endless":false,"potions_floor_spawned":[7,12,16,19,21,30],"killed_by":"Champ","ascension_level":19}}