{"host":"2461dio7vetlq1z3","time":1608419769,"event":{"mods":["2.2 Compatiblity","AchievementEnabler","BaseMod","Better Third Choice","Hermit","Marisa????????","Minty Spire (QoL Compilation)","Relic Stats","Spicy Shops","StSLib","Waifu the Spire"],"gold_per_floor":[109,162,179,149,164,164,193,193,218,232,244,272,272,197,197,275,275],"floor_reached":16,"playtime":1403,"items_purged":["Strike_R"],"score":280,"play_id":"00b7ec1a-f64f-4a3d-8605-5d15c667ad4f","local_time":"20201220001609","daily_mods":["Allstar","Diverse","DeadlyEvents"],"is_ascension_mode":true,"campfire_choices":[{"data":"Static Discharge","floor":6,"key":"SMITH"},{"data":"Bash","floor":8,"key":"SMITH"},{"data":"hermit:Brawl","floor":13,"key":"SMITH"},{"data":"Caltrops","floor":15,"key":"SMITH"}],"circlet_count":0,"master_deck":["AscendersBane","Strike_R+1","Strike_R","Strike_R","Strike_R+1","Defend_R","Defend_R","Defend_R","Defend_R","Bash+1","Finesse","Deep Breath","Forethought","Secret Weapon","Swift Strike","Flechettes","hermit:LuckOfTheDraw","Static Discharge+1","Limit Break","hermit:Brawl+1","Caltrops+1"],"relics":["Burning Blood","Art of War","Akabeko","Whetstone","Eternal Feather"],"acts_visited":["Exordium"],"potions_floor_usage":[12,12],"damage_taken":[{"damage":0,"enemies":"Small Slimes","floor":1,"turns":4},{"damage":1,"enemies":"Cultist","floor":3,"turns":3},{"damage":8,"enemies":"2 Louse","floor":5,"turns":3},{"damage":23,"enemies":"3 Sentries","floor":7,"turns":5},{"damage":5,"enemies":"Looter","floor":10,"turns":3},{"damage":6,"enemies":"2 Fungi Beasts","floor":11,"turns":3},{"damage":4,"enemies":"Gremlin Nob","floor":12,"turns":3},{"damage":74,"enemies":"The Guardian","floor":16,"turns":7}],"seed_played":"3563382493543807977","potions_obtained":[{"floor":1,"key":"DistilledChaos"},{"floor":4,"key":"DuplicationPotion"},{"floor":10,"key":"Block Potion"},{"floor":12,"key":"PowerPotion"}],"is_trial":true,"path_per_floor":["M","T","M","?","M","R","E","R","T","M","M","E","R","$","R","B"],"character_chosen":"IRONCLAD","items_purchased":[],"campfire_rested":0,"item_purchase_floors":[],"current_hp_per_floor":[74,74,75,75,73,73,56,56,56,57,57,59,71,71,75,7,7],"gold":275,"neow_bonus":"","is_daily":false,"chose_seed":false,"campfire_upgraded":4,"win_rate":0.0,"timestamp":1608419769,"path_taken":["M","?","M","?","M","R","?","R","T","M","M","E","R","$","R","BOSS"],"items_purchased_type":[],"build_version":"2020-12-13","purchased_purges":1,"victory":false,"max_hp_per_floor":[75,75,75,75,75,75,75,75,75,75,75,75,75,75,75,75,75],"relic_stats":{"counters":[8,31],"Eternal Feather":16,"Art of War":[4],"Whetstone":["Strike_R","Strike_R"],"obtain_stats":[{"Eternal Feather":12,"Art of War":2,"Whetstone":9,"Burning Blood":0,"Akabeko":7},{"Eternal Feather":7,"Art of War":1,"Whetstone":4,"Burning Blood":0,"Akabeko":4},{"Eternal Feather":24,"Art of War":4,"Whetstone":15,"Burning Blood":0,"Akabeko":15}],"Burning Blood":44},"card_choices":[{"not_picked":["hermit:Dive","Beam Cell"],"picked":"Flechettes","floor":1},{"not_picked":["Bane","hermit:ItchyTrigger"],"picked":"hermit:LuckOfTheDraw","floor":3},{"not_picked":["hermit:Glare","Reckless Charge"],"picked":"Static Discharge","floor":5},{"not_picked":["DoubleSpark","Rupture"],"picked":"Limit Break","floor":7},{"not_picked":["Dodge and Roll","Deadly Poison"],"picked":"hermit:Brawl","floor":10},{"not_picked":["GalacticHalo","Robbery"],"picked":"Caltrops","floor":11},{"not_picked":["LuminesStrike","hermit:Desperado","ForeignInfluence"],"picked":"SKIP","floor":12}],"player_experience":861776,"relics_obtained":[{"floor":2,"key":"Art of War"},{"floor":7,"key":"Akabeko"},{"floor":9,"key":"Whetstone"},{"floor":12,"key":"Eternal Feather"}],"event_choices":[{"damage_healed":0,"gold_gain":0,"player_choice":"Bought 2 Potions","damage_taken":0,"max_hp_gain":0,"max_hp_loss":0,"event_name":"The Woman in Blue","floor":4,"gold_loss":0}],"is_beta":false,"boss_relics":[],"items_purged_floors":[14],"is_endless":false,"potions_floor_spawned":[1,10,11,12],"killed_by":"The Guardian","ascension_level":15}}