{"host":"qo9r73vk7r3tmek1","time":1608390436,"event":{"mods":["ATMod(阿瑾Mod)","Act Like it!","Aspiration","BaseMod","CapriCore","Card Forge","Colored Powertips","Custom Start","Dota2Spire","Gensokyo","Minty Spire (QoL Compilation)","Permanent Neow","Relic Stats","Replay The Spire","Spicy Shops","StSLib","TestMod","The Cursed","vexMod","【遗物卡牌】REMEMod"],"gold_per_floor":[119,119,137,147,165,192,203,231,231,231,231,231,259,259,259,361,361,381,296,296,310,325,357,108,119,119,139,139,195,54,71,71,202,202,221,231,245,245,294,319,329,362,362,407,440,440,440,459,459,489,489,489,188,221,221],"floor_reached":56,"playtime":4746,"items_purged":[],"score":2101,"play_id":"1e353e2b-56b4-4f3e-a04b-dbce4f268985","local_time":"20201219230716","is_ascension_mode":false,"campfire_choices":[{"floor":11.0,"key":"REST"},{"floor":15.0,"key":"REST"},{"floor":32,"key":"RECALL"},{"floor":46,"key":"REST"},{"floor":49,"key":"REST"},{"floor":52,"key":"REST"}],"circlet_count":0,"master_deck":["AT_ShrugMaster+1","REME_ACTH+1","Dual Wield+1","Dark Embrace+1","Adrenaline+1","Well Laid Plans+1","AT_ThreeBodyProblem+1","Biased Cognition+1","Creative AI+1","Echo Form+1","Recycle+1","Heatsinks+1","Machine Learning+1","AT_WaterDrop+1","Defragment+1","Buffer+1","Self Repair+1","Fission+1","AT_StudyProgram+1","Storm+1","DevaForm+1","Enlightenment+1","testmod-FightingIntention+1","testmod-Reverberation+1","Secret Technique+1","ReplayUltimateDefense+1","Master of Strategy+1","Gensokyo:TurboGranny+1","TheCursedMod:NeowsMight+1","TheCursedMod:CircleOfAbyss+1","Flash of Steel+1","Impatience+1","AT_HeatAcrobatics+1","AT_EMC2+1","Blind+1","Capacitor+1","REME_FirmDetermination+1","Meteor Strike+1","AT_RobotInSpace+1","Finesse+1"],"relics":["Cracked Core","Hammer of Thor","Seething Fire","Anvil of the Gods","testmod-TestBox","REME_ComplimentaryCards","AT_ATBox","testmod-MagicalMallet","aspiration:Nostalgia","Replay:PocketPolymizer","vexMod:CardConverter","AT_SilvercatRing","AT_BellDemon","Omamori","Smiling Mask","Dota2Spire:PhaseBoots","Dota2Spire:RefresherOrb","Sundial","AT_ForceNature","DataDisk","Dota2Spire:Butterfly","Pear","Gremlin Horn","Bottled Flame","Bag of Preparation","Dota2Spire:MantaStyle","Dota2Spire:HandOfMidas","vexMod:BarristanHead","HornCleat","War Paint","Replay:Bottled Snecko","Dota2Spire:Bloodstone","Mummified Hand","testmod-InfectionSource","Dota2Spire:PowerTreads","Solar Panel","Dota2Spire:OctarineCore","StoneCalendar","AT_ArchangelStaff","Replay:Accelerometer","Dota2Spire:EchoSabre","Strawberry","Dota2Spire:UrnOfShadows","testmod-Fortitude","testmod-BlackFramedGlasses","AT_ChloranthyRing","AT_SunfireAegis","Sling","AT_ImmortalShieldbow","Dota2Spire:BladeMail"],"acts_visited":["Exordium","TheCity","TheBeyond","TheEnding"],"potions_floor_usage":[33,55,55],"damage_taken":[{"damage":19.0,"enemies":"2 Louse","floor":1.0,"turns":3.0},{"damage":11.0,"enemies":"Jaw Worm","floor":3.0,"turns":2.0},{"damage":5.0,"enemies":"Small Slimes","floor":4.0,"turns":2.0},{"damage":12.0,"enemies":"3 Louse","floor":5.0,"turns":3.0},{"damage":0.0,"enemies":"Gremlin Nob","floor":6.0,"turns":2.0},{"damage":16.0,"enemies":"2 Fungi Beasts","floor":7.0,"turns":3.0},{"damage":0.0,"enemies":"Lagavulin","floor":8.0,"turns":3.0},{"damage":0.0,"enemies":"Gremlin Nob","floor":13.0,"turns":2.0},{"damage":0.0,"enemies":"Hexaghost","floor":16.0,"turns":3.0},{"damage":0.0,"enemies":"Spheric Guardian","floor":18.0,"turns":2.0},{"damage":37.0,"enemies":"2 Thieves","floor":21.0,"turns":2.0},{"damage":0.0,"enemies":"Snecko","floor":22.0,"turns":1.0},{"damage":46.0,"enemies":"Slavers","floor":23.0,"turns":2.0},{"damage":13.0,"enemies":"Centurion and Healer","floor":25.0,"turns":2.0},{"damage":0.0,"enemies":"Snake Plant","floor":27.0,"turns":1.0},{"damage":0,"enemies":"Book of Stabbing","floor":29,"turns":2},{"damage":20,"enemies":"Cultist and Chosen","floor":31,"turns":3},{"damage":0,"enemies":"Collector","floor":33,"turns":2},{"damage":0,"enemies":"3 Shapes","floor":35,"turns":2},{"damage":0,"enemies":"3 Darklings","floor":36,"turns":1},{"damage":0,"enemies":"Jaw Worm Horde","floor":37,"turns":1},{"damage":0,"enemies":"Spire Growth","floor":39,"turns":2},{"damage":18,"enemies":"Reptomancer","floor":40,"turns":2},{"damage":0,"enemies":"Writhing Mass","floor":41,"turns":1},{"damage":0,"enemies":"Nemesis","floor":42,"turns":1},{"damage":0,"enemies":"Jaw Worm Horde","floor":44,"turns":1},{"damage":18,"enemies":"Reptomancer","floor":45,"turns":2},{"damage":2,"enemies":"Sphere and 2 Shapes","floor":48,"turns":1},{"damage":15,"enemies":"Time Eater","floor":50,"turns":3},{"damage":0,"enemies":"Shield and Spear","floor":54,"turns":2},{"damage":0,"enemies":"The Heart","floor":55,"turns":2}],"seed_played":"-4385180232507744699","potions_obtained":[{"floor":3.0,"key":"Fire Potion"},{"floor":4.0,"key":"Regen Potion"},{"floor":6.0,"key":"BlessingOfTheForge"},{"floor":18.0,"key":"DistilledChaos"},{"floor":23.0,"key":"Adrenaline Potion"},{"floor":33,"key":"Strength Potion"},{"floor":36,"key":"Fire Potion"},{"floor":41,"key":"Cursed Concoction"},{"floor":42,"key":"PowerPotion"},{"floor":45,"key":"FocusPotion"}],"is_trial":false,"path_per_floor":["M","?","M","M","M","E","M","E","T","?","R","?","E","?","R","B",null,"M","?","?","M","M","E","$","M","T","M","$","E","$","M","R","B",null,"M","M","M","?","M","E","M","E","T","M","E","R","?","M","R","B",null,"R","$","E","B",null],"character_chosen":"DEFECT","items_purchased":["Bottled Flame","Finesse","AT_SunfireAegis","Sling"],"campfire_rested":5,"item_purchase_floors":[24,30,53,53],"current_hp_per_floor":[56,56,45,40,28,61,55,55,55,55,85,67,77,83,111,111,111,111,111,113,108,115,89,91,78,78,98,98,98,100,104,104,116,135,135,137,137,132,132,124,126,136,143,144,126,144,146,146,146,146,146,146,146,146,146],"gold":221,"neow_bonus":"NOSTALGIA","is_daily":false,"chose_seed":false,"campfire_upgraded":0,"win_rate":0.0,"timestamp":1608390436,"path_taken":["M","?","M","M","M","E","M","E","T","?","R","?","E","?","R","BOSS","M","?","?","M","M","E","$","M","T","M","$","E","?","M","R","BOSS","M","M","M","?","M","E","M","E","T","M","E","R","?","?","R","BOSS","R","$","E","BOSS"],"items_purchased_type":["Relic","Card","Relic","Relic"],"build_version":"2020-12-13","purchased_purges":0,"victory":true,"max_hp_per_floor":[75,75,75,75,75,103,103,103,103,103,103,103,103,109,111,111,111,111,111,113,115,115,125,127,127,127,127,127,127,129,133,133,135,135,135,137,137,137,137,137,137,137,144,144,144,144,146,146,146,146,146,146,146,146,146],"relic_stats":{"Gremlin Horn":[18,21],"counters":[31,61],"Sundial":[8],"Mummified Hand":[328],"StoneCalendar":[0],"Bag of Preparation":[34],"War Paint":[],"Smiling Mask":0,"obtain_stats":[{"Replay:Accelerometer":42,"Dota2Spire:PowerTreads":37,"AT_ATBox":0,"Gremlin Horn":23,"Hammer of Thor":0,"Dota2Spire:RefresherOrb":17,"AT_ArchangelStaff":41,"Sling":53,"testmod-BlackFramedGlasses":45,"HornCleat":29,"vexMod:CardConverter":6,"Sundial":18,"Strawberry":43,"testmod-InfectionSource":36,"Dota2Spire:HandOfMidas":27,"testmod-TestBox":0,"Pear":23,"Dota2Spire:UrnOfShadows":44,"aspiration:Nostalgia":0,"Dota2Spire:Bloodstone":34,"AT_SilvercatRing":8,"War Paint":31,"testmod-Fortitude":45,"Bottled Flame":24,"Anvil of the Gods":0,"testmod-MagicalMallet":0,"Dota2Spire:PhaseBoots":16,"AT_BellDemon":12,"Solar Panel":39,"Dota2Spire:EchoSabre":42,"Replay:PocketPolymizer":2,"StoneCalendar":40,"Bag of Preparation":25,"Smiling Mask":13,"Mummified Hand":35,"Dota2Spire:BladeMail":54,"Replay:Bottled Snecko":33,"Cracked Core":0,"AT_ForceNature":19,"AT_ChloranthyRing":48,"Dota2Spire:MantaStyle":26,"Omamori":13,"Seething Fire":0,"AT_ImmortalShieldbow":54,"DataDisk":21,"Dota2Spire:Butterfly":22,"vexMod:BarristanHead":29,"Dota2Spire:OctarineCore":40,"AT_SunfireAegis":53,"REME_ComplimentaryCards":0,"ReplayTheSpireMod:ShopPack":14},{"Replay:Accelerometer":25,"Dota2Spire:PowerTreads":21,"AT_ATBox":0,"Gremlin Horn":13,"Hammer of Thor":0,"Dota2Spire:RefresherOrb":9,"AT_ArchangelStaff":24,"Sling":29,"testmod-BlackFramedGlasses":27,"HornCleat":16,"vexMod:CardConverter":5,"Sundial":10,"Strawberry":25,"testmod-InfectionSource":20,"Dota2Spire:HandOfMidas":15,"testmod-TestBox":0,"Pear":13,"Dota2Spire:UrnOfShadows":26,"aspiration:Nostalgia":0,"Dota2Spire:Bloodstone":18,"AT_SilvercatRing":7,"War Paint":17,"testmod-Fortitude":27,"Bottled Flame":13,"Anvil of the Gods":0,"testmod-MagicalMallet":0,"Dota2Spire:PhaseBoots":9,"AT_BellDemon":7,"Solar Panel":22,"Dota2Spire:EchoSabre":25,"Replay:PocketPolymizer":1,"StoneCalendar":23,"Bag of Preparation":14,"Smiling Mask":8,"Mummified Hand":19,"Dota2Spire:BladeMail":30,"Replay:Bottled Snecko":18,"Cracked Core":0,"AT_ForceNature":10,"AT_ChloranthyRing":28,"Dota2Spire:MantaStyle":14,"Omamori":8,"Seething Fire":0,"AT_ImmortalShieldbow":30,"DataDisk":11,"Dota2Spire:Butterfly":12,"vexMod:BarristanHead":16,"Dota2Spire:OctarineCore":23,"AT_SunfireAegis":29,"REME_ComplimentaryCards":0,"ReplayTheSpireMod:ShopPack":8},{"Replay:Accelerometer":50,"Dota2Spire:PowerTreads":44,"AT_ATBox":0,"Gremlin Horn":30,"Hammer of Thor":0,"Dota2Spire:RefresherOrb":23,"AT_ArchangelStaff":49,"Sling":57,"testmod-BlackFramedGlasses":53,"HornCleat":35,"vexMod:CardConverter":12,"Sundial":25,"Strawberry":50,"testmod-InfectionSource":43,"Dota2Spire:HandOfMidas":33,"testmod-TestBox":0,"Pear":30,"Dota2Spire:UrnOfShadows":51,"aspiration:Nostalgia":0,"Dota2Spire:Bloodstone":40,"AT_SilvercatRing":18,"War Paint":38,"testmod-Fortitude":53,"Bottled Flame":30,"Anvil of the Gods":0,"testmod-MagicalMallet":0,"Dota2Spire:PhaseBoots":23,"AT_BellDemon":18,"Solar Panel":46,"Dota2Spire:EchoSabre":50,"Replay:PocketPolymizer":3,"StoneCalendar":48,"Bag of Preparation":32,"Smiling Mask":20,"Mummified Hand":42,"Dota2Spire:BladeMail":59,"Replay:Bottled Snecko":40,"Cracked Core":0,"AT_ForceNature":25,"AT_ChloranthyRing":54,"Dota2Spire:MantaStyle":32,"Omamori":20,"Seething Fire":0,"AT_ImmortalShieldbow":59,"DataDisk":27,"Dota2Spire:Butterfly":28,"vexMod:BarristanHead":35,"Dota2Spire:OctarineCore":48,"AT_SunfireAegis":57,"REME_ComplimentaryCards":0,"ReplayTheSpireMod:ShopPack":20}]},"card_choices":[{"not_picked":["Panic Button","Consume","FTL"],"picked":"SKIP","floor":1.0},{"not_picked":["Steam","Sweeping Beam","ReplayGash"],"picked":"SKIP","floor":3.0},{"not_picked":["AT_HeatAcrobatics","Redo","Panic Button"],"picked":"SKIP","floor":4.0},{"not_picked":["AT_HeatAcrobatics","Redo","Panic Button"],"picked":"SKIP","floor":4.0},{"not_picked":["Echo Form","Turbo","Melter"],"picked":"SKIP","floor":5.0},{"not_picked":["Doom and Gloom","Panic Button","Skim"],"picked":"SKIP","floor":6.0},{"not_picked":["AT_HeatAcrobatics","Go for the Eyes","ReplayTheSpireMod:System Scan"],"picked":"SKIP","floor":7.0},{"not_picked":["Coolheaded","Gash","Conserve Battery"],"picked":"SKIP","floor":8.0},{"not_picked":["Cold Snap","Hyperbeam","BasicCrystalCard"],"picked":"SKIP","floor":13.0},{"not_picked":["Violence","testmod-Arrangement"],"picked":"Midas Touch","floor":14.0},{"not_picked":["The Bomb","testmod-PainDetonator"],"picked":"Flash of Steel","floor":14.0},{"not_picked":["Flash of Steel","REME_ProfessionalPlagiarism"],"picked":"Impatience","floor":14.0},{"not_picked":["Ball Lightning","Beam Cell","Rebound"],"picked":"SKIP","floor":18.0},{"not_picked":["Beam Cell+1","Compile Driver+1"],"picked":"AT_EMC2","floor":21.0},{"not_picked":["Redo","Coolheaded","Rebound"],"picked":"SKIP","floor":22.0},{"not_picked":["ReplayGash","FTL","Machine Learning"],"picked":"SKIP","floor":23.0},{"not_picked":["Turbo+1","Rebound","Steam"],"picked":"SKIP","floor":25.0},{"not_picked":["Compile Driver+1","ReplayTheSpireMod:Repulse+1","Panic Button+1"],"picked":"SKIP","floor":27.0},{"not_picked":["Crystallizer","Rebound","Compile Driver"],"picked":"SKIP","floor":29},{"not_picked":["Go for the Eyes","AT_ThunderBolt"],"picked":"Capacitor","floor":31},{"not_picked":["Fission","Biased Cognition"],"picked":"Meteor Strike","floor":33},{"not_picked":["AT_StudyProgram+1","Sweeping Beam+1","Ball Lightning+1"],"picked":"SKIP","floor":35},{"not_picked":["ReplayTheSpireMod:System Scan+1","Lockon"],"picked":"AT_RobotInSpace+1","floor":36},{"not_picked":["Sweeping Beam","Turbo+1","Hologram+1"],"picked":"SKIP","floor":37},{"not_picked":["Steam+1","FTL+1","Heatsinks"],"picked":"SKIP","floor":39},{"not_picked":["Beam Cell+1","Panic Button","AT_EMC2+1","Hologram+1"],"picked":"SKIP","floor":40},{"not_picked":["Heatsinks+1","Sweeping Beam+1","Panic Button"],"picked":"SKIP","floor":41},{"not_picked":["Coolheaded+1","Double Energy","Conserve Battery+1"],"picked":"SKIP","floor":42},{"not_picked":["Turbo","Ball Lightning+1","Chill"],"picked":"SKIP","floor":44},{"not_picked":["Thunder Strike","Leap+1","Go for the Eyes+1"],"picked":"SKIP","floor":45},{"not_picked":["ReplayTheSpireMod:Calculation Training+1","Hologram","AT_ThreeBodyProblem"],"picked":"SKIP","floor":48},{"not_picked":["Rebound+1","ReplayTheSpireMod:Calculation Training+1","Barrage+1"],"picked":"SKIP","floor":54}],"player_experience":30242,"relics_obtained":[{"floor":6.0,"key":"vexMod:CardConverter"},{"floor":8.0,"key":"AT_SilvercatRing"},{"floor":13.0,"key":"Omamori"},{"floor":13.0,"key":"Smiling Mask"},{"floor":16.0,"key":"Dota2Spire:PhaseBoots"},{"floor":18.0,"key":"Sundial"},{"floor":21.0,"key":"DataDisk"},{"floor":22.0,"key":"Dota2Spire:Butterfly"},{"floor":23.0,"key":"Pear"},{"floor":23.0,"key":"Gremlin Horn"},{"floor":25.0,"key":"Bag of Preparation"},{"floor":26.0,"key":"Dota2Spire:MantaStyle"},{"floor":27.0,"key":"Dota2Spire:HandOfMidas"},{"floor":29,"key":"vexMod:BarristanHead"},{"floor":29,"key":"HornCleat"},{"floor":31,"key":"War Paint"},{"floor":33,"key":"Replay:Bottled Snecko"},{"floor":35,"key":"Mummified Hand"},{"floor":36,"key":"testmod-InfectionSource"},{"floor":37,"key":"Dota2Spire:PowerTreads"},{"floor":39,"key":"Solar Panel"},{"floor":40,"key":"Dota2Spire:OctarineCore"},{"floor":40,"key":"StoneCalendar"},{"floor":41,"key":"AT_ArchangelStaff"},{"floor":42,"key":"Replay:Accelerometer"},{"floor":42,"key":"Dota2Spire:EchoSabre"},{"floor":43,"key":"Strawberry"},{"floor":44,"key":"Dota2Spire:UrnOfShadows"},{"floor":45,"key":"testmod-Fortitude"},{"floor":45,"key":"testmod-BlackFramedGlasses"},{"floor":48,"key":"AT_ChloranthyRing"},{"floor":54,"key":"AT_ImmortalShieldbow"},{"floor":54,"key":"Dota2Spire:BladeMail"}],"event_choices":[{"damage_healed":0.0,"max_hp_gain":0.0,"max_hp_loss":0.0,"gold_gain":0.0,"event_name":"Big Fish","player_choice":"Box","floor":2.0,"gold_loss":0.0,"damage_taken":0.0,"relics_obtained":["Replay:PocketPolymizer"],"cards_obtained":["Regret"]},{"damage_healed":0.0,"max_hp_gain":0.0,"max_hp_loss":0.0,"gold_gain":0.0,"event_name":"Golden Wing","player_choice":"Ignored","floor":10.0,"gold_loss":0.0,"damage_taken":0.0},{"damage_healed":0.0,"max_hp_gain":0.0,"max_hp_loss":0.0,"gold_gain":0.0,"event_name":"Scrap Ooze","player_choice":"Success","floor":12.0,"gold_loss":0.0,"damage_taken":18.0,"relics_obtained":["AT_BellDemon"]},{"damage_healed":0.0,"max_hp_gain":0.0,"max_hp_loss":0.0,"gold_gain":0.0,"event_name":"给自己的盒子","player_choice":"Swap Relic","floor":14.0,"relics_lost":["ReplayTheSpireMod:ShopPack"],"gold_loss":0.0,"damage_taken":0.0,"relics_obtained":["ReplayTheSpireMod:ShopPack"]},{"damage_healed":0.0,"max_hp_gain":0.0,"max_hp_loss":0.0,"gold_gain":0.0,"event_name":"Addict","player_choice":"Obtained Relic","floor":19.0,"gold_loss":85.0,"damage_taken":0.0,"relics_obtained":["AT_ForceNature"]},{"damage_healed":0.0,"max_hp_gain":0.0,"max_hp_loss":0.0,"gold_gain":0.0,"event_name":"The Library","player_choice":"Read","floor":20.0,"gold_loss":0.0,"damage_taken":0.0,"cards_obtained":["AT_HeatAcrobatics"]},{"damage_healed":0,"gold_gain":0,"player_choice":"Memory 3","damage_taken":10,"max_hp_gain":0,"max_hp_loss":0,"event_name":"SensoryStone","floor":38,"gold_loss":0},{"cards_removed":["Finesse"],"damage_healed":0,"gold_gain":0,"player_choice":"Took Card","damage_taken":0,"max_hp_gain":0,"max_hp_loss":0,"event_name":"NoteForYourself","floor":47,"gold_loss":0,"cards_obtained":["Finesse"]}],"is_beta":false,"boss_relics":[{"not_picked":["aspiration:RunicSpoon","aspiration:RitualDagger"],"picked":"Dota2Spire:RefresherOrb"},{"not_picked":["Replay:Wanted Poster","Replay:Ancient Bell"],"picked":"Dota2Spire:Bloodstone"}],"items_purged_floors":[],"is_endless":false,"potions_floor_spawned":[3,4,6,18,23,33,36,37,41,42,45,48],"ascension_level":0}}