{"host":"d7fd5aa1my0gmokc","time":1608371128,"event":{"mods":["AchievementEnabler","BaseMod","DeckTracker","Minty Spire (QoL Compilation)","Prisma Mod","Relic Stats","StSLib","SuperFastMode","everything is the same but u backflip on backflip"],"gold_per_floor":[117,133,133,133,144,144,162,180,180,33,43,78,3,21,21,21,21],"floor_reached":16,"playtime":697,"items_purged":["Bloodletting"],"score":104,"play_id":"faf19fdb-baa9-4c28-b730-7698b46cad77","local_time":"20201219184528","is_ascension_mode":false,"campfire_choices":[{"floor":6,"key":"RECALL"},{"data":"Whirlwind","floor":15,"key":"SMITH"}],"circlet_count":0,"master_deck":["Strike_R","Strike_R","Strike_R","Strike_R","Defend_R","Defend_R","Defend_R","Bash","Shrug It Off","Flex","Shockwave","Flex","Whirlwind+1"],"relics":["Burning Blood","Darkstone Periapt","Vajra","Oddly Smooth Stone"],"acts_visited":["Exordium"],"potions_floor_usage":[8,11,12,16],"damage_taken":[{"damage":5.0,"enemies":"Small Slimes","floor":1.0,"turns":3.0},{"damage":7.0,"enemies":"2 Louse","floor":2.0,"turns":3.0},{"damage":2,"enemies":"Cultist","floor":5,"turns":5},{"damage":32,"enemies":"Exordium Thugs","floor":7,"turns":9},{"damage":8,"enemies":"Lots of Slimes","floor":8,"turns":6},{"damage":15,"enemies":"Large Slime","floor":11,"turns":7},{"damage":13,"enemies":"Lagavulin","floor":12,"turns":6},{"damage":2,"enemies":"Looter","floor":14,"turns":3},{"damage":60,"enemies":"Hexaghost","floor":16,"turns":13}],"seed_played":"9064374312963654284","potions_obtained":[{"floor":1.0,"key":"Regen Potion"},{"floor":5,"key":"GamblersBrew"},{"floor":8,"key":"Block Potion"},{"floor":11,"key":"Fruit Juice"}],"is_trial":false,"path_per_floor":["M","M","?","?","M","R","M","M","T","$","M","E","$","M","R","B"],"character_chosen":"IRONCLAD","items_purchased":["Vajra"],"campfire_rested":0,"item_purchase_floors":[10],"current_hp_per_floor":[80,79,79,79,80,80,54,67,67,67,63,56,56,60,60,0,0],"gold":21,"neow_bonus":"TRANSFORM_TWO_CARDS","is_daily":false,"chose_seed":false,"campfire_upgraded":1,"win_rate":0.0,"timestamp":1608371128,"path_taken":["M","M","?","?","?","R","M","M","T","?","M","E","$","M","R","BOSS"],"items_purchased_type":["Relic"],"build_version":"2020-12-13","purchased_purges":1,"victory":false,"max_hp_per_floor":[80,80,80,80,80,80,80,80,80,80,85,85,85,85,85,85,85],"relic_stats":{"Darkstone Periapt":0,"counters":[9,55],"obtain_stats":[{"Darkstone Periapt":9,"Vajra":10,"Oddly Smooth Stone":12,"Burning Blood":0},{"Darkstone Periapt":5,"Vajra":5,"Oddly Smooth Stone":7,"Burning Blood":0},{"Darkstone Periapt":26,"Vajra":26,"Oddly Smooth Stone":39,"Burning Blood":0}],"Burning Blood":44},"card_choices":[{"not_picked":["Perfected Strike","Combust"],"picked":"Flex","floor":1.0},{"not_picked":["Rage","Sentinel","Feel No Pain"],"picked":"SKIP","floor":2.0},{"not_picked":["Clash","Thunderclap","Sword Boomerang"],"picked":"SKIP","floor":5},{"not_picked":["Thunderclap","Rupture"],"picked":"Shockwave","floor":7},{"not_picked":["Perfected Strike","Seeing Red"],"picked":"Flex","floor":8},{"not_picked":["Rage","Sword Boomerang","Uppercut"],"picked":"SKIP","floor":11},{"not_picked":["Rupture","Dark Embrace","Carnage"],"picked":"SKIP","floor":12},{"not_picked":["Flame Barrier","Thunderclap"],"picked":"Whirlwind","floor":14}],"player_experience":163570,"relics_obtained":[{"floor":9,"key":"Darkstone Periapt"},{"floor":12,"key":"Oddly Smooth Stone"}],"event_choices":[{"cards_removed":["Writhe"],"damage_healed":0,"gold_gain":0,"player_choice":"Forget","damage_taken":0,"max_hp_gain":0,"max_hp_loss":0,"event_name":"Living Wall","floor":3,"gold_loss":0},{"damage_healed":0,"gold_gain":0,"player_choice":"Ignored","damage_taken":0,"max_hp_gain":0,"max_hp_loss":0,"event_name":"NoteForYourself","floor":4,"gold_loss":0}],"is_beta":false,"boss_relics":[],"items_purged_floors":[13],"is_endless":false,"potions_floor_spawned":[1,5,8,11],"killed_by":"Hexaghost","ascension_level":0}}