{"host":"sabve5zmqufxyc5o","time":1608357623,"event":{"mods":["2.2 Compatiblity","AchievementEnabler","Act Like it!","BaseMod","Block Reminder","Colored Map","Colored Powertips","DeckTracker","KOR Keyword Fix","Keyboard Shortcuts","Minty Spire (QoL Compilation)","Quick Restart","Rare Cards Sparkle","Relic Stats","StSLib","SuperFastMode"],"gold_per_floor":[122,147,170,170,23,23,71,71,71,52,52,102,146,175,175,279,351,376,84,113,163,197,197,224,224,276,276,276],"floor_reached":27,"playtime":446,"items_purged":[],"score":442,"play_id":"48600a46-9e7a-4b76-b34e-7057a32f70c1","local_time":"20201219150023","is_ascension_mode":true,"campfire_choices":[{"data":"Chill","floor":6,"key":"SMITH"},{"floor":8,"key":"REST"},{"floor":11,"key":"REST"},{"data":"Defragment","floor":15,"key":"SMITH"},{"floor":23,"key":"REST"},{"floor":25,"key":"REST"}],"circlet_count":0,"master_deck":["AscendersBane","Zap","Dualcast","Coolheaded","Defragment+1","Melter","Ball Lightning","Chill+1","Blizzard","Seek","Conserve Battery","Cold Snap","Coolheaded","Electrodynamics","Scrape","Heatsinks","Biased Cognition","White Noise","Electrodynamics","Melter","Hello World","Go for the Eyes","Stack","Defragment","FTL","Compile Driver","Undo","Cold Snap"],"relics":["Cracked Core","CeramicFish","Golden Idol","Oddly Smooth Stone","Sundial","Tiny Chest","Pandora\u0027s Box","PreservedInsect","Bag of Marbles"],"acts_visited":["Exordium","TheCity"],"potions_floor_usage":[7,16],"damage_taken":[{"damage":1,"enemies":"Cultist","floor":1,"turns":4},{"damage":15,"enemies":"Small Slimes","floor":2,"turns":3},{"damage":2,"enemies":"2 Louse","floor":3,"turns":3},{"damage":27,"enemies":"Gremlin Nob","floor":7,"turns":4},{"damage":17,"enemies":"Lagavulin","floor":13,"turns":7},{"damage":0,"enemies":"Lots of Slimes","floor":14,"turns":4},{"damage":34,"enemies":"Slime Boss","floor":16,"turns":11},{"damage":10,"enemies":"Chosen","floor":18,"turns":4},{"damage":12,"enemies":"2 Thieves","floor":20,"turns":4},{"damage":27,"enemies":"Snake Plant","floor":22,"turns":5},{"damage":12,"enemies":"Cultist and Chosen","floor":24,"turns":4},{"damage":29,"enemies":"Slavers","floor":27,"turns":2}],"seed_played":"5117998986481390284","potions_obtained":[{"floor":2,"key":"LiquidMemories"},{"floor":13,"key":"DistilledChaos"},{"floor":18,"key":"SpeedPotion"}],"is_trial":false,"path_per_floor":["M","M","M","?","$","R","E","R","T","$","R","?","E","M","R","B",null,"M","$","M","?","M","R","M","R","T","E"],"character_chosen":"DEFECT","items_purchased":["Ball Lightning","Chill","Blizzard","Conserve Battery","PreservedInsect","Defragment","FTL"],"campfire_rested":4,"item_purchase_floors":[5,5,5,10,19,19,19],"current_hp_per_floor":[63,48,46,46,46,46,19,38,38,38,57,57,40,40,40,6,50,40,40,28,28,1,20,8,27,27,0,0],"gold":276,"neow_bonus":"RANDOM_COMMON_RELIC","is_daily":false,"chose_seed":false,"campfire_upgraded":2,"win_rate":0.0,"timestamp":1608357623,"path_taken":["M","M","M","?","$","R","E","R","T","$","R","?","E","M","R","BOSS","M","$","M","?","?","R","M","R","T","E"],"items_purchased_type":["Card","Card","Card","Card","Relic","Card","Card"],"build_version":"2020-12-13","purchased_purges":0,"victory":false,"max_hp_per_floor":[71,71,71,64,64,64,64,64,64,64,64,64,64,64,64,64,64,64,64,64,64,64,64,64,64,64,64,64],"relic_stats":{"counters":[12,55],"Golden Idol":54,"Sundial":[4],"CeramicFish":225,"Tiny Chest":0,"Pandora\u0027s Box":["Scrape","Heatsinks","Biased Cognition","White Noise","Electrodynamics","Melter","Hello World","Go for the Eyes"],"PreservedInsect":42,"obtain_stats":[{"Golden Idol":4,"Sundial":9,"CeramicFish":0,"Oddly Smooth Stone":7,"Tiny Chest":13,"Pandora\u0027s Box":17,"PreservedInsect":19,"Bag of Marbles":26,"Cracked Core":0},{"Golden Idol":3,"Sundial":4,"CeramicFish":0,"Oddly Smooth Stone":4,"Tiny Chest":5,"Pandora\u0027s Box":7,"PreservedInsect":8,"Bag of Marbles":11,"Cracked Core":0},{"Golden Idol":10,"Sundial":14,"CeramicFish":0,"Oddly Smooth Stone":14,"Tiny Chest":21,"Pandora\u0027s Box":36,"PreservedInsect":40,"Bag of Marbles":53,"Cracked Core":0}]},"card_choices":[{"not_picked":["Hologram","Steam"],"picked":"Coolheaded","floor":1},{"not_picked":["Streamline","Tempest"],"picked":"Defragment","floor":2},{"not_picked":["Steam","Hologram"],"picked":"Melter","floor":3},{"not_picked":["Rip and Tear","Stack"],"picked":"Seek","floor":7},{"not_picked":["Conserve Battery","Rebound"],"picked":"Cold Snap","floor":13},{"not_picked":["Double Energy","Ball Lightning"],"picked":"Coolheaded","floor":14},{"not_picked":["Machine Learning","All For One"],"picked":"Electrodynamics","floor":16},{"not_picked":["Conserve Battery","Turbo"],"picked":"Stack","floor":18},{"not_picked":["Coolheaded+1","Turbo"],"picked":"Compile Driver","floor":20},{"not_picked":["Rainbow","Ball Lightning"],"picked":"Undo","floor":22},{"not_picked":["Leap","Go for the Eyes"],"picked":"Cold Snap","floor":24}],"player_experience":789363,"relics_obtained":[{"floor":7,"key":"Oddly Smooth Stone"},{"floor":9,"key":"Sundial"},{"floor":13,"key":"Tiny Chest"},{"floor":26,"key":"Bag of Marbles"}],"event_choices":[{"damage_healed":0,"gold_gain":0,"player_choice":"Lose Max HP","damage_taken":0,"relics_obtained":["Golden Idol"],"max_hp_gain":0,"max_hp_loss":7,"event_name":"Golden Idol","floor":4,"gold_loss":0},{"damage_healed":0,"gold_gain":50,"player_choice":"Gained Gold","damage_taken":0,"max_hp_gain":0,"max_hp_loss":0,"event_name":"Golden Wing","floor":12,"gold_loss":0},{"damage_healed":0,"gold_gain":50,"player_choice":"Pray","damage_taken":0,"max_hp_gain":0,"max_hp_loss":0,"event_name":"Golden Shrine","floor":21,"gold_loss":0}],"is_beta":false,"boss_relics":[{"not_picked":["Tiny House","Fusion Hammer"],"picked":"Pandora\u0027s Box"}],"items_purged_floors":[],"is_endless":false,"potions_floor_spawned":[2,13,18],"killed_by":"Slavers","ascension_level":20}}