{"host":"k5dhp0bkccqfauyu","time":1608351139,"event":{"mods":["BaseMod","Better Note","Better Skull","Better Vampires","Colored Map","Colored Powertips","DeckTracker","Minty Spire (QoL Compilation)","Permanent Neow","StSLib","SuperFastMode"],"gold_per_floor":[211,56,131,231,246,246,265,298,298,333,352,379,399,443,443,530,557,576,576,576,576,594,637,637,677,677,74,88,110,110,150,150,234,234,254,309,46,59,59,99,119,156,156,56,99,99,134,145,145,145,145,145,145,88,116,116],"floor_reached":57,"playtime":2202,"items_purged":["Strike_R+1","Strike_R+1"],"score":3337,"play_id":"64ceccf2-271e-44dc-ae01-abba3a7ec6bc","local_time":"20201219151219","is_ascension_mode":true,"campfire_choices":[{"data":"Whirlwind","floor":6,"key":"SMITH"},{"data":"Spot Weakness","floor":15,"key":"SMITH"},{"data":"Offering","floor":24,"key":"SMITH"},{"data":"True Grit","floor":30,"key":"SMITH"},{"data":"Shockwave","floor":32,"key":"SMITH"},{"floor":49,"key":"RECALL"},{"data":"Dual Wield","floor":53,"key":"SMITH"}],"circlet_count":0,"master_deck":["AscendersBane","Defend_R+1","Defend_R+1","Defend_R+1","Defend_R+1","Bash","Pommel Strike","Whirlwind+1","Spot Weakness+1","Blood for Blood","Shockwave+1","Offering","Headbutt","Dual Wield+1","Offering+1","Reaper","Double Tap+1","Feed+1","Sword Boomerang+1","Heavy Blade+1","True Grit+1","Flame Barrier","Rupture+1","Limit Break+1","Shrug It Off","Warcry+1","Master of Strategy","Shrug It Off","Limit Break","Bloodletting+1","Shockwave+1"],"relics":["Burning Blood","Kunai","CeramicFish","Magic Flower","Charon\u0027s Ashes","Boot","Astrolabe","MutagenicStrength","Akabeko","Happy Flower","ClockworkSouvenir","Centennial Puzzle","HornCleat","Potion Belt","SlaversCollar","Peace Pipe","Bag of Marbles","Anchor","Bottled Lightning","Vajra","Regal Pillow","War Paint","Mango"],"acts_visited":["Exordium","TheCity","TheBeyond","TheEnding"],"potions_floor_usage":[8,8,8,10,31,36,42,56,56,56,56,56,56,56],"damage_taken":[{"damage":14,"enemies":"Jaw Worm","floor":1,"turns":4},{"damage":1,"enemies":"Cultist","floor":5,"turns":3},{"damage":5,"enemies":"Small Slimes","floor":7,"turns":3},{"damage":8,"enemies":"Gremlin Nob","floor":8,"turns":3},{"damage":16,"enemies":"3 Sentries","floor":10,"turns":4},{"damage":0,"enemies":"3 Louse","floor":11,"turns":1},{"damage":18,"enemies":"Lagavulin","floor":12,"turns":7},{"damage":7,"enemies":"Looter","floor":13,"turns":2},{"damage":15,"enemies":"3 Sentries","floor":14,"turns":3},{"damage":30,"enemies":"Hexaghost","floor":16,"turns":6},{"damage":24,"enemies":"Shell Parasite","floor":18,"turns":4},{"damage":6,"enemies":"Chosen","floor":22,"turns":3},{"damage":18,"enemies":"Slavers","floor":23,"turns":2},{"damage":12,"enemies":"Gremlin Leader","floor":25,"turns":4},{"damage":16,"enemies":"Snake Plant","floor":28,"turns":5},{"damage":6,"enemies":"Shelled Parasite and Fungi","floor":29,"turns":4},{"damage":12,"enemies":"Book of Stabbing","floor":31,"turns":3},{"damage":31,"enemies":"Champ","floor":33,"turns":5},{"damage":0,"enemies":"3 Darklings","floor":35,"turns":1},{"damage":58,"enemies":"2 Orb Walkers","floor":36,"turns":5},{"damage":7,"enemies":"Orb Walker","floor":38,"turns":3},{"damage":6,"enemies":"Reptomancer","floor":40,"turns":1},{"damage":8,"enemies":"3 Darklings","floor":41,"turns":2},{"damage":12,"enemies":"Nemesis","floor":42,"turns":1},{"damage":13,"enemies":"Giant Head","floor":45,"turns":5},{"damage":6,"enemies":"Reptomancer","floor":47,"turns":1},{"damage":22,"enemies":"Spire Growth","floor":48,"turns":3},{"damage":6,"enemies":"Time Eater","floor":50,"turns":1},{"damage":30,"enemies":"Awakened One","floor":51,"turns":4},{"damage":28,"enemies":"Shield and Spear","floor":55,"turns":3},{"damage":102,"enemies":"The Heart","floor":56,"turns":6}],"seed_played":"3711721276591434767","potions_obtained":[{"floor":1,"key":"Strength Potion"},{"floor":5,"key":"LiquidMemories"},{"floor":7,"key":"EntropicBrew"},{"floor":11,"key":"FearPotion"},{"floor":18,"key":"SpeedPotion"},{"floor":28,"key":"EssenceOfSteel"},{"floor":35,"key":"Swift Potion"},{"floor":36,"key":"AttackPotion"},{"floor":40,"key":"DuplicationPotion"},{"floor":45,"key":"EntropicBrew"},{"floor":55,"key":"DistilledChaos"}],"is_trial":false,"path_per_floor":["M","$","?","?","M","R","M","E","T","E","M","E","M","E","R","B",null,"M","?","?","?","M","E","R","E","T","$","M","M","R","E","R","B",null,"M","?","$","M","?","E","M","E","T","$","E","T","E","M","R","B","B",null,"R","$","E","B",null],"character_chosen":"IRONCLAD","items_purchased":["Whirlwind","Spot Weakness","ClockworkSouvenir","Centennial Puzzle","HornCleat","Master of Strategy","Dexterity Potion"],"campfire_rested":0,"item_purchase_floors":[2,2,27,27,27,37,54],"current_hp_per_floor":[60,60,49,49,54,54,55,53,53,43,52,43,45,39,39,18,61,46,46,46,46,73,70,70,73,73,73,81,91,91,94,94,78,94,99,50,50,58,58,103,103,107,107,107,103,103,106,111,111,111,105,110,110,110,111,129],"gold":116,"neow_bonus":"HUNDRED_GOLD","is_daily":false,"chose_seed":false,"campfire_upgraded":6,"win_rate":0.0,"timestamp":1608351139,"path_taken":["M","$","?","?","M","R","M","E","T","E","M","E","M","E","R","BOSS","M","?","?","?","M","E","R","E","T","$","M","M","R","E","R","BOSS","M","?","$","M","?","E","M","E","T","$","E","?","E","M","R","BOSS","BOSS","R","$","E","BOSS"],"items_purchased_type":["Card","Card","Relic","Relic","Relic","Card","Potion"],"build_version":"2020-12-13","purchased_purges":2,"victory":true,"max_hp_per_floor":[75,75,75,75,75,75,75,75,75,75,75,75,75,75,75,75,75,75,75,75,75,79,83,83,87,87,87,87,91,91,95,95,99,99,99,99,99,103,103,103,103,107,107,107,107,107,107,111,111,111,111,111,111,111,129,129],"card_choices":[{"not_picked":["Hemokinesis","Wild Strike"],"picked":"Pommel Strike","floor":1},{"not_picked":["Thunderclap","Warcry"],"picked":"Ghostly Armor","floor":5},{"not_picked":["Thunderclap","Sentinel"],"picked":"Blood for Blood","floor":7},{"not_picked":["Shrug It Off","Disarm"],"picked":"Shockwave","floor":8},{"not_picked":["Iron Wave","Cleave"],"picked":"Offering","floor":10},{"not_picked":["Clash","Infernal Blade"],"picked":"Headbutt","floor":11},{"not_picked":["Rupture","Clothesline","Sword Boomerang"],"picked":"SKIP","floor":12},{"not_picked":["Combust","Wild Strike"],"picked":"Dual Wield","floor":13},{"not_picked":["Feed","Reaper"],"picked":"Offering","floor":14},{"not_picked":["Fiend Fire","Brutality"],"picked":"Reaper","floor":16},{"not_picked":["Dark Embrace","Wild Strike+1","Twin Strike"],"picked":"SKIP","floor":18},{"not_picked":["Rampage","Metallicize","Body Slam"],"picked":"SKIP","floor":22},{"not_picked":["Searing Blow","Cleave+1"],"picked":"Heavy Blade+1","floor":23},{"not_picked":["Clash","Thunderclap"],"picked":"True Grit","floor":25},{"not_picked":["Ghostly Armor","Headbutt","Perfected Strike"],"picked":"SKIP","floor":28},{"not_picked":["Sever Soul","Wild Strike"],"picked":"Flame Barrier","floor":29},{"not_picked":["Combust","Entrench"],"picked":"Rupture+1","floor":31},{"not_picked":["Barricade","Double Tap"],"picked":"Limit Break","floor":33},{"not_picked":["Flex+1","Armaments"],"picked":"Shrug It Off","floor":35},{"not_picked":["Reckless Charge","Heavy Blade"],"picked":"Warcry+1","floor":36},{"not_picked":["Cleave","Twin Strike+1","Hemokinesis+1"],"picked":"SKIP","floor":38},{"not_picked":["Headbutt","Havoc"],"picked":"Shrug It Off","floor":40},{"not_picked":["Body Slam","Flex","Heavy Blade"],"picked":"SKIP","floor":41},{"not_picked":["Inflame","Power Through+1"],"picked":"Limit Break","floor":42},{"not_picked":["Corruption","Clothesline"],"picked":"Bloodletting+1","floor":45},{"not_picked":["Carnage","Hemokinesis+1"],"picked":"Shockwave","floor":47},{"not_picked":["Warcry","Clothesline","Heavy Blade"],"picked":"SKIP","floor":48},{"not_picked":["Havoc","Clash","Uppercut"],"picked":"SKIP","floor":55}],"player_experience":1782130,"relics_obtained":[{"floor":8,"key":"Kunai"},{"floor":9,"key":"CeramicFish"},{"floor":10,"key":"Magic Flower"},{"floor":12,"key":"Charon\u0027s Ashes"},{"floor":14,"key":"Boot"},{"floor":23,"key":"Akabeko"},{"floor":25,"key":"Happy Flower"},{"floor":31,"key":"Potion Belt"},{"floor":36,"key":"Peace Pipe"},{"floor":40,"key":"Bag of Marbles"},{"floor":42,"key":"Anchor"},{"floor":43,"key":"Bottled Lightning"},{"floor":45,"key":"Vajra"},{"floor":46,"key":"Regal Pillow"},{"floor":47,"key":"War Paint"},{"floor":55,"key":"Mango"}],"event_choices":[{"damage_healed":0,"gold_gain":75,"player_choice":"Gather Gold","damage_taken":11,"max_hp_gain":0,"max_hp_loss":0,"event_name":"World of Goop","floor":3,"gold_loss":0},{"damage_healed":0,"gold_gain":100,"player_choice":"Gold","damage_taken":0,"max_hp_gain":0,"max_hp_loss":0,"event_name":"Wheel of Change","floor":4,"gold_loss":0},{"damage_healed":0,"gold_gain":0,"player_choice":"Simplicity","damage_taken":0,"max_hp_gain":0,"max_hp_loss":0,"event_name":"Back to Basics","floor":19,"gold_loss":0,"cards_upgraded":["Strike_R","Strike_R","Defend_R","Defend_R","Defend_R","Defend_R"]},{"damage_healed":0,"gold_gain":0,"player_choice":"Inject Mutagens","damage_taken":0,"relics_obtained":["MutagenicStrength"],"max_hp_gain":0,"max_hp_loss":0,"event_name":"Drug Dealer","floor":20,"gold_loss":0},{"damage_healed":0,"gold_gain":0,"player_choice":"Ignored","damage_taken":0,"max_hp_gain":0,"max_hp_loss":0,"event_name":"Vampires","floor":21,"gold_loss":0},{"damage_healed":0,"gold_gain":0,"player_choice":"Fight","damage_taken":0,"max_hp_gain":0,"max_hp_loss":0,"event_name":"Mysterious Sphere","floor":36,"gold_loss":0},{"cards_removed":["Ghostly Armor"],"damage_healed":0,"gold_gain":0,"player_choice":"Removed Skill","damage_taken":0,"max_hp_gain":0,"max_hp_loss":0,"event_name":"Falling","floor":39,"gold_loss":0}],"is_beta":false,"boss_relics":[{"not_picked":["Cursed Key","Tiny House"],"picked":"Astrolabe"},{"not_picked":["Philosopher\u0027s Stone","Black Blood"],"picked":"SlaversCollar"}],"items_purged_floors":[37,44],"is_endless":false,"potions_floor_spawned":[1,5,7,11,18,22,28,35,36,40,45,55],"ascension_level":20}}