{"host":"78hrz0ylpj9lzvi8","time":1608398294,"event":{"mods":["BaseMod","Bestiary","Block Reminder","Curses Come First","Minty Spire (QoL Compilation)","Quick Restart","Random Character Button","Relic Stats","StSLib"],"gold_per_floor":[111,123,123,123,44,71,26,26,26],"floor_reached":8,"playtime":247,"items_purged":[],"score":108,"play_id":"0a9e4684-20a2-4068-9118-488af25116b5","local_time":"20201219141814","is_ascension_mode":true,"campfire_choices":[],"circlet_count":0,"master_deck":["AscendersBane","Strike_P","Strike_P","Strike_P","Strike_P","Defend_P+1","Defend_P","Defend_P","Eruption","Vigilance","CrushJoints+1","BowlingBash","Wallop"],"relics":["PureWater","Centennial Puzzle","Omamori"],"acts_visited":["Exordium"],"potions_floor_usage":[],"damage_taken":[{"damage":7.0,"enemies":"Small Slimes","floor":1.0,"turns":4.0},{"damage":2.0,"enemies":"Jaw Worm","floor":2.0,"turns":2.0},{"damage":14.0,"enemies":"3 Sentries","floor":6.0,"turns":7.0},{"damage":23,"enemies":"Gremlin Nob","floor":8,"turns":3}],"seed_played":"-6633061901558954653","potions_obtained":[{"floor":2.0,"key":"DuplicationPotion"}],"is_trial":false,"path_per_floor":["M","M","?","?","$","E","?","E"],"character_chosen":"WATCHER","items_purchased":["Wallop"],"campfire_rested":0,"item_purchase_floors":[5],"current_hp_per_floor":[54,52,45,25,25,11,11,0,0],"gold":26,"neow_bonus":"RANDOM_COMMON_RELIC","is_daily":false,"chose_seed":false,"campfire_upgraded":0,"win_rate":0.0,"timestamp":1608398294,"path_taken":["M","M","?","?","$","E","?","E"],"items_purchased_type":["Card"],"build_version":"2020-12-13","purchased_purges":0,"victory":false,"max_hp_per_floor":[68,68,68,68,68,68,68,68,68],"relic_stats":{"Centennial Puzzle":[12],"counters":[4,16],"obtain_stats":[{"Centennial Puzzle":0,"Omamori":6,"PureWater":0},{"Centennial Puzzle":0,"Omamori":3,"PureWater":0},{"Centennial Puzzle":0,"Omamori":13,"PureWater":0}]},"card_choices":[{"not_picked":["FollowUp","FlurryOfBlows"],"picked":"CrushJoints","floor":1.0},{"not_picked":["Prostrate","Study"],"picked":"BowlingBash","floor":2.0},{"not_picked":["Halt","PathToVictory","MentalFortress"],"picked":"SKIP","floor":6.0}],"player_experience":954502,"relics_obtained":[{"floor":6.0,"key":"Omamori"}],"event_choices":[{"cards_removed":["Defend_P"],"damage_healed":0.0,"max_hp_gain":0.0,"max_hp_loss":0.0,"gold_gain":0.0,"event_name":"Golden Wing","player_choice":"Card Removal","floor":3.0,"gold_loss":0.0,"damage_taken":7.0},{"damage_healed":0.0,"max_hp_gain":0.0,"max_hp_loss":0.0,"gold_gain":0.0,"event_name":"Shining Light","player_choice":"Entered Light","floor":4.0,"gold_loss":0.0,"damage_taken":20.0,"cards_upgraded":["Defend_P","CrushJoints"]},{"damage_healed":0.0,"max_hp_gain":0.0,"max_hp_loss":0.0,"gold_gain":0.0,"event_name":"World of Goop","player_choice":"Left Gold","floor":7.0,"gold_loss":45.0,"damage_taken":0.0}],"is_beta":false,"boss_relics":[],"items_purged_floors":[],"is_endless":false,"potions_floor_spawned":[2],"killed_by":"Gremlin Nob","ascension_level":20}}