{"host":"ipcfr4ajj2jkxvg7","time":1608392855,"event":{"mods":["BaseMod","Colored Powertips","GifTheSpireLib","Marisa（F雨　魔理沙）","Minty Spire (QoL Compilation)","Quick Restart","Remilia（蕾米莉亚）","Replay The Spire","RumiaBox-露米娅的神秘盒子","StSLib"],"gold_per_floor":[109,109,184,31,31,31,31,64,140,150,184,184,202,221,221,321,321,341,281,291,291,301,326,326,352,433,450,139,158,193,204,204,301,301,316,316,329,347,359,393,393,422,448,448,467,500,93,106,106,106],"floor_reached":51,"playtime":1297,"items_purged":["Defend_MRS","Defend_MRS","DC"],"score":1558,"play_id":"63e7c1ab-65d6-42cb-8314-9c48e249bc67","local_time":"20201219234735","is_ascension_mode":true,"campfire_choices":[{"data":"MachineGunSpark","floor":6.0,"key":"SMITH"},{"data":"MilkyWay","floor":12.0,"key":"SMITH"},{"data":"MilkyWay","floor":15.0,"key":"SMITH"},{"data":"PowerUp","floor":24.0,"key":"SMITH"},{"data":"MilkyWay","floor":32.0,"key":"SMITH"},{"data":"MachineGunSpark","floor":41,"key":"SMITH"},{"data":"MilkyWay","floor":49,"key":"SMITH"}],"circlet_count":0,"master_deck":["AscendersBane","Strike_MRS","Strike_MRS","Strike_MRS","Strike_MRS","UpSweep","PropBag","MachineGunSpark+1","PowerUp+1","MilkyWay+1","EarthLightRay+1","MilkyWay+1","UltimateShortwave","SuperPerseids","MilkyWay+1","EnergyFlow+1","UltimateShortwave","Deep Breath","OrrerysSun+1","MachineGunSpark+1","StarBarrage+1","SuperPerseids","PulseMagic","MilkyWay+1"],"relics":["MiniHakkero","NeowsBlessing","AddBug","SecretRecord","SecretRecord","SecretRecord","SecretRecord","SecretRecord","SecretRecord","SecretRecord","SecretRecord","SecretRecord","SecretRecord","SecretRecord","SecretRecord","SecretRecord","SecretRecord","SecretRecord"],"acts_visited":["Exordium","TheCity","TheBeyond"],"potions_floor_usage":[40],"damage_taken":[{"damage":0.0,"enemies":"Jaw Worm","floor":1.0,"turns":1.0},{"damage":0.0,"enemies":"3 Sentries","floor":8.0,"turns":1.0},{"damage":0.0,"enemies":"2 Louse","floor":10.0,"turns":2.0},{"damage":0.0,"enemies":"Lagavulin","floor":11.0,"turns":3.0},{"damage":1.0,"enemies":"Cultist","floor":13.0,"turns":3.0},{"damage":3.0,"enemies":"Gremlin Gang","floor":14.0,"turns":3.0},{"damage":12.0,"enemies":"The Guardian","floor":16.0,"turns":6.0},{"damage":11.0,"enemies":"Shell Parasite","floor":18.0,"turns":3.0},{"damage":21.0,"enemies":"2 Thieves","floor":20.0,"turns":3.0},{"damage":0.0,"enemies":"Shelled Parasite and Fungi","floor":22.0,"turns":2.0},{"damage":14.0,"enemies":"Book of Stabbing","floor":23.0,"turns":2.0},{"damage":39.0,"enemies":"Slavers","floor":25.0,"turns":5.0},{"damage":0.0,"enemies":"Cultist and Chosen","floor":27.0,"turns":2.0},{"damage":0.0,"enemies":"Sentry and Sphere","floor":29.0,"turns":3.0},{"damage":0.0,"enemies":"Book of Stabbing","floor":30.0,"turns":1.0},{"damage":0.0,"enemies":"Snecko","floor":31.0,"turns":3.0},{"damage":0.0,"enemies":"Pondfish","floor":33.0,"turns":4.0},{"damage":0.0,"enemies":"3 Darklings","floor":35.0,"turns":4.0},{"damage":0.0,"enemies":"3 Shapes","floor":37.0,"turns":2.0},{"damage":0.0,"enemies":"Sphere and 2 Shapes","floor":38.0,"turns":2.0},{"damage":0,"enemies":"Transient","floor":39,"turns":2},{"damage":15,"enemies":"Nemesis","floor":40,"turns":3},{"damage":2,"enemies":"Reptomancer","floor":42,"turns":2},{"damage":0,"enemies":"Writhing Mass","floor":45,"turns":3},{"damage":21,"enemies":"R_Hoarder","floor":46,"turns":4},{"damage":21,"enemies":"4 Shapes","floor":48,"turns":2},{"damage":0,"enemies":"Replay:Hell Engine","floor":50,"turns":2}],"seed_played":"-4268846753761400602","potions_obtained":[{"floor":8.0,"key":"SteroidPotion"},{"floor":16.0,"key":"Weak Potion"},{"floor":18.0,"key":"Elixir"},{"floor":20.0,"key":"Adrenaline Potion"},{"floor":25.0,"key":"SteroidPotion"},{"floor":29.0,"key":"Weak Potion"},{"floor":35.0,"key":"BlessingOfTheForge"},{"floor":45,"key":"Milkshake"},{"floor":46,"key":"DuplicationPotion"},{"floor":48,"key":"Adrenaline Potion"}],"is_trial":false,"path_per_floor":["M","?","?","$","?","R","$","E","T","M","E","R","M","M","R","B",null,"M","?","M","?","M","E","R","E","T","M","$","M","E","M","R","B",null,"M","?","M","M","M","E","R","E","T","?","M","E","$","M","R","B",null],"character_chosen":"MARISA","items_purchased":["MachineGunSpark","UltimateShortwave","Block Potion","Deep Breath","PulseMagic","MilkyWay","ScarletDevilRocket"],"campfire_rested":0,"item_purchase_floors":[4,28,28,28,47,47,47],"current_hp_per_floor":[68,68,57,57,57,57,57,57,57,57,57,57,56,59,59,53,70,59,59,45,45,45,40,40,10,10,10,10,21,32,32,32,45,68,75,75,75,75,75,60,60,58,58,58,58,67,67,46,46,46],"gold":106,"neow_bonus":"THREE_ENEMY_KILL","is_daily":false,"chose_seed":false,"campfire_upgraded":7,"win_rate":0.0,"timestamp":1608392855,"path_taken":["M","?","?","$","?","R","$","E","T","M","E","R","M","M","R","BOSS","M","?","M","?","M","E","R","E","T","M","$","M","E","M","R","BOSS","M","?","?","?","M","E","R","E","T","?","M","E","$","M","R","BOSS"],"items_purchased_type":["Card","Card","Potion","Card","Card","Card","Relic"],"build_version":"2020-12-13","purchased_purges":3,"victory":true,"max_hp_per_floor":[75,75,75,75,75,75,75,75,75,75,75,75,75,75,75,75,75,75,75,75,75,75,75,75,75,75,75,75,75,75,75,75,75,75,75,75,75,75,75,75,75,75,75,75,75,75,75,75,75,75],"card_choices":[{"not_picked":["GravityBeat","WitchOfGreed"],"picked":"PropBag","floor":1.0},{"not_picked":["6A","BlazeAway","WitchOfGreed"],"picked":"SKIP","floor":8.0},{"not_picked":["MagicChant","DragonMeteor"],"picked":"PowerUp","floor":10.0},{"not_picked":["GrandCross","ChargeUpSpray"],"picked":"MilkyWay","floor":11.0},{"not_picked":["MagicChant","DC"],"picked":"EarthLightRay","floor":13.0},{"not_picked":["PropBag","SporeBomb"],"picked":"MilkyWay","floor":14.0},{"not_picked":["AsteroidBelt","NonDirectionalLaser","MagicAbsorber"],"picked":"SKIP","floor":18.0},{"not_picked":["WitchOfGreed","GasGiant","NonDirectionalLaser"],"picked":"SKIP","floor":20.0},{"not_picked":["Occultation+1","EscapeVelocity","IllusionStar"],"picked":"SKIP","floor":22.0},{"not_picked":["SprinkleStarSeal","DoubleSpark+1"],"picked":"SuperPerseids","floor":23.0},{"not_picked":["WitchLeyline","DoubleSpark"],"picked":"MilkyWay","floor":25.0},{"not_picked":["PowerUp","MysteriousBeam"],"picked":"EnergyFlow+1","floor":27.0},{"not_picked":["GravityBeat","AsteroidBelt","BlazingStar"],"picked":"SKIP","floor":29.0},{"not_picked":["SporeBomb+1","RefractionSpark","EventHorizon"],"picked":"SKIP","floor":30.0},{"not_picked":["EnergyFlow+1","LuminesStrike"],"picked":"OrrerysSun+1","floor":31.0},{"not_picked":["GravityBeat+1","LuminesStrike+1","GalacticHalo"],"picked":"SKIP","floor":35.0},{"not_picked":["GalacticHalo+1","6A","ManaRampage"],"picked":"SKIP","floor":37.0},{"not_picked":["EarthLightRay+1","SporeBomb","ShootingEcho+1"],"picked":"SKIP","floor":38.0},{"not_picked":["WitchOfGreed+1","ChargeUpSpray"],"picked":"MachineGunSpark","floor":39},{"not_picked":["MysteriousBeam","WitchLeyline","DC+1"],"picked":"SKIP","floor":40},{"not_picked":["UnstableBomb+1","GravityBeat+1","AsteroidBelt+1"],"picked":"SKIP","floor":42},{"not_picked":["DoubleSpark","DarkSpark+1"],"picked":"StarBarrage+1","floor":45},{"not_picked":["MachineGunSpark+1","SatelliteIllusion"],"picked":"SuperPerseids","floor":46},{"not_picked":["GrandCross","EventHorizon","WitchOfGreed"],"picked":"SKIP","floor":48}],"player_experience":403039,"relics_obtained":[{"floor":1.0,"key":"AddBug"},{"floor":8.0,"key":"Replay:Mystery Machine"},{"floor":9.0,"key":"SumBook"},{"floor":11.0,"key":"Kunai"},{"floor":13.0,"key":"SecretRecord"},{"floor":18.0,"key":"SecretRecord"},{"floor":20.0,"key":"SecretRecord"},{"floor":22.0,"key":"SecretRecord"},{"floor":23.0,"key":"SSSystem"},{"floor":25.0,"key":"SecretRecord"},{"floor":25.0,"key":"Strawberry"},{"floor":26.0,"key":"Replay:Bottled Snecko"},{"floor":27.0,"key":"SecretRecord"},{"floor":30.0,"key":"Question Card"},{"floor":31.0,"key":"SecretRecord"},{"floor":35.0,"key":"SecretRecord"},{"floor":37.0,"key":"SecretRecord"},{"floor":40,"key":"SecretRecord"},{"floor":40,"key":"ReplayFunnel"},{"floor":42,"key":"SecretRecord"},{"floor":42,"key":"MawBank"},{"floor":43,"key":"Oddly Smooth Stone"},{"floor":45,"key":"SecretRecord"},{"floor":46,"key":"SecretRecord"},{"floor":46,"key":"ReplayTheSpireMod:Lightbulb"},{"floor":48,"key":"SecretRecord"}],"event_choices":[{"damage_healed":0.0,"max_hp_gain":0.0,"max_hp_loss":0.0,"gold_gain":0.0,"event_name":"Scrap Ooze","player_choice":"Fled","floor":2.0,"gold_loss":0.0,"damage_taken":0.0},{"damage_healed":0.0,"max_hp_gain":0.0,"max_hp_loss":0.0,"gold_gain":75.0,"event_name":"World of Goop","player_choice":"Gather Gold","floor":3.0,"gold_loss":0.0,"damage_taken":11.0},{"damage_healed":0.0,"max_hp_gain":0.0,"max_hp_loss":0.0,"gold_gain":0.0,"cards_transformed":["Defend_MRS","LuminesStrike"],"event_name":"Drug Dealer","player_choice":"Became Test Subject","floor":21.0,"gold_loss":0.0,"damage_taken":0.0,"cards_obtained":["DC","UltimateShortwave"]},{"cards_removed":["Defend_MRS"],"damage_healed":0.0,"max_hp_gain":0.0,"max_hp_loss":0.0,"gold_gain":0.0,"event_name":"Purifier","player_choice":"Purged","floor":36.0,"gold_loss":0.0,"damage_taken":0.0},{"damage_healed":0,"gold_gain":0,"player_choice":"Forge","damage_taken":0,"max_hp_gain":0,"max_hp_loss":0,"event_name":"Accursed Blacksmith","floor":44,"gold_loss":0,"cards_upgraded":["EarthLightRay"]}],"is_beta":false,"boss_relics":[{"not_picked":["Abe\u0027s Treasure","Replay:Bronze Core"],"picked":"SoulBox"},{"not_picked":["Fusion Hammer","Philosopher\u0027s Stone"],"picked":"SlaversCollar"}],"items_purged_floors":[4,28,47],"is_endless":false,"potions_floor_spawned":[8,16,18,20,25,29,30,35,39,45,46,48],"ascension_level":11}}