{"host":"k5j3culymg4irp71","time":1608360402,"event":{"mods":["2.2 Compatiblity","Act Like it!","Art Attack!","Aspiration","Astrologer","Bard","BaseMod","Bestiary","Better Match","BetterRewards","Block Reminder","CCEM","Colored Map","Colored Powertips","Conspire","Downfall","Emptier Cage","Energized Spire","GifTheSpireLib","Halation","Hallownest","Hermit","Hubris","Infinite Spire","Ironclad Rager","Minty Spire (QoL Compilation)","Pale of the Ancients","Quarter Circle Forward PUNCH!","Rare Cards Sparkle","Replay The Spire","Shade Mod","Shop Mod","Spikes Relics","StSLib","Stuff the Spire","The Animator","The Blackbeard","The Bladedancer","The Blue Laboratory","The Cursed","The Druid","The Forsaken","The Gatherer","The Hayseed","The Hierophant","The Juggle","The Runesmith","The Servant 0.9.4","TheArtist","Waifu the Spire","Wandering Minibosses","slay the spire mod where everything is the same but ironclad has a cowboy hat","vexMod"],"gold_per_floor":[99,111,111,111,142,55,55,55,83,83,130,130,141,160,170,270,270,120,152,166,166,77,93,146,146,164,164,177,193,208,208,221,325,325,325,188,188,113,174,174,200,249,98,98,126,148,148,164,200,299,299,299,332,345,372,522,537,537,537,563,563,575,589,605,103,103],"floor_reached":65,"playtime":4624,"items_purged":[],"score":1305,"play_id":"d00156dc-6836-4f6c-b768-09e6ea65558d","local_time":"20201218224642","is_ascension_mode":false,"campfire_choices":[{"data":"hexamod:Sear","floor":1,"key":"SMITH"},{"data":"hexamod:Rewind","floor":8,"key":"SMITH"},{"floor":21,"key":"REST"},{"data":"hexamod:HeatCrush","floor":25,"key":"SMITH"},{"floor":27,"key":"REST"},{"floor":35,"key":"RECALL"},{"data":"Violence","floor":38,"key":"SMITH"},{"floor":44,"key":"REST"},{"data":"hexamod:RainOfEmbers","floor":59,"key":"SMITH"},{"data":"hexamod:GhostflameInferno","floor":61,"key":"SMITH"}],"circlet_count":0,"master_deck":["hexamod:Strike+1","hexamod:Strike+1","hexamod:Strike+1","hexamod:Strike+1","hexamod:Defend","hexamod:Defend+1","hexamod:Defend+1","hexamod:Defend","hexamod:Sear+1","hexamod:Float","hexamod:InspiringFlames+1","hexamod:ShieldOfDarkness+1","hexamod:GhostShield+1","hexamod:GhostOfSpireFuture","hexamod:GhostShield","hexamod:Again","hexamod:ThermalTransfer+1","hexamod:NightmareGuise","hexamod:FourthSeal","hexamod:NightmareGuise","hexamod:HeatMetal+1","hexamod:SpectralAdrenaline+1","hexamod:GhostOfSpirePast","hexamod:BurningTouch","hexamod:Hexaguard+1","hexamod:NightmareStrike","hexamod:GhostShield","hexamod:HauntingEcho","hexamod:BacktrackSmack","hexamod:NightmareGuise","hexamod:ParanormalForm+1","hexamod:VolcanoVisage","hexamod:WildfireWeapon","hexamod:TurnItUp","hexamod:SixthSeal","hexamod:FirstSeal","hexamod:NightmareStrike+1","hexamod:ThirdSeal","hexamod:RecurringNightmare","hexamod:FastForward+1","hexamod:ChargedBarrage","hexamod:NightmareStrike","hexamod:Firestarter+1","hexamod:SecondSeal","hexamod:NightmareGuise+1","hexamod:BurningTouch","hexamod:HeatCrush+1","hexamod:SpectersWail+1","hexamod:FirstSeal","hexamod:TimeWarp+1","hexamod:InspiringFlames+1","hexamod:HeatCrush","hexamod:RetreatToShadows+1","hexamod:SpectersWail","hexamod:RainOfEmbers","hexamod:BacktrackSmack","hexamod:InspiringFlames+1","hexamod:SixthSeal","hexamod:Firestarter+1","hexamod:PhantomFireball","hexamod:ThermalTransfer","hexamod:HeatCrush","hexamod:HauntingEcho","hexamod:NightmareGuise","hexamod:RainOfEmbers+1","hexamod:FastForward","hexamod:InspiringFlames","hexamod:NightmareStrike+1","hexamod:ExtraCrispy","hexamod:DynamicBlow","hexamod:NightmareStrike","hexamod:EmpoweringStance","hexamod:FifthSeal","hexamod:SixthSeal","hexamod:SecondSeal","hexamod:ThirdSeal","hexamod:FirstSeal","hexamod:Hexaguard","hexamod:GhostLash+1","hexamod:NightmareGuise+1","hexamod:SwordOfDarkness+1","hexamod:GhostShield","hexamod:Again+1","Violence+1","hexamod:SwordOfDarkness+1","hexamod:AdvancingGuard+1","hexamod:GhostOfSpirePresent+1","hexamod:BacktrackSmack","hexamod:NightmareGuise+1","hexamod:ChargedBarrage+1","hexamod:RecurringNightmare+1","hexamod:ParanormalForm+1","hexamod:SwordOfDarkness","hexamod:SwordOfDarkness","hexamod:NightmareGuise","hexamod:PhantomCloak+1","hexamod:GhostOfSpirePast+1","hexamod:SpectersWail","hexamod:InspiringFlames","hexamod:SixthSeal","hexamod:FourthSeal","hexamod:FirstSeal","hexamod:ThermalTransfer+1","hexamod:BacktrackSmack","hexamod:ChargedBarrage+1","hexamod:SwordOfDarkness+1","hexamod:RainOfEmbers+1","hexamod:FastForward+1","hexamod:PhantomFireball","hexamod:GhostLash+1","hexamod:HexaLevel","hexamod:FirstSeal","hexamod:SixthSeal","hexamod:ThirdSeal","hexamod:NightmareGuise","hexamod:Firestarter","hexamod:ThermalTransfer+1","hexamod:GhostLash+1","hexamod:HexaLevel+1","hexamod:HauntingEcho+1","hexamod:FirstSeal","hexamod:SecondSeal","hexamod:SixthSeal","hexamod:FirstSeal","hexamod:SwordOfDarkness","hexamod:HeatMetal","hexamod:GhostflameInferno+1","hexamod:SearingWound","hexamod:CrushingStance","hexamod:GhostLash","hexamod:NightmareStrike","hexamod:StepThrough","hexamod:ExtraCrispy","hexamod:ChargedBarrage","hexamod:SecondSeal","hexamod:GhostOfSpirePast","hexamod:FirstSeal","hexamod:GhostLash","hexamod:BacktrackSmack","hexamod:RecurringNightmare","hexamod:DynamicBlow","hexamod:Again","hexamod:PhantomFireball","hexamod:HauntingEcho","hexamod:GhostLash","hexamod:FourthSeal","hexamod:PhantomCloak","hexamod:GhostShield","hexamod:CrushingStance","hexamod:RainOfEmbers","hexamod:HauntingEcho","hexamod:PhantomCloak","hexamod:NightmareStrike","hexamod:GhostShield","hexamod:SkipABeat","hexamod:NightmareGuise","hexamod:BurningTouch","hexamod:NecessarySacrifice","hexamod:SixthSeal"],"relics":["energizedSpire:StickyHand","CaptainsWheel","Bag of Preparation","SpikesRelics:DaevaFist","aspiration:HiddenCompartment","aspiration:MobileForge","downfall:HeartBlessingGreen","downfall:HeartBlessingBlue","vexMod:BarristanHead","hubris:BlackHole","hubris:FunFungus","downfall:HeartBlessingRed","Lizard Tail","theForsaken:Lifeblossom","Sundial","infinitespire:Beetle Shell","wanderingMiniBosses:OtherGremlinHorn","halation:PinkAlligatorPlush","Odd Mushroom","halation:BottledLove","infinitespire:WardingShard","CCEMRelics:DerglesHeadphones"],"acts_visited":["Exordium","TheCity","TheBeyond","Exordium"],"potions_floor_usage":[23,29,29,30,32,33,60],"damage_taken":[{"damage":0,"enemies":"Cultist","floor":2,"turns":3},{"damage":15,"enemies":"3 Sentries","floor":5,"turns":8},{"damage":0,"enemies":"downfall:FleeingMerchant","floor":6,"turns":4},{"damage":24,"enemies":"Lagavulin","floor":9,"turns":12},{"damage":1,"enemies":"Jaw Worm","floor":13,"turns":3},{"damage":0,"enemies":"Small Slimes","floor":14,"turns":3},{"damage":0,"enemies":"Large Slime","floor":15,"turns":7},{"damage":35,"enemies":"downfall:Defect","floor":16,"turns":10},{"damage":29,"enemies":"Nightmare","floor":19,"turns":9},{"damage":28,"enemies":"3 Byrds","floor":20,"turns":6},{"damage":0,"enemies":"downfall:FleeingMerchant","floor":22,"turns":4},{"damage":0,"enemies":"Chosen","floor":23,"turns":4},{"damage":27,"enemies":"Sentry and Sphere","floor":26,"turns":6},{"damage":12,"enemies":"Snake Plant","floor":28,"turns":3},{"damage":8,"enemies":"Snecko","floor":29,"turns":8},{"damage":35,"enemies":"Sentry and Sphere","floor":30,"turns":7},{"damage":0,"enemies":"Chosen and Byrds","floor":32,"turns":4},{"damage":32,"enemies":"downfall:Ironclad","floor":33,"turns":6},{"damage":0,"enemies":"downfall:FleeingMerchant","floor":36,"turns":5},{"damage":39,"enemies":"2 Orb Walkers","floor":39,"turns":4},{"damage":94,"enemies":"Reptomancer","floor":42,"turns":4},{"damage":0,"enemies":"3 Darklings","floor":45,"turns":3},{"damage":12,"enemies":"Orb Walker","floor":46,"turns":5},{"damage":0,"enemies":"Jaw Worm Horde","floor":48,"turns":2},{"damage":0,"enemies":"Maw","floor":49,"turns":3},{"damage":5,"enemies":"downfall:Silent","floor":50,"turns":4},{"damage":4,"enemies":"3 Sentries","floor":53,"turns":2},{"damage":4,"enemies":"Small Slimes","floor":54,"turns":2},{"damage":4,"enemies":"The Mushroom Lair","floor":55,"turns":2},{"damage":4,"enemies":"Cultist","floor":57,"turns":2},{"damage":111,"enemies":"Nightmare","floor":60,"turns":5},{"damage":0,"enemies":"Jaw Worm","floor":62,"turns":1},{"damage":0,"enemies":"3 Louse","floor":63,"turns":1},{"damage":10,"enemies":"Blue Slaver","floor":64,"turns":2}],"seed_played":"2886294591254833490","potions_obtained":[{"floor":9,"key":"LiquidMemories"},{"floor":13,"key":"blueLaboratory:EnragingPotion"},{"floor":14,"key":"Venom Potion"},{"floor":15,"key":"Weak Potion"},{"floor":16,"key":"Fire Potion"},{"floor":16,"key":"Reflective Coating"},{"floor":23,"key":"blueLaboratory:Moonshine"},{"floor":29,"key":"blueLaboratory:ForbiddenFruitJuice"},{"floor":29,"key":"PowerPotion"},{"floor":32,"key":"LifebloodPotion"},{"floor":36,"key":"conspire:TimeTravelPotion"},{"floor":39,"key":"blueLaboratory:AbyssPotion"},{"floor":60,"key":"Guardian:BlockOnCardUsePotion"}],"is_trial":false,"path_per_floor":["R_BF","M","T","?","E","$","T","R","E","?","T","?","M","M","M","B",null,"R_BF","NM","M","R","$","M","T","R","M","R","M","M","M","?","M","B",null,"R","$","?","R","?","$","T","E","$","R","M","M","?","M","M","B",null,"R_BF","E","M","?","?","M","T","R","NM","R","M","M","M","$"],"character_chosen":"THE_SPIRIT","items_purchased":["hexamod:FourthSeal","hexamod:SecondSeal","hubris:FunFungus","Violence","infinitespire:Beetle Shell","infinitespire:WardingShard","CCEMRelics:DerglesHeadphones"],"campfire_rested":3,"item_purchase_floors":[6,22,36,36,43,65,65],"current_hp_per_floor":[70,70,70,70,55,55,55,55,31,34,34,73,72,72,72,37,73,83,54,26,50,57,57,57,57,44,68,56,55,27,27,41,16,83,83,83,83,83,67,67,67,59,59,83,83,83,83,83,83,83,83,75,81,83,83,83,83,83,83,83,83,83,83,83,83,83],"gold":103,"neow_bonus":"BOSS_RELIC","is_daily":false,"chose_seed":false,"campfire_upgraded":6,"win_rate":0.0,"timestamp":1608360402,"path_taken":["R_BF","M","?","?","E","$","T","R","E","?","?","?","M","M","M","BOSS","R_BF","NM","M","R","$","M","T","R","M","R","M","M","M","?","M","BOSS","R","$","?","R","?","$","T","E","?","R","M","M","?","M","M","BOSS","R_BF","E","M","?","?","M","T","R","NM","R","?","M","M","$"],"items_purchased_type":["Card","Card","Relic","Card","Relic","Relic","Relic"],"build_version":"2020-12-13","purchased_purges":0,"victory":false,"max_hp_per_floor":[70,70,70,70,70,70,70,70,70,73,73,73,73,73,73,73,73,83,83,83,83,83,83,83,83,83,83,83,83,83,83,83,83,83,83,83,83,83,83,83,83,83,83,83,83,83,83,83,83,83,83,83,83,83,83,83,83,83,83,83,83,83,83,83,83,83],"card_choices":[{"not_picked":["hexamod:InspiringFlames","hexamod:GhostShield"],"picked":"hexamod:ShieldOfDarkness","floor":2},{"not_picked":["hexamod:GhostOfSpireFuture","hexamod:Rewind"],"picked":"hexamod:GhostShield","floor":5},{"not_picked":["hexamod:Again","hexamod:ThermalTransfer"],"picked":"hexamod:NightmareGuise","floor":6},{"not_picked":["hexamod:NightmareGuise","hexamod:SpectralAdrenaline"],"picked":"hexamod:HeatMetal","floor":9},{"not_picked":["hexamod:SpectralAdrenaline","hexamod:BurningTouch"],"picked":"hexamod:GhostOfSpirePast","floor":13},{"not_picked":["hexamod:Hexaguard","hexamod:GhostShield"],"picked":"hexamod:NightmareStrike","floor":14},{"not_picked":["hexamod:HauntingEcho","hexamod:NightmareGuise"],"picked":"hexamod:BacktrackSmack","floor":15},{"not_picked":["hexamod:ParanormalForm","hexamod:WildfireWeapon"],"picked":"hexamod:VolcanoVisage","floor":16},{"not_picked":["hexamod:SixthSeal","hexamod:NightmareStrike"],"picked":"hexamod:FirstSeal","floor":19},{"not_picked":["hexamod:ThirdSeal","hexamod:FastForward+1"],"picked":"hexamod:RecurringNightmare","floor":20},{"not_picked":["hexamod:ChargedBarrage","hexamod:Firestarter+1"],"picked":"hexamod:NightmareStrike","floor":22},{"not_picked":["hexamod:NightmareGuise+1","hexamod:HeatCrush"],"picked":"hexamod:BurningTouch","floor":23},{"not_picked":["hexamod:SpectersWail+1","hexamod:FirstSeal"],"picked":"hexamod:TimeWarp","floor":23},{"not_picked":["hexamod:InspiringFlames","hexamod:RetreatToShadows+1"],"picked":"hexamod:HeatCrush","floor":26},{"not_picked":["hexamod:SpectersWail","hexamod:BacktrackSmack"],"picked":"hexamod:RainOfEmbers","floor":28},{"not_picked":["hexamod:InspiringFlames","hexamod:Firestarter"],"picked":"hexamod:SixthSeal","floor":28},{"not_picked":["hexamod:PhantomFireball","hexamod:HeatCrush"],"picked":"hexamod:ThermalTransfer","floor":29},{"not_picked":["hexamod:HauntingEcho","hexamod:RainOfEmbers"],"picked":"hexamod:NightmareGuise","floor":29},{"not_picked":["hexamod:FastForward","hexamod:NightmareStrike"],"picked":"hexamod:InspiringFlames","floor":30},{"not_picked":["hexamod:ExtraCrispy","hexamod:NightmareStrike"],"picked":"hexamod:DynamicBlow","floor":32},{"not_picked":["hexamod:EmpoweringStance","hexamod:SixthSeal"],"picked":"hexamod:FifthSeal","floor":33},{"not_picked":["hexamod:SecondSeal","hexamod:FirstSeal"],"picked":"hexamod:ThirdSeal","floor":36},{"not_picked":["hexamod:Hexaguard","hexamod:NightmareGuise"],"picked":"hexamod:GhostLash+1","floor":36},{"not_picked":["hexamod:SwordOfDarkness+1","hexamod:Again+1"],"picked":"hexamod:GhostShield","floor":36},{"not_picked":["hexamod:SwordOfDarkness+1","hexamod:GhostOfSpirePresent+1"],"picked":"hexamod:AdvancingGuard","floor":39},{"not_picked":["hexamod:BacktrackSmack","hexamod:ChargedBarrage"],"picked":"hexamod:NightmareGuise+1","floor":39},{"not_picked":["hexamod:RecurringNightmare","hexamod:SwordOfDarkness"],"picked":"hexamod:ParanormalForm","floor":39},{"not_picked":["hexamod:SwordOfDarkness","hexamod:PhantomCloak+1"],"picked":"hexamod:NightmareGuise","floor":42},{"not_picked":["hexamod:GhostOfSpirePast+1","hexamod:InspiringFlames"],"picked":"hexamod:SpectersWail","floor":42},{"not_picked":["hexamod:SixthSeal","hexamod:FirstSeal"],"picked":"hexamod:FourthSeal","floor":42},{"not_picked":["hexamod:ThermalTransfer+1","hexamod:ChargedBarrage+1"],"picked":"hexamod:BacktrackSmack","floor":42},{"not_picked":["hexamod:SwordOfDarkness+1","hexamod:FastForward+1"],"picked":"hexamod:RainOfEmbers+1","floor":45},{"not_picked":["hexamod:PhantomFireball","hexamod:HexaLevel"],"picked":"hexamod:GhostLash+1","floor":46},{"not_picked":["hexamod:FirstSeal","hexamod:ThirdSeal"],"picked":"hexamod:SixthSeal","floor":46},{"not_picked":["hexamod:NightmareGuise","hexamod:ThermalTransfer+1"],"picked":"hexamod:Firestarter","floor":46},{"not_picked":["hexamod:GhostLash+1","hexamod:HauntingEcho+1"],"picked":"hexamod:HexaLevel","floor":48},{"not_picked":["hexamod:FirstSeal","hexamod:SixthSeal"],"picked":"hexamod:SecondSeal","floor":49},{"not_picked":["hexamod:FirstSeal","hexamod:HeatMetal"],"picked":"hexamod:SwordOfDarkness","floor":49},{"not_picked":["hexamod:GhostflameInferno","hexamod:CrushingStance"],"picked":"hexamod:SearingWound","floor":50},{"not_picked":["hexamod:GhostLash","hexamod:NightmareStrike"],"picked":"hexamod:StepThrough","floor":53},{"not_picked":["hexamod:ExtraCrispy","hexamod:SecondSeal"],"picked":"hexamod:ChargedBarrage","floor":53},{"not_picked":["hexamod:GhostOfSpirePast","hexamod:GhostLash"],"picked":"hexamod:FirstSeal","floor":54},{"not_picked":["hexamod:BacktrackSmack","hexamod:DynamicBlow"],"picked":"hexamod:RecurringNightmare","floor":55},{"not_picked":["hexamod:Again","hexamod:HauntingEcho"],"picked":"hexamod:PhantomFireball","floor":57},{"not_picked":["hexamod:GhostLash","hexamod:PhantomCloak"],"picked":"hexamod:FourthSeal","floor":57},{"not_picked":["hexamod:GhostShield","hexamod:RainOfEmbers"],"picked":"hexamod:CrushingStance","floor":60},{"not_picked":["hexamod:HauntingEcho","hexamod:NightmareStrike"],"picked":"hexamod:PhantomCloak","floor":62},{"not_picked":["hexamod:GhostShield","hexamod:NightmareGuise"],"picked":"hexamod:SkipABeat","floor":63},{"not_picked":["hexamod:BurningTouch","hexamod:SixthSeal"],"picked":"hexamod:NecessarySacrifice","floor":64}],"player_experience":44168,"relics_obtained":[{"floor":5,"key":"CaptainsWheel"},{"floor":7,"key":"Bag of Preparation"},{"floor":9,"key":"SpikesRelics:DaevaFist"},{"floor":11,"key":"aspiration:HiddenCompartment"},{"floor":19,"key":"CCEMRelics:PorcelainBowl"},{"floor":24,"key":"vexMod:BarristanHead"},{"floor":39,"key":"Lizard Tail"},{"floor":41,"key":"theForsaken:Lifeblossom"},{"floor":42,"key":"Sundial"},{"floor":46,"key":"wanderingMiniBosses:OtherGremlinHorn"},{"floor":55,"key":"Odd Mushroom"},{"floor":58,"key":"halation:BottledLove"}],"event_choices":[{"cards_removed":["hexamod:Rewind"],"damage_healed":39,"gold_gain":0,"player_choice":"Offered Uncommon","damage_taken":0,"max_hp_gain":0,"max_hp_loss":0,"event_name":"Bonfire Elementals","floor":12,"gold_loss":0},{"damage_healed":0,"gold_gain":0,"player_choice":"Fight","damage_taken":0,"max_hp_gain":0,"max_hp_loss":0,"event_name":"Mysterious Sphere","floor":39,"gold_loss":0},{"damage_healed":0,"gold_gain":0,"player_choice":"Ignored","damage_taken":0,"max_hp_gain":0,"max_hp_loss":0,"event_name":"Transmorgrifier","floor":47,"gold_loss":0},{"damage_healed":0,"gold_gain":0,"player_choice":"Fought Mushrooms","damage_taken":0,"max_hp_gain":0,"max_hp_loss":0,"event_name":"Mushrooms","floor":55,"gold_loss":0}],"is_beta":false,"boss_relics":[{"not_picked":["SacredBark","Ectoplasm"],"picked":"aspiration:MobileForge"},{"not_picked":["halation:CatFaceCupcake","energizedSpire:RedRose"],"picked":"hubris:BlackHole"},{"not_picked":["energizedSpire:EnergizedDie","aspiration:RunicSpoon"],"picked":"halation:PinkAlligatorPlush"}],"items_purged_floors":[],"is_endless":true,"potions_floor_spawned":[13,14,16,20,28,29,32,45,48,49,53,54,57,64],"ascension_level":0}}