{"host":"deadgod","time":1608368907,"event":{"mods":["2.2 Compatiblity","BaseMod","Bestiary","CapriCore","Colored Map","GungeonMod","HololiveMod","Minty Spire (QoL Compilation)","Permanent Neow","Prisma Mod","Relic Filter","Relic Sorter","StSLib","The Alterego","The Dragon Tamer","The Immortal","UnlockEverythingMod","Waifu the Spire","¡i?ª«¥dµP¡jREMEMod"],"gold_per_floor":[18,18,18,18,28,47,47,47,124,124,157,6,6,6,6,107,107,127,139,139,150,161,161,190,190,190,190,207,220,230,250,266,266,266,362,362,373,373,142,158,172,207,224,224,249,249,3,0,55,70,70,70,70,70,45,80,80],"floor_reached":58,"playtime":17711,"items_purged":["Pain","MokouMod:Extinguish+1"],"score":1234,"play_id":"b32f8a17-258e-4624-b0b2-5010686be70a","local_time":"20201219170827","is_ascension_mode":false,"campfire_choices":[{"data":"MokouMod:Extinguish","floor":7.0,"key":"SMITH"},{"data":"MokouMod:HeatSpark","floor":10.0,"key":"SMITH"},{"data":"MokouMod:Wildfire","floor":13.0,"key":"SMITH"},{"floor":15.0,"key":"REST"},{"data":"PrismaMod:ChloeAnyUncommonTrace","floor":23.0,"key":"SMITH"},{"data":"MokouMod:IllusoryBattlefield","floor":25.0,"key":"SMITH"},{"data":"MokouMod:Burn","floor":27.0,"key":"SMITH"},{"data":"MokouMod:IllusoryBattlefield","floor":33.0,"key":"SMITH"},{"data":"DemoMod:Invincible","floor":44,"key":"SMITH"},{"data":"Secret Technique","floor":46,"key":"SMITH"},{"floor":51,"key":"RECALL"},{"data":"MokouMod:Ventilation","floor":54,"key":"SMITH"}],"circlet_count":0,"master_deck":["MokouMod:Defend","MokouMod:Defend","MokouMod:HeatSpark+1","MokouMod:SubterraneanCore","MokouMod:BurningDraft+1","MokouMod:ImperishableFlame","MokouMod:Wildfire+1","PrismaMod:ChloeAnyUncommonTrace+1","MokouMod:Geothermal","MokouMod:FujiyamaVolcano+1","MokouMod:WarmUp+1","MokouMod:IllusoryBattlefield+1","MokouMod:IgnitionBarrier+1","MokouMod:Burn+1","MokouMod:Overheat","MokouMod:Geothermal","MokouMod:FujiyamaVolcano+1","MokouMod:RisingSunBarrier+1","MokouMod:IllusoryBattlefield+1","DemoMod:Elimentaler","MokouMod:Ventilation+1","MokouMod:HeatFactory","MokouMod:Firecracker+1","Secret Technique+1","DemoMod:Invincible+1","Violence+1","MokouMod:CrimsonArmoury+1","REME_AllRoundStrike","REME_AllRoundStrike","MokouMod:BlazingComet","REME_FirmDetermination+1"],"relics":["MokouMod:PhoenixFeather","REME_ComplimentaryCards","Kunai","Turnip","Prayer Wheel","FossilizedHelix","DemoMod:ClearGuonStone","Philosopher\u0027s Stone","Thread and Needle","OrangePellets","WarpedTongs","DemoMod:Antibody","DemoMod:MeatBun","CaptainsWheel","REME_CardOfGreed","DemoMod:LamentConfigurum","TheAbacus","DemoMod:RingOfEthereal","Bird Faced Urn","HandDrill","Ice Cream","WingedGreaves","Strange Spoon","DemoMod:PartiallyEatenCheese","Sling","StoneCalendar","DemoMod:RatBoots","DemoMod:ResourcefulSack","REME_LowDesire","Bottled Tornado","REME_HourglassOfDeath","Nunchaku","Potion Belt","DemoMod:GlassGuonStoneRelic","Oddly Smooth Stone","Pen Nib","Red Mask","TungstenRod","DemoMod:GundromedaStrain","DemoMod:DecoyRelic","War Paint"],"acts_visited":["Exordium","TheCity","TheCity","TheBeyond","TheEnding"],"potions_floor_usage":[43],"damage_taken":[{"damage":0.0,"enemies":"2 Louse","floor":1.0,"turns":3.0},{"damage":15.0,"enemies":"Jaw Worm","floor":5.0,"turns":4.0},{"damage":13.0,"enemies":"Small Slimes","floor":6.0,"turns":16.0},{"damage":30.0,"enemies":"Gremlin Nob","floor":11.0,"turns":5.0},{"damage":35.0,"enemies":"Hexaghost","floor":16.0,"turns":18.0},{"damage":24.0,"enemies":"Spheric Guardian","floor":18.0,"turns":25.0},{"damage":5.0,"enemies":"2 Thieves","floor":19.0,"turns":3.0},{"damage":47.0,"enemies":"Shelled Parasite and Fungi","floor":21.0,"turns":51.0},{"damage":17.0,"enemies":"3 Cultists","floor":22.0,"turns":25.0},{"damage":7.0,"enemies":"Gremlin Leader","floor":24.0,"turns":4.0},{"damage":17.0,"enemies":"DemoMod:2_Veteran_bullet_kins_and_red_shotgun_kin","floor":28.0,"turns":23.0},{"damage":10.0,"enemies":"DemoMod:Veteran_shot_gun_kin_and_bullet_kin","floor":29.0,"turns":14.0},{"damage":17.0,"enemies":"DemoMod:Veteran_shot_gun_kin_and_blue_shotgun_kin_with_gunsinger","floor":30.0,"turns":2.0},{"damage":15.0,"enemies":"DemoMod:Red_and_blue_shotgun_kin_with_gunsinger","floor":31.0,"turns":23.0},{"damage":3.0,"enemies":"DemoMod:Veteran_shot_gun_kin_and_red_shotgun_kin_with_gunsinger","floor":32.0,"turns":19.0},{"damage":0.0,"enemies":"DemoMod:ResourcefulRat","floor":35.0,"turns":16.0},{"damage":0,"enemies":"3 Shapes","floor":37,"turns":7},{"damage":0,"enemies":"3 Darklings","floor":40,"turns":2},{"damage":0,"enemies":"Transient","floor":41,"turns":5},{"damage":5,"enemies":"Nemesis","floor":42,"turns":7},{"damage":0,"enemies":"Writhing Mass","floor":43,"turns":7},{"damage":0,"enemies":"2 Orb Walkers","floor":49,"turns":7},{"damage":0,"enemies":"Spire Growth","floor":50,"turns":2},{"damage":0,"enemies":"Time Eater","floor":52,"turns":6},{"damage":0,"enemies":"Shield and Spear","floor":56,"turns":3},{"damage":0,"enemies":"The Heart","floor":57,"turns":6}],"seed_played":"2778710152475363430","potions_obtained":[{"floor":1.0,"key":"Strength Potion"},{"floor":5.0,"key":"SteroidPotion"},{"floor":21.0,"key":"GamblersBrew"},{"floor":24.0,"key":"Swift Potion"},{"floor":28.0,"key":"DuplicationPotion"},{"floor":31.0,"key":"Swift Potion"},{"floor":37,"key":"Dexterity Potion"},{"floor":42,"key":"Strength Potion"},{"floor":50,"key":"Block Potion"}],"is_trial":false,"path_per_floor":["M","?","T","?","M","M","R","$","T","R","E","$","R","?","R","B",null,"M","M","?","M","M","R","E","R","T","R","M","M","M","M","M","R","B","B",null,"M","?","$","M","M","E","M","R","T","R","$","?","?","M","R","B",null,"R","$","E","B",null],"character_chosen":"MKU","items_purchased":["DemoMod:GnawedKey","MokouMod:Wildfire","Nunchaku","Pen Nib","DemoMod:DecoyRelic","MokouMod:BlazingComet"],"campfire_rested":1,"item_purchase_floors":[12,12,39,47,55,55],"current_hp_per_floor":[75,72,72,72,57,44,44,44,44,44,14,14,14,14,36,1,75,75,70,70,75,75,75,71,71,75,75,75,75,58,75,75,75,67,75,75,75,75,75,75,75,72,75,75,75,75,75,75,75,75,75,75,75,75,75,75,75],"gold":80,"neow_bonus":"THREE_RARE_CARDS","is_daily":false,"chose_seed":false,"campfire_upgraded":10,"win_rate":0.0,"timestamp":1608368907,"path_taken":["M","?","?","?","M","M","R","?","T","R","E","$","R","?","R","BOSS","M","M","?","?","M","R","E","R","T","R","M","M","M","M","M","R","BOSS","BOSS","M","?","?","M","M","E","M","R","T","R","$","?","?","?","R","BOSS","R","$","E","BOSS"],"items_purchased_type":["Relic","Card","Relic","Relic","Relic","Card"],"build_version":"2020-11-17","purchased_purges":2,"victory":true,"max_hp_per_floor":[75,75,75,75,75,75,75,75,75,75,75,75,75,75,75,75,75,75,75,75,75,75,75,75,75,75,75,75,75,75,75,75,75,75,75,75,75,75,75,75,75,75,75,75,75,75,75,75,75,75,75,75,75,75,75,75,75],"card_choices":[{"not_picked":["MokouMod:BurningHiddenBullet","MokouMod:Rebirth"],"picked":"MokouMod:Extinguish","floor":0.0},{"not_picked":["MokouMod:IcarusDive","MokouMod:Singe"],"picked":"MokouMod:SubterraneanCore","floor":1.0},{"not_picked":["MokouMod:Meltdown","MokouMod:Overheat"],"picked":"MokouMod:BurningDraft","floor":5.0},{"not_picked":["MokouMod:ScorchingColumn","MokouMod:HeatCyclone"],"picked":"MokouMod:ImperishableFlame","floor":6.0},{"not_picked":["MokouMod:Trailblazer","MokouMod:ProfanedFlare"],"picked":"MokouMod:HeatTransfer","floor":11.0},{"not_picked":["MokouMod:RadiantBlade","MokouMod:EnchantingBambooForest","MokouMod:ExplosiveFlame"],"picked":"MokouMod:Geothermal","floor":16.0},{"not_picked":["MokouMod:AdaptivePyromancy","MokouMod:Sear"],"picked":"MokouMod:FujiyamaVolcano+1","floor":18.0},{"not_picked":["MokouMod:Wildfire","MokouMod:EnchantingBambooForest"],"picked":"MokouMod:WarmUp+1","floor":19.0},{"not_picked":["MokouMod:CrimsonFlare+1","MokouMod:GuidingSmoke","MokouMod:RoaringFlare"],"picked":"MokouMod:IllusoryBattlefield","floor":21.0},{"not_picked":["MokouMod:WarmUp","MokouMod:TemporalFireSeal"],"picked":"MokouMod:IgnitionBarrier+1","floor":22.0},{"not_picked":["MokouMod:FlamingFireTalons","MokouMod:CrimsonFlare"],"picked":"MokouMod:Burn","floor":24.0},{"not_picked":["MokouMod:HeatTransfer","MokouMod:Ember+1","MokouMod:Fireball"],"picked":"MokouMod:Overheat","floor":28.0},{"not_picked":["MokouMod:CrimsonFlare","MokouMod:TemporalFireSeal","MokouMod:ShiftIgnition"],"picked":"MokouMod:Geothermal","floor":29.0},{"not_picked":["MokouMod:IcarusDive+1","MokouMod:Burn"],"picked":"MokouMod:FujiyamaVolcano+1","floor":30.0},{"not_picked":["MokouMod:AdaptivePyromancy+1","MokouMod:WarmUp+1"],"picked":"MokouMod:RisingSunBarrier+1","floor":31.0},{"not_picked":["MokouMod:Ember","MokouMod:FlareStarter+1","MokouMod:ScorchingColumn","MokouMod:IgneousBlow"],"picked":"MokouMod:IllusoryBattlefield","floor":32.0},{"not_picked":[],"picked":"DemoMod:Elimentaler","floor":35.0},{"not_picked":["MokouMod:SearingBlow","MokouMod:HouraiForge"],"picked":"MokouMod:Ventilation","floor":35.0},{"not_picked":["MokouMod:IgnitionBlast+1","MokouMod:BlazingComet","Transmutation"],"picked":"MokouMod:HeatFactory","floor":37},{"not_picked":["MokouMod:CrimsonArmoury+1","MokouMod:HeartofFire+1","PanicButton"],"picked":"MokouMod:Firecracker+1","floor":37},{"not_picked":["MokouMod:IllusoryBattlefield+1","MokouMod:Singe","MokouMod:Ember+1"],"picked":"Secret Technique","floor":40},{"not_picked":["MokouMod:HeartofFire","MokouMod:SearingShot","MokouMod:BurningDraft+1","DemoMod:Invincible"],"picked":"SKIP","floor":40},{"not_picked":["MokouMod:HeartofFire","MokouMod:SearingShot","MokouMod:BurningDraft+1"],"picked":"DemoMod:Invincible","floor":40},{"not_picked":["MokouMod:FlickeringFlame+1","MokouMod:IgnitionBarrier","MokouMod:SearingBlow","MokouMod:Meltdown+1"],"picked":"Violence","floor":41},{"not_picked":["MokouMod:ShiftIgnition+1","MokouMod:TemporalFireSeal","MokouMod:Ember","PanicButton+1"],"picked":"MokouMod:CrimsonArmoury+1","floor":41},{"not_picked":["MokouMod:IndiscriminateIgnition","MokouMod:ScorchingColumn","MokouMod:Stoke","REME_BattleFury"],"picked":"SKIP","floor":42},{"not_picked":["MokouMod:UncontrollableSolarReaction+1","MokouMod:Trailblazer+1","MokouMod:Fireball+1","Dramatic Entrance"],"picked":"SKIP","floor":43},{"not_picked":["MokouMod:SearingShot+1","MokouMod:PhoenixForm","MokouMod:RoaringFlare","Mayhem"],"picked":"SKIP","floor":43},{"not_picked":["MokouMod:UncontrollableSolarReaction+1","MokouMod:Trailblazer+1","MokouMod:Fireball+1","Dramatic Entrance"],"picked":"SKIP","floor":43},{"not_picked":["MokouMod:SearingShot+1","MokouMod:PhoenixForm","MokouMod:RoaringFlare","Mayhem"],"picked":"SKIP","floor":43},{"not_picked":["MokouMod:Trailblazer","MokouMod:Firecracker","MokouMod:BlazingComet"],"picked":"REME_AllRoundStrike","floor":49},{"not_picked":["MokouMod:UncontrollableSolarReaction","MokouMod:CrimsonFlare","MokouMod:FusionFlare"],"picked":"REME_AllRoundStrike","floor":50},{"not_picked":["MokouMod:Fireball","MokouMod:Refresh+1","MokouMod:ThermalPressure","Purity"],"picked":"SKIP","floor":50},{"not_picked":["MokouMod:IllusoryBattlefield+1","MokouMod:TemporalFireSeal+1","MokouMod:FujiyamaVolcano+1"],"picked":"REME_FirmDetermination+1","floor":56}],"player_experience":34497,"relics_obtained":[{"floor":3.0,"key":"Turnip"},{"floor":6.0,"key":"FossilizedHelix"},{"floor":11.0,"key":"DemoMod:ClearGuonStone"},{"floor":18.0,"key":"Thread and Needle"},{"floor":18.0,"key":"OrangePellets"},{"floor":21.0,"key":"DemoMod:Antibody"},{"floor":21.0,"key":"DemoMod:MeatBun"},{"floor":22.0,"key":"CaptainsWheel"},{"floor":22.0,"key":"REME_CardOfGreed"},{"floor":24.0,"key":"DemoMod:LamentConfigurum"},{"floor":28.0,"key":"TheAbacus"},{"floor":28.0,"key":"DemoMod:RingOfEthereal"},{"floor":29.0,"key":"Bird Faced Urn"},{"floor":29.0,"key":"HandDrill"},{"floor":31.0,"key":"WingedGreaves"},{"floor":31.0,"key":"Strange Spoon"},{"floor":32.0,"key":"DemoMod:PartiallyEatenCheese"},{"floor":32.0,"key":"Sling"},{"floor":36.0,"key":"DemoMod:RatBoots"},{"floor":36.0,"key":"DemoMod:ResourcefulSack"},{"floor":36.0,"key":"REME_LowDesire"},{"floor":36.0,"key":"Bottled Tornado"},{"floor":42,"key":"Potion Belt"},{"floor":45,"key":"Oddly Smooth Stone"},{"floor":49,"key":"DemoMod:GundromedaStrain"},{"floor":56,"key":"War Paint"}],"event_choices":[{"damage_healed":0.0,"max_hp_gain":0.0,"max_hp_loss":0.0,"gold_gain":0.0,"event_name":"Scrap Ooze","player_choice":"Success","floor":2.0,"gold_loss":0.0,"damage_taken":3.0,"relics_obtained":["Kunai"]},{"damage_healed":0.0,"max_hp_gain":0.0,"max_hp_loss":0.0,"gold_gain":0.0,"event_name":"Big Fish","player_choice":"Box","floor":4.0,"gold_loss":0.0,"damage_taken":0.0,"relics_obtained":["DemoMod:WeirdEgg"],"cards_obtained":["Regret"]},{"cards_removed":["Regret"],"damage_healed":0.0,"max_hp_gain":0.0,"max_hp_loss":0.0,"gold_gain":0.0,"event_name":"Fountain of Cleansing","player_choice":"Removed Curses","floor":14.0,"gold_loss":0.0,"damage_taken":0.0},{"damage_healed":0.0,"max_hp_gain":0.0,"max_hp_loss":0.0,"gold_gain":0.0,"event_name":"Accursed Blacksmith","player_choice":"Rummage","floor":20.0,"gold_loss":0.0,"damage_taken":0.0,"relics_obtained":["WarpedTongs"],"cards_obtained":["Pain"]},{"damage_healed":0,"gold_gain":0,"player_choice":"Gave Potion","damage_taken":0,"relics_obtained":["REME_HourglassOfDeath"],"max_hp_gain":0,"max_hp_loss":0,"event_name":"WeMeetAgain","floor":38,"gold_loss":0},{"damage_healed":0,"gold_gain":0,"player_choice":"Paid","damage_taken":0,"relics_obtained":["Red Mask"],"max_hp_gain":0,"max_hp_loss":0,"event_name":"Tomb of Lord Red Mask","floor":48,"gold_loss":3},{"damage_healed":0,"gold_gain":0,"player_choice":"Fight","damage_taken":0,"max_hp_gain":0,"max_hp_loss":0,"event_name":"Mysterious Sphere","floor":49,"gold_loss":0}],"is_beta":true,"boss_relics":[{"not_picked":["Cursed Key","Velvet Choker"],"picked":"Philosopher\u0027s Stone"},{"not_picked":[]}],"items_purged_floors":[39,47],"is_endless":false,"potions_floor_spawned":[1,5,21,24,28,30,31,37,42,50],"ascension_level":0}}