{"host":"4iumrvuiaf6fol98","time":1608339466,"event":{"mods":["AchievementEnabler","BaseMod","Colored Map","Colored Powertips","Minty Spire (QoL Compilation)","Quick Restart","StSLib"],"gold_per_floor":[112,124,124,124,199,199,223,246,326,326,350,363,428,105,105,230,230,246,161,161,184,184,184,198,198,221,240,264,283,301,324,324,324,324],"floor_reached":33,"playtime":3631,"items_purged":["Shame"],"score":243,"play_id":"a1297a76-6dbc-4092-82b0-8719cc92212b","local_time":"20201218195746","is_ascension_mode":false,"campfire_choices":[{"floor":6.0,"key":"DIG"},{"data":"Noxious Fumes","floor":10.0,"key":"SMITH"},{"floor":15.0,"key":"DIG"},{"floor":23,"key":"DIG"},{"floor":25,"key":"DIG"},{"floor":32,"key":"REST"}],"circlet_count":0,"master_deck":["Strike_G","Strike_G","Strike_G","Strike_G","Strike_G","Defend_G","Defend_G","Defend_G","Defend_G","Defend_G","Survivor","Neutralize","Bane","Footwork+1","Injury","Noxious Fumes+1","Calculated Gamble","Dagger Throw+1","Deflect","Dagger Throw+1","Poisoned Stab+1","Backstab+1","Corpse Explosion","Poisoned Stab+1","Dagger Spray+1","Decay","Cloak And Dagger+1","Noxious Fumes","Backstab+1","Deflect","Underhanded Strike+1","Slice+1"],"relics":["Ring of the Snake","Shovel","Golden Idol","PreservedInsect","Molten Egg 2","Mercury Hourglass","Bronze Scales","The Courier","WristBlade","Vajra","Nunchaku","StoneCalendar","Paper Crane","Ancient Tea Set"],"acts_visited":["Exordium","TheCity"],"potions_floor_usage":[18,30,30,33],"damage_taken":[{"damage":2.0,"enemies":"Small Slimes","floor":1.0,"turns":5.0},{"damage":0.0,"enemies":"2 Louse","floor":2.0,"turns":3.0},{"damage":1.0,"enemies":"Cultist","floor":7.0,"turns":5.0},{"damage":0.0,"enemies":"Looter","floor":8.0,"turns":5.0},{"damage":5.0,"enemies":"Red Slaver","floor":11.0,"turns":5.0},{"damage":0.0,"enemies":"Blue Slaver","floor":12.0,"turns":3.0},{"damage":0.0,"enemies":"3 Sentries","floor":13.0,"turns":4.0},{"damage":17,"enemies":"Hexaghost","floor":16,"turns":8},{"damage":0,"enemies":"2 Thieves","floor":18,"turns":1},{"damage":1,"enemies":"3 Byrds","floor":21,"turns":3},{"damage":1,"enemies":"Cultist and Chosen","floor":24,"turns":5},{"damage":32,"enemies":"Shelled Parasite and Fungi","floor":27,"turns":4},{"damage":0,"enemies":"Chosen and Byrds","floor":28,"turns":4},{"damage":22,"enemies":"Centurion and Healer","floor":29,"turns":3},{"damage":1,"enemies":"Snake Plant","floor":30,"turns":2},{"damage":8,"enemies":"Shelled Parasite and Fungi","floor":31,"turns":4},{"damage":30,"enemies":"Champ","floor":33,"turns":9}],"seed_played":"-7620260375690474901","potions_obtained":[{"floor":7.0,"key":"Explosive Potion"},{"floor":11.0,"key":"AttackPotion"},{"floor":12.0,"key":"Explosive Potion"},{"floor":13.0,"key":"SteroidPotion"},{"floor":29,"key":"CunningPotion"},{"floor":30,"key":"Explosive Potion"},{"floor":31,"key":"Block Potion"}],"is_trial":false,"path_per_floor":["M","M","?","?","?","R","M","M","T","R","M","M","?","$","R","B",null,"M","?","?","M","?","R","M","R","T","M","M","M","M","M","R","B"],"character_chosen":"THE_SILENT","items_purchased":["Bronze Scales","Poisoned Stab+1","Backstab+1"],"campfire_rested":1,"item_purchase_floors":[14,14,14],"current_hp_per_floor":[68,68,68,68,57,57,56,56,56,56,51,51,51,51,51,34,70,70,70,70,69,69,69,68,68,68,36,36,14,13,5,26,0,0],"gold":324,"neow_bonus":"ONE_RARE_RELIC","is_daily":false,"chose_seed":false,"campfire_upgraded":1,"win_rate":0.0,"timestamp":1608339466,"path_taken":["M","M","?","?","?","R","M","M","T","R","M","M","?","$","R","BOSS","M","?","?","M","?","R","M","R","T","M","M","M","M","M","R","BOSS"],"items_purchased_type":["Relic","Card","Card"],"build_version":"2020-12-13","purchased_purges":1,"victory":false,"max_hp_per_floor":[70,70,70,70,70,70,70,70,70,70,70,70,70,70,70,70,70,70,70,70,70,70,70,70,70,70,70,70,70,70,70,70,70,70],"card_choices":[{"not_picked":["Concentrate","Caltrops"],"picked":"Bane","floor":1.0},{"not_picked":["Dagger Throw","Acrobatics"],"picked":"Footwork","floor":2.0},{"not_picked":["Prepared","Quick Slash"],"picked":"Noxious Fumes","floor":7.0},{"not_picked":["Outmaneuver","Acrobatics"],"picked":"Calculated Gamble","floor":8.0},{"not_picked":["Deflect","Quick Slash+1"],"picked":"Dagger Throw+1","floor":11.0},{"not_picked":["Riddle With Holes+1","Malaise"],"picked":"Deflect","floor":12.0},{"not_picked":["Riddle With Holes+1","Deflect"],"picked":"Dagger Throw+1","floor":13.0},{"not_picked":["Burst","Phantasmal Killer"],"picked":"Corpse Explosion","floor":16},{"not_picked":["Predator+1","Underhanded Strike+1"],"picked":"Poisoned Stab+1","floor":18},{"not_picked":["Skewer+1","Dodge and Roll"],"picked":"Dagger Spray+1","floor":21},{"not_picked":["Backflip","Underhanded Strike+1"],"picked":"Cloak And Dagger+1","floor":24},{"not_picked":["Heel Hook+1","Blade Dance"],"picked":"Noxious Fumes","floor":27},{"not_picked":["Predator+1","Deadly Poison+1"],"picked":"Backstab+1","floor":28},{"not_picked":["Calculated Gamble","Heel Hook+1"],"picked":"Deflect","floor":29},{"not_picked":["Dagger Throw+1","Flechettes+1"],"picked":"Underhanded Strike+1","floor":30},{"not_picked":["Deadly Poison","Bullet Time"],"picked":"Slice+1","floor":31}],"player_experience":228491,"relics_obtained":[{"floor":6.0,"key":"PreservedInsect"},{"floor":9.0,"key":"Molten Egg 2"},{"floor":15.0,"key":"The Courier"},{"floor":23,"key":"StoneCalendar"},{"floor":25,"key":"Paper Crane"},{"floor":26,"key":"Ancient Tea Set"}],"event_choices":[{"damage_healed":0.0,"max_hp_gain":0.0,"max_hp_loss":0.0,"gold_gain":0.0,"event_name":"Golden Idol","player_choice":"Take Wound","floor":3.0,"gold_loss":0.0,"damage_taken":0.0,"relics_obtained":["Golden Idol"],"cards_obtained":["Injury"]},{"damage_healed":0.0,"max_hp_gain":0.0,"max_hp_loss":0.0,"gold_gain":0.0,"event_name":"Living Wall","player_choice":"Grow","floor":4.0,"gold_loss":0.0,"damage_taken":0.0,"cards_upgraded":["Footwork"]},{"damage_healed":0.0,"max_hp_gain":0.0,"max_hp_loss":0.0,"gold_gain":75.0,"event_name":"World of Goop","player_choice":"Gather Gold","floor":5.0,"gold_loss":0.0,"damage_taken":11.0},{"damage_healed":0.0,"max_hp_gain":0.0,"max_hp_loss":0.0,"gold_gain":30.0,"event_name":"Dead Adventurer","player_choice":"Searched \u00273\u0027 times","floor":13.0,"gold_loss":0.0,"damage_taken":0.0,"relics_obtained":["Mercury Hourglass"]},{"damage_healed":0,"gold_gain":0,"player_choice":"Obtained Relic","damage_taken":0,"relics_obtained":["Vajra"],"max_hp_gain":0,"max_hp_loss":0,"event_name":"Addict","floor":19,"gold_loss":85},{"damage_healed":0,"gold_gain":0,"player_choice":"Opened","damage_taken":0,"relics_obtained":["Nunchaku"],"max_hp_gain":0,"max_hp_loss":0,"event_name":"The Mausoleum","floor":20,"gold_loss":0},{"damage_healed":0,"gold_gain":0,"player_choice":"Cursed","damage_taken":0,"max_hp_gain":0,"max_hp_loss":0,"event_name":"Wheel of Change","floor":22,"gold_loss":0,"cards_obtained":["Decay"]}],"is_beta":false,"boss_relics":[{"not_picked":["SlaversCollar","Ring of the Serpent"],"picked":"WristBlade"}],"items_purged_floors":[14],"is_endless":false,"potions_floor_spawned":[7,11,12,13,29,30,31],"killed_by":"Champ","ascension_level":0}}