{"host":"970o1nclt6rqqnly","time":1608407274,"event":{"mods":["AchievementEnabler","Act Like it!","Aspiration","Bard","BaseMod","Better Altar","Better Match","Better Note","Better Sensory Stone","Better Skull","Better Third Choice","BetterRewards","CCEM","Conspire","Downfall","GifTheSpireLib","Halation","Hermit","Highlight Path","Hubris","Hunter ??","Infinite Spire","Mad Scientist","Mimic Mod","Minty Spire (QoL Compilation)","Permanent Neow","Replay The Spire","Shade Mod","Shop Mod","Spicy Shops","StSLib","Stuff the Spire","The Bug Knight","The Construct","The Cursed","The Disciple","The Hierophant","The Jungle","The Necromancer","The Problem Sleuth","The Runesmith","The Spell Scribe","The Witch","Unceasing Turn Reminder","everything is the same but u backflip on backflip"],"gold_per_floor":[115,337,353,367,397,397,407,407,407],"floor_reached":8,"playtime":773,"items_purged":[],"score":48,"play_id":"5563a6d1-88f4-492a-a521-94d7df61bf9d","local_time":"20201219174754","is_ascension_mode":false,"campfire_choices":[{"data":"Time Bomb","floor":6,"key":"SMITH"}],"circlet_count":0,"master_deck":["Strike_B","Strike_B","Strike_B","Strike_B+1","Defend_B","Defend_B","Defend_B","Defend_B+1","Zap","Dualcast","Barrage","Capacitor","Fusion","Time Bomb+1","Go for the Eyes"],"relics":["Cracked Core","aspiration:Nostalgia","Iron Core","Nunchaku","Pet Ghost"],"acts_visited":["Exordium"],"potions_floor_usage":[],"damage_taken":[{"damage":0,"enemies":"Small Slimes","floor":1,"turns":2},{"damage":0,"enemies":"Cultist","floor":3,"turns":2},{"damage":0,"enemies":"Jaw Worm","floor":4,"turns":3},{"damage":4,"enemies":"3 Louse","floor":5,"turns":5},{"damage":2,"enemies":"3 Louse","floor":7,"turns":3},{"damage":16,"enemies":"Lagavulin","floor":8,"turns":5}],"seed_played":"48830252942825934","potions_obtained":[{"floor":4,"key":"Energy Potion"}],"is_trial":false,"path_per_floor":["M","?","M","M","MIM","R","M","E"],"character_chosen":"DEFECT","items_purchased":[],"campfire_rested":0,"item_purchase_floors":[],"current_hp_per_floor":[75,20,20,20,16,16,14,0,0],"gold":407,"neow_bonus":"NOSTALGIA","is_daily":false,"chose_seed":false,"campfire_upgraded":1,"win_rate":0.0,"timestamp":1608407274,"path_taken":["M","?","?","M","?","R","M","E"],"items_purchased_type":[],"build_version":"2020-12-13","purchased_purges":0,"victory":false,"max_hp_per_floor":[75,75,75,75,75,75,75,75,75],"card_choices":[{"not_picked":["Inflame","Streamline"],"picked":"Barrage","floor":1},{"not_picked":["Leap","conspire:SharedLibrary"],"picked":"Capacitor","floor":3},{"not_picked":["Hologram","ReplayTheSpireMod:Repulse"],"picked":"Fusion","floor":4},{"not_picked":["Blizzard","ReplayTheSpireMod:Repulse"],"picked":"Time Bomb","floor":5},{"not_picked":["ReplaySort","Reinforced Body"],"picked":"Go for the Eyes","floor":7}],"player_experience":22054,"relics_obtained":[{"floor":5,"key":"Pet Ghost"}],"event_choices":[{"damage_healed":0,"gold_gain":222,"player_choice":"RE GO UP UP GO ","damage_taken":63,"relics_obtained":["Nunchaku"],"max_hp_gain":0,"max_hp_loss":0,"event_name":"betterSkull:BetterSkull","floor":2,"gold_loss":0,"cards_upgraded":["Defend_B","Strike_B"]}],"is_beta":false,"boss_relics":[],"items_purged_floors":[],"is_endless":false,"potions_floor_spawned":[4],"killed_by":"Lagavulin","ascension_level":0}}