{"host":"mqhvlr3kpxebko0t","time":1608358290,"event":{"mods":["AchievementEnabler","BaseMod","Colored Map","Colored Powertips","Keyboard Shortcuts","Minty Spire (QoL Compilation)","StSLib","SuperFastMode"],"gold_per_floor":[116,41,41,41,53,78,95,95,120,131,164,174,174,192,192,192,192],"floor_reached":16,"playtime":242,"items_purged":["Strike_R"],"score":274,"play_id":"9e758734-cbf6-4796-ad83-6cab6cb8c926","local_time":"20201219151130","is_ascension_mode":true,"campfire_choices":[{"data":"Blood for Blood","floor":8,"key":"SMITH"},{"data":"Disarm","floor":13,"key":"SMITH"},{"data":"Dual Wield","floor":15,"key":"SMITH"}],"circlet_count":0,"master_deck":["AscendersBane","Strike_R","Strike_R","Strike_R","Defend_R","Defend_R","Defend_R","Bash","Shrug It Off","Heavy Blade","Blood for Blood+1","Disarm+1","Ghostly Armor","Dual Wield+1"],"relics":["Burning Blood","NeowsBlessing","Strawberry","Red Skull","Pantograph"],"acts_visited":["Exordium"],"potions_floor_usage":[11],"damage_taken":[{"damage":0,"enemies":"2 Louse","floor":1,"turns":1},{"damage":0,"enemies":"Small Slimes","floor":5,"turns":1},{"damage":0,"enemies":"Lagavulin","floor":6,"turns":2},{"damage":15,"enemies":"Cultist","floor":7,"turns":5},{"damage":25,"enemies":"Gremlin Gang","floor":10,"turns":5},{"damage":24,"enemies":"Gremlin Nob","floor":11,"turns":4},{"damage":18,"enemies":"Exordium Wildlife","floor":12,"turns":6},{"damage":10,"enemies":"Red Slaver","floor":14,"turns":4},{"damage":46,"enemies":"Hexaghost","floor":16,"turns":11}],"seed_played":"2520947384929094741","potions_obtained":[{"floor":5,"key":"Ancient Potion"},{"floor":6,"key":"HeartOfIron"},{"floor":14,"key":"DuplicationPotion"}],"is_trial":false,"path_per_floor":["M","$","?","?","M","E","M","R","T","M","E","M","R","M","R","B"],"character_chosen":"IRONCLAD","items_purchased":[],"campfire_rested":0,"item_purchase_floors":[],"current_hp_per_floor":[74,74,74,74,75,82,73,73,73,54,36,24,24,20,20,0,0],"gold":192,"neow_bonus":"THREE_ENEMY_KILL","is_daily":false,"chose_seed":false,"campfire_upgraded":3,"win_rate":0.0,"timestamp":1608358290,"path_taken":["M","$","?","?","?","E","M","R","T","?","E","M","R","M","R","BOSS"],"items_purchased_type":[],"build_version":"2020-12-13","purchased_purges":1,"victory":false,"max_hp_per_floor":[75,75,75,75,75,82,82,82,82,82,82,82,82,82,82,82,82],"card_choices":[{"not_picked":["Clothesline","Dropkick"],"picked":"Shrug It Off","floor":1},{"not_picked":["Bloodletting","Shrug It Off"],"picked":"Blood for Blood","floor":5},{"not_picked":["Flame Barrier","Body Slam"],"picked":"Disarm","floor":6},{"not_picked":["Clothesline","Rupture"],"picked":"Ghostly Armor","floor":7},{"not_picked":["Perfected Strike","Wild Strike","Rampage"],"picked":"SKIP","floor":10},{"not_picked":["Demon Form","Warcry","Anger"],"picked":"SKIP","floor":11},{"not_picked":["Entrench","Iron Wave","True Grit"],"picked":"SKIP","floor":12},{"not_picked":["Perfected Strike","Headbutt"],"picked":"Dual Wield","floor":14}],"player_experience":646162,"relics_obtained":[{"floor":6,"key":"Strawberry"},{"floor":9,"key":"Red Skull"},{"floor":11,"key":"Pantograph"}],"event_choices":[{"damage_healed":0,"gold_gain":0,"cards_transformed":["Strike_R"],"player_choice":"Change","damage_taken":0,"max_hp_gain":0,"max_hp_loss":0,"event_name":"Living Wall","floor":3,"gold_loss":0,"cards_obtained":["Heavy Blade"]},{"cards_removed":["Defend_R"],"damage_healed":0,"gold_gain":0,"player_choice":"Offered Basic","damage_taken":0,"max_hp_gain":0,"max_hp_loss":0,"event_name":"Bonfire Elementals","floor":4,"gold_loss":0}],"is_beta":false,"boss_relics":[],"items_purged_floors":[2],"is_endless":false,"potions_floor_spawned":[5,6,7,10,14],"killed_by":"Hexaghost","ascension_level":20}}