{"host":"49c2zf0lajbcs427","time":1608348755,"event":{"mods":["AchievementEnabler","BaseMod","Colored Map","Colored Powertips","Highlight Path","Minty Spire (QoL Compilation)","Relic Stats","StSLib"],"gold_per_floor":[115,115,131,157,176,176,204,204,204,204,218,236,246,279,279,356,356,397,68,68,112,112,140,140,196,196,196,196,246,305,346,346,425,425,475,515,515,558,239,296,75,75,75,75,350,47,95,127,127,127],"floor_reached":51,"playtime":3178,"items_purged":["Decay","Writhe","Regret"],"score":1623,"play_id":"7dbdaff6-8846-4247-a3a2-2267fb337930","local_time":"20201219163235","is_ascension_mode":true,"campfire_choices":[{"data":"SandsOfTime","floor":6.0,"key":"SMITH"},{"data":"EmptyFist","floor":8.0,"key":"SMITH"},{"data":"CutThroughFate","floor":10.0,"key":"SMITH"},{"data":"WaveOfTheHand","floor":15.0,"key":"SMITH"},{"data":"Wish","floor":24.0,"key":"SMITH"},{"floor":27.0,"key":"REST"},{"floor":32.0,"key":"REST"},{"data":"Ragnarok","floor":42,"key":"SMITH"},{"floor":49,"key":"REST"}],"circlet_count":0,"master_deck":["AscendersBane","Strike_P","Strike_P","Strike_P","Strike_P","Defend_P","Defend_P","Defend_P","Defend_P","Eruption+1","Vigilance","SandsOfTime+1","CutThroughFate+1","EmptyBody","EmptyFist+1","Adaptation","CutThroughFate","WaveOfTheHand+1","Wish+1","Wireheading","Protect","Meditate","Indignation","Crescendo+1","Ragnarok+1","SandsOfTime","EmptyMind","Wireheading+1","Omniscience","Omniscience","Fasting2","WheelKick","LikeWater+1","Protect"],"relics":["PureWater","Pen Nib","Du-Vu Doll","StrikeDummy","Yang","Snecko Eye","Gambling Chip","Dream Catcher","Enchiridion","Prayer Wheel","TeardropLocket","Matryoshka","Red Mask","Philosopher\u0027s Stone","DollysMirror","Juzu Bracelet","Membership Card","PreservedInsect","Frozen Egg 2","Centennial Puzzle","Strange Spoon","Bronze Scales","Incense Burner","Ginger"],"acts_visited":["Exordium","TheCity","TheBeyond"],"potions_floor_usage":[50,50],"damage_taken":[{"damage":1.0,"enemies":"2 Louse","floor":1.0,"turns":2.0},{"damage":2.0,"enemies":"Jaw Worm","floor":3.0,"turns":3.0},{"damage":0.0,"enemies":"Cultist","floor":5.0,"turns":2.0},{"damage":15.0,"enemies":"3 Sentries","floor":7.0,"turns":4.0},{"damage":0.0,"enemies":"Red Slaver","floor":11.0,"turns":1.0},{"damage":1.0,"enemies":"Large Slime","floor":12.0,"turns":3.0},{"damage":0.0,"enemies":"3 Louse","floor":13.0,"turns":1.0},{"damage":5.0,"enemies":"Gremlin Nob","floor":14.0,"turns":3.0},{"damage":0.0,"enemies":"Slime Boss","floor":16.0,"turns":4.0},{"damage":0.0,"enemies":"3 Byrds","floor":18.0,"turns":6.0},{"damage":0.0,"enemies":"Chosen","floor":21.0,"turns":2.0},{"damage":23.0,"enemies":"Book of Stabbing","floor":23.0,"turns":5.0},{"damage":46.0,"enemies":"Gremlin Leader","floor":25.0,"turns":7.0},{"damage":5.0,"enemies":"Masked Bandits","floor":30.0,"turns":4.0},{"damage":0.0,"enemies":"Snake Plant","floor":31.0,"turns":3.0},{"damage":59.0,"enemies":"Champ","floor":33.0,"turns":6.0},{"damage":2.0,"enemies":"3 Shapes","floor":35.0,"turns":3.0},{"damage":26.0,"enemies":"3 Darklings","floor":36.0,"turns":6.0},{"damage":0.0,"enemies":"Transient","floor":38.0,"turns":5.0},{"damage":0,"enemies":"Giant Head","floor":40,"turns":3},{"damage":9,"enemies":"2 Orb Walkers","floor":47,"turns":2},{"damage":0,"enemies":"Reptomancer","floor":48,"turns":1},{"damage":0,"enemies":"Donu and Deca","floor":50,"turns":3}],"seed_played":"1945169789614651904","potions_obtained":[{"floor":5.0,"key":"Swift Potion"},{"floor":12.0,"key":"FairyPotion"},{"floor":16.0,"key":"SteroidPotion"},{"floor":25.0,"key":"BottledMiracle"},{"floor":30.0,"key":"LiquidMemories"},{"floor":35.0,"key":"BlessingOfTheForge"},{"floor":38.0,"key":"Block Potion"}],"is_trial":false,"path_per_floor":["M","?","M","T","M","R","E","R","T","R","M","M","M","E","R","B",null,"M","$","?","M","?","E","R","E","T","R","?","?","?","M","R","B",null,"M","M","?","M","$","E","$","R","T","?","?","$","?","E","R","B",null],"character_chosen":"WATCHER","items_purchased":["Gambling Chip","Omniscience","DollysMirror","Membership Card","Strange Spoon","WheelKick","GamblersBrew","Bronze Scales"],"campfire_rested":3,"item_purchase_floors":[19,39,39,41,46,46,46,46],"current_hp_per_floor":[66,66,64,64,64,64,49,49,49,49,49,48,48,43,43,43,66,66,66,66,66,45,22,22,22,22,44,44,44,39,39,61,2,56,54,28,61,61,61,61,61,61,61,61,61,61,52,52,61,61],"gold":127,"neow_bonus":"TEN_PERCENT_HP_BONUS","is_daily":false,"chose_seed":false,"campfire_upgraded":6,"win_rate":0.0,"timestamp":1608348755,"path_taken":["M","?","M","?","M","R","E","R","T","R","M","?","M","E","R","BOSS","M","$","?","M","?","E","R","E","T","R","?","?","?","M","R","BOSS","M","M","?","M","$","E","$","R","T","?","?","$","?","E","R","BOSS"],"items_purchased_type":["Relic","Card","Relic","Relic","Relic","Card","Potion","Relic"],"build_version":"2020-12-13","purchased_purges":3,"victory":true,"max_hp_per_floor":[74,74,74,74,74,74,74,74,74,74,74,74,74,74,74,74,74,74,74,74,74,74,74,74,74,74,74,74,74,74,74,74,74,74,74,74,61,61,61,61,61,61,61,61,61,61,61,61,61,61],"relic_stats":{"counters":[23,79],"Yang":[130],"Pen Nib":[15],"PreservedInsect":60,"Juzu Bracelet":1,"Ginger":[0],"Strange Spoon":[11],"Dream Catcher":3,"Centennial Puzzle":[3],"Gambling Chip":[71],"Bronze Scales":[12],"Snecko Eye":[115,118,118,123],"Prayer Wheel":4,"obtain_stats":[{"Enchiridion":22,"Yang":14,"Pen Nib":4,"PreservedInsect":43,"Juzu Bracelet":40,"Incense Burner":47,"TeardropLocket":25,"Ginger":48,"Frozen Egg 2":43,"Du-Vu Doll":7,"Strange Spoon":46,"Dream Catcher":20,"Centennial Puzzle":44,"Matryoshka":26,"DollysMirror":39,"Gambling Chip":19,"Bronze Scales":46,"Snecko Eye":17,"Prayer Wheel":23,"Philosopher\u0027s Stone":34,"Red Mask":30,"Membership Card":41,"PureWater":0,"StrikeDummy":9},{"Enchiridion":11,"Yang":8,"Pen Nib":2,"PreservedInsect":20,"Juzu Bracelet":20,"Incense Burner":21,"TeardropLocket":13,"Ginger":22,"Frozen Egg 2":20,"Du-Vu Doll":4,"Strange Spoon":20,"Dream Catcher":10,"Centennial Puzzle":20,"Matryoshka":13,"DollysMirror":19,"Gambling Chip":10,"Bronze Scales":20,"Snecko Eye":9,"Prayer Wheel":12,"Philosopher\u0027s Stone":16,"Red Mask":14,"Membership Card":20,"PureWater":0,"StrikeDummy":4},{"Enchiridion":31,"Yang":19,"Pen Nib":5,"PreservedInsect":73,"Juzu Bracelet":73,"Incense Burner":75,"TeardropLocket":43,"Ginger":76,"Frozen Egg 2":73,"Du-Vu Doll":11,"Strange Spoon":73,"Dream Catcher":29,"Centennial Puzzle":73,"Matryoshka":43,"DollysMirror":70,"Gambling Chip":29,"Bronze Scales":73,"Snecko Eye":23,"Prayer Wheel":36,"Philosopher\u0027s Stone":56,"Red Mask":47,"Membership Card":73,"PureWater":0,"StrikeDummy":11}]},"card_choices":[{"not_picked":["Evaluate","FlurryOfBlows"],"picked":"SandsOfTime","floor":1.0},{"not_picked":["BowlingBash","Evaluate"],"picked":"CutThroughFate","floor":3.0},{"not_picked":["ReachHeaven","SashWhip"],"picked":"EmptyBody","floor":5.0},{"not_picked":["Vengeance","DeceiveReality"],"picked":"EmptyFist","floor":7.0},{"not_picked":["CutThroughFate","EmptyBody"],"picked":"Adaptation","floor":11.0},{"not_picked":["Pray","Consecrate"],"picked":"CutThroughFate","floor":12.0},{"not_picked":["BowlingBash","Swivel","CutThroughFate"],"picked":"SKIP","floor":13.0},{"not_picked":["MasterReality","EmptyFist"],"picked":"WaveOfTheHand","floor":14.0},{"not_picked":["Alpha","Brilliance"],"picked":"Wish","floor":16.0},{"not_picked":["SignatureMove","Evaluate"],"picked":"Wireheading","floor":18.0},{"not_picked":["FlyingSleeves","ClearTheMind"],"picked":"Protect","floor":21.0},{"not_picked":["EmptyBody","PathToVictory","WindmillStrike"],"picked":"SKIP","floor":23.0},{"not_picked":["PathToVictory","MasterReality"],"picked":"Meditate","floor":25.0},{"not_picked":["Evaluate","InnerPeace"],"picked":"Indignation","floor":27.0},{"not_picked":["ThirdEye","EmptyFist"],"picked":"Crescendo+1","floor":30.0},{"not_picked":["CutThroughFate","JustLucky","CarveReality"],"picked":"SKIP","floor":31.0},{"not_picked":["WreathOfFlame","EmptyFist","FollowUp"],"picked":"SKIP","floor":31.0},{"not_picked":["MasterReality","DeusExMachina"],"picked":"Ragnarok","floor":33.0},{"not_picked":["WaveOfTheHand","Prostrate","CarveReality"],"picked":"SKIP","floor":35.0},{"not_picked":["ForeignInfluence","Study","Crescendo"],"picked":"SKIP","floor":35.0},{"not_picked":["CutThroughFate","BowlingBash"],"picked":"SandsOfTime","floor":36.0},{"not_picked":["Prostrate+1","ClearTheMind"],"picked":"EmptyMind","floor":36.0},{"not_picked":["WindmillStrike","Adaptation"],"picked":"Wireheading+1","floor":38.0},{"not_picked":["Prostrate+1","JustLucky","DeceiveReality"],"picked":"SKIP","floor":38.0},{"not_picked":["Alpha","Halt"],"picked":"Fasting2","floor":40},{"not_picked":["Consecrate","Prostrate"],"picked":"LikeWater+1","floor":47},{"not_picked":["Evaluate+1","CrushJoints","ReachHeaven"],"picked":"SKIP","floor":48},{"not_picked":["Evaluate","Adaptation+1"],"picked":"Protect","floor":49}],"player_experience":2109863,"relics_obtained":[{"floor":4.0,"key":"Pen Nib"},{"floor":7.0,"key":"Du-Vu Doll"},{"floor":9.0,"key":"StrikeDummy"},{"floor":14.0,"key":"Yang"},{"floor":22.0,"key":"Enchiridion"},{"floor":23.0,"key":"Prayer Wheel"},{"floor":25.0,"key":"TeardropLocket"},{"floor":26.0,"key":"Matryoshka"},{"floor":30.0,"key":"Red Mask"},{"floor":40,"key":"Juzu Bracelet"},{"floor":43,"key":"PreservedInsect"},{"floor":43,"key":"Frozen Egg 2"},{"floor":47,"key":"Incense Burner"},{"floor":48,"key":"Ginger"}],"event_choices":[{"damage_healed":0.0,"max_hp_gain":0.0,"max_hp_loss":0.0,"gold_gain":0.0,"event_name":"Living Wall","player_choice":"Grow","floor":2.0,"gold_loss":0.0,"damage_taken":0.0,"cards_upgraded":["Eruption"]},{"damage_healed":0.0,"max_hp_gain":0.0,"max_hp_loss":0.0,"gold_gain":0.0,"event_name":"The Mausoleum","player_choice":"Opened","floor":20.0,"gold_loss":0.0,"damage_taken":0.0,"relics_obtained":["Dream Catcher"],"cards_obtained":["Writhe"]},{"damage_healed":0.0,"max_hp_gain":0.0,"max_hp_loss":0.0,"gold_gain":0.0,"event_name":"Cursed Tome","player_choice":"Obtained Book","floor":22.0,"gold_loss":0.0,"damage_taken":21.0},{"damage_healed":0.0,"max_hp_gain":0.0,"max_hp_loss":0.0,"gold_gain":0.0,"event_name":"Forgotten Altar","player_choice":"Smashed Altar","floor":28.0,"gold_loss":0.0,"damage_taken":0.0,"cards_obtained":["Decay"]},{"damage_healed":0.0,"max_hp_gain":0.0,"max_hp_loss":0.0,"gold_gain":50.0,"event_name":"Nest","player_choice":"Stole From Cult","floor":29.0,"gold_loss":0.0,"damage_taken":0.0},{"damage_healed":0.0,"max_hp_gain":0.0,"max_hp_loss":0.0,"gold_gain":0.0,"event_name":"Masked Bandits","player_choice":"Fought Bandits","floor":30.0,"gold_loss":0.0,"damage_taken":0.0},{"damage_healed":61.0,"max_hp_gain":0.0,"max_hp_loss":13.0,"gold_gain":0.0,"event_name":"The Moai Head","player_choice":"Heal","floor":37.0,"gold_loss":0.0,"damage_taken":0.0},{"damage_healed":0,"gold_gain":0,"player_choice":"Gave Potion","damage_taken":0,"relics_obtained":["Centennial Puzzle"],"max_hp_gain":0,"max_hp_loss":0,"event_name":"WeMeetAgain","floor":44,"gold_loss":0},{"damage_healed":0,"gold_gain":275,"player_choice":"Desecrate","damage_taken":0,"max_hp_gain":0,"max_hp_loss":0,"event_name":"Golden Shrine","floor":45,"gold_loss":0,"cards_obtained":["Regret"]},{"damage_healed":0,"gold_gain":0,"player_choice":"Fight","damage_taken":0,"max_hp_gain":0,"max_hp_loss":0,"event_name":"Mysterious Sphere","floor":47,"gold_loss":0}],"is_beta":false,"boss_relics":[{"not_picked":["Black Star","Cursed Key"],"picked":"Snecko Eye"},{"not_picked":["Coffee Dripper","HolyWater"],"picked":"Philosopher\u0027s Stone"}],"items_purged_floors":[39,41,46],"is_endless":false,"potions_floor_spawned":[5,12,16,25,30,35,38,48],"ascension_level":16}}