{"host":"zhypnm5xlgq8j242","time":1608421266,"event":{"mods":["AchievementEnabler","BaseMod","BetterRewards","Colored Powertips","Hermit","Keyboard Shortcuts","Minty Spire (QoL Compilation)","Quick Restart","Replay The Spire","Shop Mod","StSLib","The Cursed","The Hierophant","The Runesmith"],"gold_per_floor":[113,188,202,49,49,81,81,81,107,126,161,175,195,211,211,313,313,329,329,345,18,36,36,36,48,71,71,71],"floor_reached":27,"playtime":1029,"items_purged":["Strike_G","Strike_G"],"score":338,"play_id":"3e678861-d40c-4e52-8e7e-44c75234df7a","local_time":"20201220084106","is_ascension_mode":true,"campfire_choices":[{"data":"Crippling Poison","floor":7,"key":"SMITH"},{"data":"Skewer","floor":15,"key":"SMITH"},{"floor":23,"key":"REST"}],"circlet_count":0,"master_deck":["Strike_G","Strike_G","Strike_G","Defend_G","Defend_G","Defend_G","Defend_G","Defend_G","Survivor","Neutralize","Blur","Blade Dance","Infinite Blades","Crippling Poison+1","Calculated Gamble","Flying Knee","Poisoned Stab","Noxious Fumes","Skewer+1","ReplayTheSpireMod:Necrosis","Infinite Blades","Underhanded Strike","Backflip","Underhanded Strike+1","Deadly Poison"],"relics":["Ring of the Snake","NeowsBlessing","PreservedInsect","Smiling Mask","Bottled Tornado","Runesmith:UraniumAnvil","ReplayTheSpireMod:Shallot","Blood Vial"],"acts_visited":["Exordium","TheCity"],"potions_floor_usage":[11,12,14,22,25],"damage_taken":[{"damage":0,"enemies":"Small Slimes","floor":1,"turns":1},{"damage":0,"enemies":"2 Louse","floor":3,"turns":1},{"damage":0,"enemies":"3 Sentries","floor":6,"turns":1},{"damage":0,"enemies":"Cultist","floor":10,"turns":4},{"damage":1,"enemies":"Gremlin Nob","floor":11,"turns":3},{"damage":13,"enemies":"Large Slime","floor":12,"turns":5},{"damage":4,"enemies":"Looter","floor":13,"turns":3},{"damage":0,"enemies":"2 Fungi Beasts","floor":14,"turns":3},{"damage":18,"enemies":"Fading Forest","floor":16,"turns":11},{"damage":9,"enemies":"Chosen","floor":18,"turns":4},{"damage":14,"enemies":"Shell Parasite","floor":20,"turns":6},{"damage":26,"enemies":"Snake Plant","floor":22,"turns":6},{"damage":22,"enemies":"Shelled Parasite and Fungi","floor":25,"turns":6},{"damage":0,"enemies":"Colosseum Slavers","floor":27,"turns":1}],"seed_played":"2927407669178695400","potions_obtained":[{"floor":6,"key":"ColorlessPotion"},{"floor":11,"key":"SkillPotion"},{"floor":12,"key":"BlessingOfTheForge"},{"floor":13,"key":"GamblersBrew"},{"floor":18,"key":"Swift Potion"},{"floor":22,"key":"ColorlessPotion"}],"is_trial":false,"path_per_floor":["M","?","M","$","?","E","R","?","T","M","E","M","M","M","R","B",null,"M","?","M","$","M","R","?","M","T","?"],"character_chosen":"THE_SILENT","items_purchased":["Infinite Blades","Backflip","ReplayTheSpireMod:Shallot"],"campfire_rested":1,"item_purchase_floors":[4,21,21],"current_hp_per_floor":[63,52,52,52,57,57,57,57,57,57,56,43,39,39,39,29,64,55,55,41,41,15,37,23,1,1,3,3],"gold":71,"neow_bonus":"THREE_ENEMY_KILL","is_daily":false,"chose_seed":false,"campfire_upgraded":2,"win_rate":0.0,"timestamp":1608421266,"path_taken":["M","?","M","$","?","E","R","?","T","M","E","M","M","M","R","BOSS","M","?","M","$","M","R","?","M","T","?"],"items_purchased_type":["Card","Card","Relic"],"build_version":"2020-12-13","purchased_purges":2,"victory":false,"max_hp_per_floor":[70,70,70,70,75,75,75,75,75,75,75,75,75,75,75,75,75,75,75,75,75,75,75,80,80,80,80,80],"card_choices":[{"not_picked":["Acrobatics","Hidden Blade"],"picked":"Blur","floor":1},{"not_picked":["Bane","Finisher"],"picked":"Blade Dance","floor":3},{"not_picked":["Deadly Poison","All Out Attack"],"picked":"Crippling Poison","floor":6},{"not_picked":["Bane","Hidden Blade"],"picked":"Calculated Gamble","floor":10},{"not_picked":["Underhanded Strike","Bane"],"picked":"Flying Knee","floor":11},{"not_picked":["PiercingWail","Underhanded Strike"],"picked":"Poisoned Stab","floor":12},{"not_picked":["Fluid Movement","Endless Agony"],"picked":"Noxious Fumes","floor":13},{"not_picked":["Deflect","Sucker Punch"],"picked":"Skewer","floor":14},{"not_picked":["Glass Knife","A Thousand Cuts"],"picked":"ReplayTheSpireMod:Necrosis","floor":16},{"not_picked":["Replay:Poison Smokescreen","Slice+1"],"picked":"Infinite Blades","floor":18},{"not_picked":["Quick Slash","All Out Attack"],"picked":"Underhanded Strike","floor":20},{"not_picked":["Quick Slash","Slice"],"picked":"Underhanded Strike+1","floor":22},{"not_picked":["Poisoned Stab","Backflip"],"picked":"Deadly Poison","floor":25}],"player_experience":558746,"relics_obtained":[{"floor":6,"key":"PreservedInsect"},{"floor":9,"key":"Smiling Mask"},{"floor":11,"key":"Bottled Tornado"},{"floor":26,"key":"Blood Vial"}],"event_choices":[{"damage_healed":0,"gold_gain":75,"player_choice":"Gather Gold","damage_taken":11,"max_hp_gain":0,"max_hp_loss":0,"event_name":"World of Goop","floor":2,"gold_loss":0},{"damage_healed":0,"gold_gain":0,"player_choice":"Donut","damage_taken":0,"max_hp_gain":5,"max_hp_loss":0,"event_name":"Big Fish","floor":5,"gold_loss":0},{"damage_healed":0,"gold_gain":0,"player_choice":"Bought 0 Potions","damage_taken":0,"max_hp_gain":0,"max_hp_loss":0,"event_name":"The Woman in Blue","floor":8,"gold_loss":0},{"damage_healed":0,"gold_gain":0,"player_choice":"Ignored","damage_taken":0,"max_hp_gain":0,"max_hp_loss":0,"event_name":"Beggar","floor":19,"gold_loss":0},{"damage_healed":0,"gold_gain":0,"player_choice":"Shed Blood","damage_taken":19,"max_hp_gain":5,"max_hp_loss":0,"event_name":"Forgotten Altar","floor":24,"gold_loss":0},{"damage_healed":0,"gold_gain":0,"player_choice":"Fight","damage_taken":0,"max_hp_gain":0,"max_hp_loss":0,"event_name":"Colosseum","floor":27,"gold_loss":0}],"is_beta":false,"boss_relics":[{"not_picked":["Coffee Dripper","Tiny House"],"picked":"Runesmith:UraniumAnvil"}],"items_purged_floors":[4,21],"is_endless":false,"potions_floor_spawned":[6,11,12,13,18,22],"killed_by":"Colosseum Slavers","ascension_level":7}}