{"host":"i1h39d0gfh5c6uxl","time":1608352410,"event":{"mods":["AchievementEnabler","BaseMod","Colored Map","Colored Powertips","Highlight Path","Minty Spire (QoL Compilation)"],"gold_per_floor":[118,118,129,129,145,145,176,176,176,207,227,261,281,281,281,374,374,395,409,425,425,425,425,425],"floor_reached":23,"playtime":867,"items_purged":[],"score":447,"play_id":"9a5a2eb2-705c-40ae-9b7d-660120d38eb6","local_time":"20201219123330","is_ascension_mode":true,"campfire_choices":[{"data":"Armaments","floor":6.0,"key":"SMITH"},{"floor":8.0,"key":"REST"},{"floor":15.0,"key":"REST"}],"circlet_count":0,"master_deck":["AscendersBane","Defend_R","Defend_R","Defend_R","Defend_R","Bash","Bludgeon","Headbutt","Sword Boomerang","Armaments+1","Ghostly Armor+1","Feed","Shrug It Off+1","Twin Strike","Demon Form","Injury","Reaper","CurseOfTheBell","Heavy Blade","Shrug It Off+1","Clothesline","Bite","Bite","Bite","Bite","Bite"],"relics":["Burning Blood","Toxic Egg 2","StrikeDummy","Red Skull","Akabeko","Golden Idol","Calling Bell","Juzu Bracelet","Mercury Hourglass","Ginger"],"acts_visited":["Exordium","TheCity"],"potions_floor_usage":[],"damage_taken":[{"damage":12.0,"enemies":"Jaw Worm","floor":1.0,"turns":2.0},{"damage":6.0,"enemies":"2 Louse","floor":3.0,"turns":4.0},{"damage":5.0,"enemies":"Small Slimes","floor":5.0,"turns":2.0},{"damage":20.0,"enemies":"3 Sentries","floor":7.0,"turns":7.0},{"damage":28.0,"enemies":"Gremlin Nob","floor":10.0,"turns":4.0},{"damage":0.0,"enemies":"Blue Slaver","floor":11.0,"turns":3.0},{"damage":22.0,"enemies":"Lagavulin","floor":12.0,"turns":5.0},{"damage":0.0,"enemies":"Gremlin Gang","floor":13.0,"turns":3.0},{"damage":34.0,"enemies":"Hexaghost","floor":16.0,"turns":8.0},{"damage":43.0,"enemies":"3 Byrds","floor":18.0,"turns":5.0},{"damage":0.0,"enemies":"Chosen","floor":19.0,"turns":3.0},{"damage":59.0,"enemies":"Shelled Parasite and Fungi","floor":20.0,"turns":4.0},{"damage":35,"enemies":"Gremlin Leader","floor":23,"turns":6}],"seed_played":"2562762001439955014","potions_obtained":[{"floor":1.0,"key":"Explosive Potion"},{"floor":3.0,"key":"LiquidBronze"},{"floor":13.0,"key":"Fruit Juice"},{"floor":18.0,"key":"BloodPotion"}],"is_trial":false,"path_per_floor":["M","?","M","?","M","R","E","R","T","E","M","E","M","?","R","B",null,"M","M","M","?","?","E"],"character_chosen":"IRONCLAD","items_purchased":[],"campfire_rested":2,"item_purchase_floors":[],"current_hp_per_floor":[44,37,37,37,38,38,24,46,46,24,30,14,28,28,52,24,68,42,51,31,31,31,0,0],"gold":425,"neow_bonus":"THREE_RARE_CARDS","is_daily":false,"chose_seed":false,"campfire_upgraded":1,"win_rate":0.0,"timestamp":1608352410,"path_taken":["M","?","M","?","M","R","E","R","T","E","M","E","M","?","R","BOSS","M","M","M","?","?","E"],"items_purchased_type":[],"build_version":"2020-12-13","purchased_purges":0,"victory":false,"max_hp_per_floor":[75,75,75,75,75,75,75,75,75,75,75,75,83,83,83,83,83,86,89,89,62,62,62,62],"card_choices":[{"not_picked":["Limit Break","Demon Form"],"picked":"Bludgeon","floor":0.0},{"not_picked":["Power Through","Flex"],"picked":"Headbutt","floor":1.0},{"not_picked":["Havoc","Blood for Blood"],"picked":"Sword Boomerang","floor":3.0},{"not_picked":["Twin Strike","Flex"],"picked":"Armaments","floor":5.0},{"not_picked":["Entrench+1","Body Slam"],"picked":"Ghostly Armor+1","floor":7.0},{"not_picked":["Pommel Strike","Iron Wave"],"picked":"Feed","floor":10.0},{"not_picked":["Warcry+1","Armaments+1"],"picked":"Shrug It Off+1","floor":11.0},{"not_picked":["Thunderclap","Seeing Red+1"],"picked":"Twin Strike","floor":12.0},{"not_picked":["Sword Boomerang","Wild Strike"],"picked":"Demon Form","floor":13.0},{"not_picked":["Corruption","Berserk"],"picked":"Reaper","floor":16.0},{"not_picked":["Power Through+1","Perfected Strike"],"picked":"Heavy Blade","floor":18.0},{"not_picked":["Hemokinesis","Havoc+1"],"picked":"Shrug It Off+1","floor":19.0},{"not_picked":["Thunderclap+1","Dual Wield+1"],"picked":"Clothesline","floor":20.0}],"player_experience":1282758,"relics_obtained":[{"floor":7.0,"key":"Toxic Egg 2"},{"floor":9.0,"key":"StrikeDummy"},{"floor":10.0,"key":"Red Skull"},{"floor":12.0,"key":"Akabeko"},{"floor":17.0,"key":"Juzu Bracelet"},{"floor":17.0,"key":"Mercury Hourglass"},{"floor":17.0,"key":"Ginger"}],"event_choices":[{"cards_removed":["Strike_R"],"damage_healed":0.0,"max_hp_gain":0.0,"max_hp_loss":0.0,"gold_gain":0.0,"event_name":"Golden Wing","player_choice":"Card Removal","floor":2.0,"gold_loss":0.0,"damage_taken":7.0},{"damage_healed":0.0,"max_hp_gain":0.0,"max_hp_loss":0.0,"gold_gain":0.0,"event_name":"Shining Light","player_choice":"Ignored","floor":4.0,"gold_loss":0.0,"damage_taken":0.0},{"damage_healed":0.0,"max_hp_gain":0.0,"max_hp_loss":0.0,"gold_gain":0.0,"event_name":"Golden Idol","player_choice":"Take Wound","floor":14.0,"gold_loss":0.0,"damage_taken":0.0,"relics_obtained":["Golden Idol"],"cards_obtained":["Injury"]},{"damage_healed":0.0,"max_hp_gain":0.0,"max_hp_loss":27.0,"gold_gain":0.0,"event_name":"Vampires","player_choice":"Became a vampire","floor":21.0,"gold_loss":0.0,"damage_taken":0.0,"cards_obtained":["Bite","Bite","Bite","Bite","Bite"]},{"damage_healed":0.0,"max_hp_gain":0.0,"max_hp_loss":0.0,"gold_gain":0.0,"event_name":"Ghosts","player_choice":"Ignored","floor":22.0,"gold_loss":0.0,"damage_taken":0.0}],"is_beta":false,"boss_relics":[{"not_picked":["SlaversCollar","Runic Cube"],"picked":"Calling Bell"}],"items_purged_floors":[],"is_endless":false,"potions_floor_spawned":[1,3,13,18],"killed_by":"Gremlin Leader","ascension_level":20}}