{"host":"ufl0k2so27eic2iy","time":1608398659,"event":{"mods":["BaseMod","Minty Spire (QoL Compilation)","StSLib","The Animator"],"gold_per_floor":[118,136,61,72,72,97,97,22,22,54,74,74,74,74,74,147,147,160,184,184,104,132,167,147,147,174,201,201,226,243,98,98,172,222,239,239,264,278,278,278,306,306,330,375,385,399,30,81,81,81,81,81,3,34,34,34],"floor_reached":55,"playtime":3398,"items_purged":["animator:Strike","Injury"],"score":1431,"play_id":"b01a094f-6d1c-4be9-8983-b66807683ebd","local_time":"20201219172419","is_ascension_mode":true,"campfire_choices":[{"data":"animator:ElricEdward","floor":7.0,"key":"SMITH"},{"data":"animator:ElricEdward","floor":12.0,"key":"SMITH"},{"data":"animator:YuukaKazami","floor":15.0,"key":"SMITH"},{"data":"animator:ElricAlphonse","floor":25.0,"key":"SMITH"},{"data":"animator:ElricAlphonse","floor":28.0,"key":"SMITH"},{"data":"animator:SayakaMiki","floor":32,"key":"SMITH"},{"floor":40,"key":"RECALL"},{"data":"animator:Defend","floor":42,"key":"PURGE"},{"data":"animator:Curse_Greed","floor":49,"key":"PURGE"},{"data":"animator:Arpeggio","floor":52,"key":"SMITH"}],"circlet_count":0,"master_deck":["AscendersBane","animator:Defend_FullmetalAlchemist","animator:Defend","animator:Defend","animator:ElricEdward+1","animator:ElricAlphonse+1","animator:YuukaKazami+1","animator:ElricEdward+1","animator:SayakaMiki+1","animator:Tyuule+1","animator:Kyubey+1","animator:Clownpiece+1","animator:Pride+1","animator:WinryRockbell","animator:Evileye+1","animator:Sebas+1","animator:PandorasActor+1","animator:Greed+1","animator:MarisaKirisame+1","animator:Pride+1","animator:OrikoMikuni+1","animator:IrohaTamaki+1","animator:Ainz","animator:LeleiLaLalena+1","animator:TukaLunaMarceau+1","animator:IrohaTamaki+1","animator:MarisaKirisame+1","animator:ElricAlphonse+1","animator:Arpeggio+1","animator:SayakaMiki+1"],"relics":["animator:LivingPicture","animator:TheMissingPiece","animator:Hoodie","Toxic Egg 2","Sundial","Cursed Key","Anchor","Bronze Scales","Bag of Marbles","MealTicket","Tiny House","Peace Pipe","Molten Egg 2","Eternal Feather","Bag of Preparation","Orrery","Turnip","Pear"],"acts_visited":["Exordium","TheCity","TheBeyond","TheEnding"],"potions_floor_usage":[33,33,41,46,55,55],"damage_taken":[{"damage":7.0,"enemies":"Jaw Worm","floor":1.0,"turns":4.0},{"damage":4.0,"enemies":"2 Louse","floor":2.0,"turns":3.0},{"damage":0.0,"enemies":"Small Slimes","floor":4.0,"turns":4.0},{"damage":14.0,"enemies":"3 Sentries","floor":6.0,"turns":4.0},{"damage":7.0,"enemies":"Gremlin Nob","floor":10.0,"turns":4.0},{"damage":14.0,"enemies":"Exordium Wildlife","floor":11.0,"turns":2.0},{"damage":0.0,"enemies":"Hexaghost","floor":16.0,"turns":8.0},{"damage":0.0,"enemies":"Spheric Guardian","floor":18.0,"turns":3.0},{"damage":12.0,"enemies":"Shell Parasite","floor":19.0,"turns":4.0},{"damage":1.0,"enemies":"Centurion and Healer","floor":22.0,"turns":4.0},{"damage":19.0,"enemies":"animator:HornedBat","floor":23.0,"turns":8.0},{"damage":3.0,"enemies":"Slavers","floor":27.0,"turns":5.0},{"damage":18.0,"enemies":"Gremlin Leader","floor":29.0,"turns":6.0},{"damage":8,"enemies":"Chosen and Byrds","floor":30,"turns":4},{"damage":17,"enemies":"Automaton","floor":33,"turns":12},{"damage":0,"enemies":"Orb Walker","floor":35,"turns":3},{"damage":0,"enemies":"Mind Bloom Boss Battle","floor":37,"turns":5},{"damage":0,"enemies":"3 Shapes","floor":38,"turns":3},{"damage":10,"enemies":"Reptomancer","floor":41,"turns":8},{"damage":1,"enemies":"Nemesis","floor":44,"turns":7},{"damage":49,"enemies":"Transient","floor":45,"turns":5},{"damage":0,"enemies":"Writhing Mass","floor":46,"turns":6},{"damage":22,"enemies":"2 Orb Walkers","floor":48,"turns":5},{"damage":24,"enemies":"Awakened One","floor":50,"turns":17},{"damage":13,"enemies":"Shield and Spear","floor":54,"turns":6},{"damage":98,"enemies":"The Heart","floor":55,"turns":8}],"seed_played":"-5749919184593046690","potions_obtained":[{"floor":1.0,"key":"SpeedPotion"},{"floor":6.0,"key":"Ancient Potion"},{"floor":23.0,"key":"Fire Potion"},{"floor":24.0,"key":"EntropicBrew"},{"floor":27.0,"key":"EntropicBrew"},{"floor":48,"key":"Fire Potion"}],"is_trial":false,"path_per_floor":["M","M","$","M","?","E","R","?","T","E","M","R","?","?","R","B",null,"M","M","?","$","M","E","?","R","T","E","R","E","M","$","R","B",null,"M","?","?","M","?","R","E","R","T","E","M","M","$","?","R","B",null,"R","$","E","B"],"character_chosen":"THE_ANIMATOR","items_purchased":["animator:WinryRockbell","animator:PandorasActor+1","Bag of Preparation","Orrery","animator:Arpeggio","DistilledChaos"],"campfire_rested":0,"item_purchase_floors":[21,31,47,47,47,53],"current_hp_per_floor":[53,49,49,49,54,40,40,40,40,33,19,19,12,12,12,15,59,62,50,77,77,76,57,57,57,57,54,54,36,29,44,44,28,71,74,74,77,80,80,80,70,70,70,69,20,38,53,31,49,25,78,93,96,93,0,0],"gold":34,"neow_bonus":"TEN_PERCENT_HP_BONUS","is_daily":false,"chose_seed":true,"campfire_upgraded":7,"win_rate":0.0,"timestamp":1608398659,"path_taken":["M","M","$","M","?","E","R","?","T","E","M","R","?","?","R","BOSS","M","M","?","?","M","E","?","R","T","E","R","E","?","$","R","BOSS","M","?","?","M","?","R","E","R","T","E","M","?","?","?","R","BOSS","R","$","E","BOSS"],"items_purchased_type":["Card","Card","Relic","Relic","Card","Potion"],"build_version":"2020-12-13","purchased_purges":2,"victory":false,"max_hp_per_floor":[66,66,66,66,71,71,71,71,71,71,71,71,71,71,71,74,74,77,77,77,77,77,77,77,77,77,77,77,77,78,78,78,79,84,87,87,90,93,93,93,93,93,93,93,93,96,96,96,96,96,96,96,96,106,106,106],"card_choices":[{"not_picked":["animator:Evileye","animator:YaoHaDucy"],"picked":"animator:YuukaKazami","floor":1.0},{"not_picked":["animator:OrikoMikuni","animator:HighElfArcher"],"picked":"animator:ElricAlphonse","floor":2.0},{"not_picked":["animator:Sloth","animator:Kuribayashi"],"picked":"animator:ElricEdward","floor":4.0},{"not_picked":["animator:YuiTsuruno","animator:IrohaTamaki"],"picked":"animator:SayakaMiki","floor":6.0},{"not_picked":["animator:YuukaKazami","animator:ElricAlphonse+1","animator:MamiTomoe"],"picked":"SKIP","floor":10.0},{"not_picked":["animator:Spearman","animator:Kuribayashi"],"picked":"animator:Tyuule+1","floor":11.0},{"not_picked":["animator:KoishiKomeiji","animator:Ainz"],"picked":"animator:Kyubey+1","floor":16.0},{"not_picked":["animator:YuiTsuruno+1","animator:SuikaIbuki+1"],"picked":"animator:Clownpiece+1","floor":18.0},{"not_picked":["animator:Father+1","animator:Envy"],"picked":"animator:Pride+1","floor":19.0},{"not_picked":["animator:Cocytus","animator:HighElfArcher"],"picked":"animator:Evileye+1","floor":22.0},{"not_picked":["animator:RoryMercury","animator:HomuraAkemi+1","animator:AyaShameimaru+1"],"picked":"SKIP","floor":23.0},{"not_picked":["animator:YuukaKazami","animator:Cocytus+1","animator:RoryMercury"],"picked":"SKIP","floor":27.0},{"not_picked":["animator:Spearman","animator:SuzuneAmano"],"picked":"animator:Sebas+1","floor":30},{"not_picked":["animator:MadokaKaname+1","animator:GoblinSlayer"],"picked":"animator:Greed","floor":33},{"not_picked":["animator:Shalltear","animator:OrikoMikuni+1"],"picked":"animator:MarisaKirisame+1","floor":35},{"not_picked":["animator:DwarfShaman","animator:MaesHughes+1"],"picked":"animator:Pride+1","floor":37},{"not_picked":["animator:TukaLunaMarceau+1","animator:Evileye+1"],"picked":"animator:OrikoMikuni+1","floor":38},{"not_picked":["animator:YuiTsuruno+1","animator:SayakaMiki+1"],"picked":"animator:IrohaTamaki+1","floor":41},{"not_picked":["animator:Layla+1","animator:SuikaIbuki+1"],"picked":"animator:Ainz","floor":44},{"not_picked":["animator:Kuribayashi+1","animator:Witch+1"],"picked":"animator:LeleiLaLalena+1","floor":45},{"not_picked":["animator:Gillette+1","animator:ElricEdward+1"],"picked":"animator:TukaLunaMarceau+1","floor":46},{"not_picked":["animator:KyokoSakura+1","animator:YuukaKazami+1"],"picked":"animator:IrohaTamaki+1","floor":47},{"not_picked":["animator:Gillette+1","animator:Guy+1"],"picked":"animator:MarisaKirisame+1","floor":47},{"not_picked":["animator:KomachiOnozuka+1","animator:DwarfShaman+1"],"picked":"animator:ElricAlphonse+1","floor":47},{"not_picked":["animator:YuiTsuruno+1","animator:NagisaMomoe+1"],"picked":"animator:SayakaMiki+1","floor":54}],"player_experience":2317858,"relics_obtained":[{"floor":6.0,"key":"animator:Hoodie"},{"floor":9.0,"key":"Toxic Egg 2"},{"floor":10.0,"key":"Sundial"},{"floor":23.0,"key":"Anchor"},{"floor":26.0,"key":"Bronze Scales"},{"floor":27.0,"key":"Bag of Marbles"},{"floor":29,"key":"MealTicket"},{"floor":37,"key":"Peace Pipe"},{"floor":41,"key":"Molten Egg 2"},{"floor":44,"key":"Eternal Feather"},{"floor":48,"key":"Turnip"},{"floor":54,"key":"Pear"}],"event_choices":[{"damage_healed":0.0,"max_hp_gain":5.0,"max_hp_loss":0.0,"gold_gain":0.0,"event_name":"Big Fish","player_choice":"Donut","floor":5.0,"gold_loss":0.0,"damage_taken":0.0},{"cards_removed":["animator:Strike"],"damage_healed":0.0,"max_hp_gain":0.0,"max_hp_loss":0.0,"gold_gain":0.0,"event_name":"The Cleric","player_choice":"Card Removal","floor":8.0,"gold_loss":75.0,"damage_taken":0.0},{"cards_removed":["animator:Strike"],"damage_healed":0.0,"max_hp_gain":0.0,"max_hp_loss":0.0,"gold_gain":0.0,"event_name":"Golden Wing","player_choice":"Card Removal","floor":13.0,"gold_loss":0.0,"damage_taken":7.0},{"damage_healed":0.0,"max_hp_gain":0.0,"max_hp_loss":0.0,"gold_gain":0.0,"event_name":"Scrap Ooze","player_choice":"Fled","floor":14.0,"gold_loss":0.0,"damage_taken":0.0},{"damage_healed":27.0,"max_hp_gain":0.0,"max_hp_loss":0.0,"gold_gain":0.0,"event_name":"Wheel of Change","player_choice":"Full Heal","floor":20.0,"gold_loss":0.0,"damage_taken":0.0},{"damage_healed":0.0,"max_hp_gain":0.0,"max_hp_loss":0.0,"gold_gain":0.0,"event_name":"The Woman in Blue","player_choice":"Bought 1 Potion","floor":24.0,"gold_loss":0.0,"damage_taken":0.0},{"cards_removed":["animator:ElricAlphonse"],"damage_healed":0,"gold_gain":0,"player_choice":"Removed Skill","damage_taken":0,"max_hp_gain":0,"max_hp_loss":0,"event_name":"Falling","floor":36,"gold_loss":0},{"damage_healed":0,"gold_gain":0,"player_choice":"Fight","damage_taken":0,"max_hp_gain":0,"max_hp_loss":0,"event_name":"MindBloom","floor":37,"gold_loss":0},{"cards_removed":["animator:Strike_FullmetalAlchemist"],"damage_healed":0,"gold_gain":0,"player_choice":"Purged","damage_taken":0,"max_hp_gain":0,"max_hp_loss":0,"event_name":"Purifier","floor":39,"gold_loss":0},{"damage_healed":0,"gold_gain":0,"player_choice":"Fight","damage_taken":0,"max_hp_gain":0,"max_hp_loss":0,"event_name":"Mysterious Sphere","floor":48,"gold_loss":0}],"is_beta":false,"boss_relics":[{"not_picked":["Mark of Pain","Calling Bell"],"picked":"Cursed Key"},{"not_picked":["SacredBark","Philosopher\u0027s Stone"],"picked":"Tiny House"}],"items_purged_floors":[3,31],"is_endless":false,"potions_floor_spawned":[1,6,10,11,18,23,27,29,30,37,48],"killed_by":"The Heart","ascension_level":15}}