{"host":"w97dq1whmpm6b2tc","time":1608368995,"event":{"mods":["BaseMod","Challenge The Spire","Downfall","Minty Spire (QoL Compilation)","Replay The Spire","StSLib"],"gold_per_floor":[99,99,249,279,204,239,288,288,299,299,299,316,316,336,355,452,452,452,464,549,549,568,597,597,597,612,641,657,657,669,306,317,412,412,337,351,365,365,365,377,377,262,7,7,25,25,25,37,52,52],"floor_reached":51,"playtime":4596,"items_purged":["champ:Strike","Slimebound:Icky","champ:Strike"],"score":822,"play_id":"2101759f-3dae-4c02-8fa1-d29d329a3779","local_time":"20201219110955","is_ascension_mode":false,"campfire_choices":[{"floor":1.0,"key":"RECALL"},{"data":"champ:Taunt","floor":5.0,"key":"SMITH"},{"data":"champ:EnragedBash","floor":10.0,"key":"SMITH"},{"floor":18.0,"key":"DIG"},{"data":"champ:HoldFirm","floor":21.0,"key":"SMITH"},{"data":"champ:BerserkerStyle","floor":25.0,"key":"SMITH"},{"data":"champ:HoldFirm","floor":39,"key":"SMITH"},{"data":"champ:HoldFirm","floor":44,"key":"SMITH"}],"circlet_count":0,"master_deck":["champ:Strike","champ:Defend","champ:Defend+1","champ:Defend","champ:Defend","champ:Execute","champ:Taunt+1","champ:EnragedBash+1","champ:BerserkersShout+1","champ:BringItOn","champ:BerserkerStyle+1","champ:EnragedBash","champ:IgnorePain","champ:Encircle","champ:Duel","champ:HoldFirm+1","champ:Duel","champ:CalledShot","ReplayUltimateDefense+1","champ:HoldFirm+1","champ:HoldFirm+1","champ:RecklessLeap","champ:FocusedBerserking+1","champ:Encircle+1"],"relics":["champ:ChampionCrown","downfall:HeartsMalice","champ:LiftRelic","ReplayTheSpireMod:Shallot","downfall:HeartBlessingRed","Replay:Baseball","Blue Doll","Coffee Dripper","Divine Protection","Ancient Tea Set","Iron Hammer","Frozen Egg 2","Lantern","Snecko Eye","downfall:HeartBlessingGreen","Bag of Preparation","War Paint","Lee\u0027s Waffle"],"acts_visited":["Exordium","TheCity","TheBeyond"],"potions_floor_usage":[43,43,43],"damage_taken":[{"damage":0.0,"enemies":"Gremlin Nob","floor":4.0,"turns":1.0},{"damage":0.0,"enemies":"3 Sentries","floor":6.0,"turns":1.0},{"damage":0.0,"enemies":"Cultist","floor":8.0,"turns":1.0},{"damage":10.0,"enemies":"Jaw Worm","floor":9.0,"turns":3.0},{"damage":5.0,"enemies":"2 Louse","floor":12.0,"turns":2.0},{"damage":15.0,"enemies":"Exordium Thugs","floor":14.0,"turns":4.0},{"damage":19.0,"enemies":"Blue Slaver","floor":15.0,"turns":2.0},{"damage":55.0,"enemies":"downfall:Ironclad","floor":16.0,"turns":8.0},{"damage":5.0,"enemies":"Shell Parasite","floor":19.0,"turns":5.0},{"damage":32.0,"enemies":"Chosen and Byrds","floor":22.0,"turns":6.0},{"damage":51.0,"enemies":"Book of Stabbing","floor":23.0,"turns":5.0},{"damage":21.0,"enemies":"Cultist and Chosen","floor":26.0,"turns":6.0},{"damage":35.0,"enemies":"Gremlin Leader","floor":27.0,"turns":6.0},{"damage":16.0,"enemies":"Snecko","floor":28.0,"turns":4.0},{"damage":12.0,"enemies":"Snake Plant","floor":30.0,"turns":4.0},{"damage":19.0,"enemies":"downfall:FleeingMerchant","floor":31.0,"turns":4.0},{"damage":42.0,"enemies":"Centurion and Healer","floor":32.0,"turns":7.0},{"damage":49.0,"enemies":"downfall:Watcher","floor":33.0,"turns":9.0},{"damage":1,"enemies":"Orb Walker","floor":36,"turns":3},{"damage":68,"enemies":"3 Darklings","floor":37,"turns":10},{"damage":35,"enemies":"Spire Growth","floor":40,"turns":6},{"damage":41,"enemies":"downfall:FleeingMerchant","floor":42,"turns":4},{"damage":53,"enemies":"downfall:FleeingMerchant","floor":43,"turns":3},{"damage":23,"enemies":"4 Shapes","floor":45,"turns":3},{"damage":41,"enemies":"Sphere and 2 Shapes","floor":48,"turns":3},{"damage":100,"enemies":"Transient","floor":49,"turns":5},{"damage":167,"enemies":"downfall:Silent","floor":50,"turns":9}],"seed_played":"7069680582008840261","potions_obtained":[{"floor":4.0,"key":"DuplicationPotion"},{"floor":6.0,"key":"Strength Potion"},{"floor":9.0,"key":"Explosive Potion"},{"floor":16.0,"key":"PowerPotion"},{"floor":23.0,"key":"champ:TechniquePotion"},{"floor":27.0,"key":"Death Potion"},{"floor":30.0,"key":"Venom Potion"},{"floor":33.0,"key":"champ:CounterPotion"},{"floor":48,"key":"ColorlessPotion"},{"floor":49,"key":"Elixir"}],"is_trial":false,"path_per_floor":["R","?","?","E","R","E","T","M","M","R","?","M","?","M","M","B",null,"R","M","?","R","M","E","T","R","M","E","M","?","M","$","M","B",null,"R","M","M","?","R","M","T","$","$","R","M","?","$","M","M","B",null],"character_chosen":"THE_CHAMP","items_purchased":["ReplayUltimateDefense+1","Lantern","Bag of Preparation","War Paint","Lee\u0027s Waffle"],"campfire_rested":0,"item_purchase_floors":[31,31,43,43,43],"current_hp_per_floor":[90,90,90,90,90,90,90,90,90,90,90,90,90,89,80,62,90,90,88,70,70,65,59,59,59,71,77,90,90,86,90,90,90,90,90,90,90,55,55,63,63,72,97,97,97,97,97,97,97,97],"gold":52,"neow_bonus":"THREE_ENEMY_KILL","is_daily":false,"chose_seed":false,"campfire_upgraded":6,"win_rate":0.0,"timestamp":1608368995,"path_taken":["R","?","?","E","R","E","T","M","M","R","?","?","?","M","M","BOSS","R","?","?","R","M","E","T","R","M","E","M","?","?","$","M","BOSS","R","M","M","?","R","?","T","$","$","R","M","?","?","?","M","BOSS"],"items_purchased_type":["Card","Relic","Relic","Relic","Relic"],"build_version":"2020-12-13","purchased_purges":3,"victory":true,"max_hp_per_floor":[90,90,90,90,90,90,90,90,90,90,90,90,90,90,90,90,90,90,90,90,90,90,90,90,90,90,90,90,90,90,90,90,90,90,90,90,90,90,90,90,90,90,97,97,97,97,97,97,97,97],"card_choices":[{"not_picked":["champ:StanceDance","champ:Shatter"],"picked":"champ:EnragedBash","floor":4.0},{"not_picked":["champ:BladeFlurry","champ:GladiatorStyle"],"picked":"champ:BerserkersShout","floor":6.0},{"not_picked":["champ:DefensiveShout","champ:GladiatorsShout"],"picked":"champ:BringItOn","floor":8.0},{"not_picked":["champ:EnGarde","champ:FlashCut"],"picked":"champ:BerserkerStyle","floor":9.0},{"not_picked":["champ:DefensiveShout","champ:Circumvent"],"picked":"champ:EnragedBash","floor":12.0},{"not_picked":["champ:SkillfulDodge","champ:Haymaker"],"picked":"champ:Encircle","floor":14.0},{"not_picked":["champ:IronFortress","champ:Backstep"],"picked":"champ:Duel","floor":15.0},{"not_picked":["champ:Devastate","champ:ShieldThrow"],"picked":"champ:HoldFirm","floor":16.0},{"not_picked":["champ:BerserkersShout","champ:CrookedStrike","champ:EndlessRage+1"],"picked":"SKIP","floor":19.0},{"not_picked":["champ:BladeFlurry","champ:PerfectedStrike","champ:FanOfKnives"],"picked":"SKIP","floor":22.0},{"not_picked":["champ:ShieldSlam","champ:IronFortress"],"picked":"champ:Duel","floor":23.0},{"not_picked":["champ:GladiatorsShout","champ:StanceDance"],"picked":"champ:CalledShot","floor":26.0},{"not_picked":["champ:IronFortress+1","champ:PerfectedStrike","champ:Circumvent+1"],"picked":"SKIP","floor":27.0},{"not_picked":["champ:FaceSlap","champ:BladeFlurry","champ:BringItOn"],"picked":"SKIP","floor":28.0},{"not_picked":["champ:BladeFlurry+1","champ:CrookedStrike","champ:PerfectedStrike"],"picked":"SKIP","floor":30.0},{"not_picked":["champ:FocusedDefense","champ:RisingSlash","champ:BladeFlurry+1"],"picked":"SKIP","floor":31.0},{"not_picked":["champ:DefensiveShout","champ:BerserkersShout"],"picked":"champ:HoldFirm","floor":32.0},{"not_picked":["champ:SteelEdge","champ:IgnorePain"],"picked":"champ:HoldFirm","floor":33.0},{"not_picked":["champ:PreciseThrust+1","champ:BerserkerStyle+1","champ:Haymaker+1"],"picked":"SKIP","floor":36},{"not_picked":["champ:Haymaker+1","champ:CrookedStrike+1","champ:AdrenalArmor"],"picked":"SKIP","floor":37},{"not_picked":["champ:AdrenalArmor+1","champ:Circumvent+1"],"picked":"champ:RecklessLeap","floor":40},{"not_picked":["champ:StanceDance","champ:GladiatorsShout"],"picked":"champ:FocusedBerserking+1","floor":42},{"not_picked":["champ:RapidStrikes","champ:RisingSlash+1"],"picked":"champ:Encircle+1","floor":43},{"not_picked":["champ:Encircle+1","champ:FaceSlap","champ:EnGarde"],"picked":"SKIP","floor":45},{"not_picked":["champ:PerfectedStrike","champ:FanOfKnives","champ:Shatter"],"picked":"SKIP","floor":48},{"not_picked":["champ:EnGarde","champ:Haymaker+1","champ:AdrenalArmor"],"picked":"SKIP","floor":49}],"player_experience":3658001,"relics_obtained":[{"floor":4.0,"key":"ReplayTheSpireMod:Shallot"},{"floor":6.0,"key":"Replay:Baseball"},{"floor":7.0,"key":"Blue Doll"},{"floor":18.0,"key":"Divine Protection"},{"floor":23.0,"key":"Ancient Tea Set"},{"floor":24.0,"key":"Iron Hammer"},{"floor":27.0,"key":"Frozen Egg 2"}],"event_choices":[{"cards_removed":["champ:HeartStrike"],"damage_healed":0,"gold_gain":0,"player_choice":"Removed Attack","damage_taken":0,"max_hp_gain":0,"max_hp_loss":0,"event_name":"Falling","floor":46,"gold_loss":0}],"is_beta":false,"boss_relics":[{"not_picked":["Snecko Heart","Replay:Wanted Poster"],"picked":"Coffee Dripper"},{"not_picked":["Empty Cage","Painkiller Herb"],"picked":"Snecko Eye"}],"items_purged_floors":[31,42,43],"is_endless":false,"potions_floor_spawned":[4,6,9,16,23,27,30,33,36,48,49],"ascension_level":0}}