{"host":"cr9rpoy6dx9riis3","time":1608383697,"event":{"mods":["AchievementEnabler","BaseMod","Better Altar","Better Note","Better Sensory Stone","Better Skull","Better Third Choice","Better-Laid Plans","BetterRewards","Block Reminder","Curses Come First","Displayed Cursed Tome","Emptier Cage","Marked Mod","Minty Spire (QoL Compilation)","Permanent Neow","Relic Sorter","StSLib","The Blue Laboratory","Transform Curses"],"gold_per_floor":[116,132,132,148,162,162,174,174,201,234,234,409,409,435,435,435,435],"floor_reached":16,"playtime":536,"items_purged":[],"score":208,"play_id":"378a1773-36ec-4549-b277-9656d77b3b18","local_time":"20201219141457","is_ascension_mode":true,"campfire_choices":[{"data":"BattleHymn","floor":6,"key":"SMITH"},{"data":"Bash","floor":8,"key":"SMITH"},{"floor":13,"key":"REST"},{"floor":15,"key":"REST"}],"circlet_count":0,"master_deck":["Strike_R","Strike_R","Strike_R","Strike_R","Defend_R","Defend_R","Defend_R","Defend_R","Bash+1","BattleHymn+1","Doubt","Bandage Up"],"relics":["Burning Blood","Toy Ornithopter","Blood Vial","Dream Catcher","PrismaticShard"],"acts_visited":["Exordium"],"potions_floor_usage":[7,14,14,16],"damage_taken":[{"damage":7,"enemies":"Small Slimes","floor":1,"turns":3},{"damage":4,"enemies":"2 Louse","floor":2,"turns":3},{"damage":2,"enemies":"Jaw Worm","floor":4,"turns":4},{"damage":6,"enemies":"2 Fungi Beasts","floor":5,"turns":4},{"damage":12,"enemies":"3 Louse","floor":7,"turns":4},{"damage":31,"enemies":"Gremlin Nob","floor":10,"turns":4},{"damage":50,"enemies":"3 Sentries","floor":14,"turns":6},{"damage":60,"enemies":"The Guardian","floor":16,"turns":9}],"seed_played":"1860993419834320052","potions_obtained":[{"floor":2,"key":"PowerPotion"},{"floor":5,"key":"SkillPotion"},{"floor":7,"key":"Energy Potion"},{"floor":14,"key":"blueLaboratory:BubblePotion"}],"is_trial":false,"path_per_floor":["M","M","?","M","M","R","M","R","T","E","?","?","R","E","R","B"],"character_chosen":"IRONCLAD","items_purchased":["PrismaticShard"],"campfire_rested":2,"item_purchase_floors":[0],"current_hp_per_floor":[71,73,66,72,74,74,70,70,70,47,40,40,64,22,46,0,0],"gold":435,"neow_bonus":"","is_daily":false,"chose_seed":false,"campfire_upgraded":2,"win_rate":0.0,"timestamp":1608383697,"path_taken":["M","M","?","M","M","R","M","R","T","E","?","?","R","E","R","BOSS"],"items_purchased_type":["Relic"],"build_version":"2020-12-13","purchased_purges":0,"victory":false,"max_hp_per_floor":[80,80,80,80,80,80,80,80,80,80,80,80,80,80,80,80,80],"card_choices":[{"not_picked":["Quick Slash","Blood for Blood","Anger"],"picked":"SKIP","floor":1},{"not_picked":["Underhanded Strike","Coolheaded"],"picked":"BattleHymn","floor":2},{"not_picked":["CrushJoints","Streamline","MarkedMod:FirstStrike"],"picked":"SKIP","floor":4},{"not_picked":["Dagger Spray","MentalFortress","Streamline"],"picked":"SKIP","floor":5},{"not_picked":["Burst","Sword Boomerang","Headbutt"],"picked":"SKIP","floor":7},{"not_picked":["EmptyFist","Go for the Eyes","Wraith Form v2"],"picked":"SKIP","floor":10},{"not_picked":["Deadly Poison","Bane","MarkedMod:PinPointDefense"],"picked":"SKIP","floor":14},{"not_picked":["Prostrate","PathToVictory"],"picked":"Bandage Up","floor":15}],"player_experience":734511,"relics_obtained":[{"floor":10,"key":"Dream Catcher"},{"floor":14,"key":"Toy Ornithopter"}],"event_choices":[{"damage_healed":0,"gold_gain":0,"player_choice":"Relic ","damage_taken":7,"max_hp_gain":0,"max_hp_loss":0,"event_name":"betterThird:BetterScrap","floor":3,"gold_loss":0,"cards_obtained":["White Noise"]},{"cards_removed":["Strike_R"],"damage_healed":0,"gold_gain":0,"player_choice":"Card Removal","damage_taken":7,"max_hp_gain":0,"max_hp_loss":0,"event_name":"Golden Wing","floor":11,"gold_loss":0},{"damage_healed":0,"gold_gain":175,"player_choice":"AGREE","damage_taken":234,"max_hp_gain":0,"max_hp_loss":0,"event_name":"betterThird:BetterSerpent","floor":12,"gold_loss":0}],"is_beta":false,"boss_relics":[],"items_purged_floors":[],"is_endless":false,"potions_floor_spawned":[2,5,7,14],"killed_by":"The Guardian","ascension_level":6}}