{"host":"c12dw8t2fgmwtthz","time":1608398288,"event":{"mods":["AchievementEnabler","BaseMod","Colored Map","DeckTracker","Minty Spire (QoL Compilation)","StSLib","SuperFastMode"],"gold_per_floor":[112,129,129,149,149,182,200,219,219,252,0,29,43,43,43,43,43],"floor_reached":16,"playtime":374,"items_purged":[],"score":244,"play_id":"ec887ab8-a8f9-4fee-9df8-a53932240d03","local_time":"20201220021808","is_ascension_mode":true,"campfire_choices":[{"data":"Recycle","floor":15,"key":"SMITH"}],"circlet_count":0,"master_deck":["AscendersBane","Strike_B","Strike_B","Strike_B","Strike_B","Defend_B","Defend_B","Defend_B","Defend_B","Zap","Dualcast","Hyperbeam+1","Capacitor","Cold Snap","Streamline","Recycle+1","BootSequence","Self Repair","Scrape","Steam","Beam Cell"],"relics":["Cracked Core","Dream Catcher","Kunai","Toy Ornithopter","TheAbacus","CaptainsWheel"],"acts_visited":["Exordium"],"potions_floor_usage":[16],"damage_taken":[{"damage":15,"enemies":"2 Louse","floor":1,"turns":2},{"damage":9,"enemies":"Small Slimes","floor":2,"turns":3},{"damage":0,"enemies":"Cultist","floor":4,"turns":2},{"damage":5,"enemies":"3 Sentries","floor":6,"turns":3},{"damage":9,"enemies":"Red Slaver","floor":7,"turns":3},{"damage":0,"enemies":"Lots of Slimes","floor":8,"turns":2},{"damage":6,"enemies":"Gremlin Nob","floor":10,"turns":3},{"damage":15,"enemies":"3 Sentries","floor":12,"turns":4},{"damage":3,"enemies":"Blue Slaver","floor":13,"turns":2},{"damage":21,"enemies":"Hexaghost","floor":16,"turns":7}],"seed_played":"8260630352722551042","potions_obtained":[{"floor":1,"key":"FairyPotion"},{"floor":4,"key":"Strength Potion"},{"floor":5,"key":"Dexterity Potion"}],"is_trial":false,"path_per_floor":["M","M","?","M","?","E","M","M","T","E","$","E","M","?","R","B"],"character_chosen":"DEFECT","items_purchased":["TheAbacus","Scrape"],"campfire_rested":0,"item_purchase_floors":[11,11],"current_hp_per_floor":[49,40,40,40,40,35,26,26,26,27,27,19,16,16,16,0,0],"gold":43,"neow_bonus":"THREE_RARE_CARDS","is_daily":false,"chose_seed":false,"campfire_upgraded":1,"win_rate":0.0,"timestamp":1608398288,"path_taken":["M","M","?","M","?","E","M","?","T","E","?","E","?","?","R","BOSS"],"items_purchased_type":["Relic","Card"],"build_version":"2020-12-13","purchased_purges":0,"victory":false,"max_hp_per_floor":[64,64,64,64,64,64,64,64,64,64,64,64,64,64,64,64,64],"card_choices":[{"not_picked":["Buffer","Echo Form"],"picked":"Hyperbeam","floor":0},{"not_picked":["Storm","Stack"],"picked":"Capacitor","floor":1},{"not_picked":["Undo","Stack"],"picked":"Cold Snap","floor":2},{"not_picked":["White Noise","Sweeping Beam"],"picked":"Streamline","floor":4},{"not_picked":["Steam","Fission"],"picked":"Recycle","floor":6},{"not_picked":["Auto Shields","Reprogram"],"picked":"BootSequence","floor":7},{"not_picked":["Double Energy","Rebound"],"picked":"Self Repair","floor":8},{"not_picked":["Barrage","Steam","Capacitor"],"picked":"SKIP","floor":10},{"not_picked":["Meteor Strike","Hello World"],"picked":"Steam","floor":12},{"not_picked":["Reinforced Body","Darkness"],"picked":"Beam Cell","floor":13}],"player_experience":773459,"relics_obtained":[{"floor":6,"key":"Dream Catcher"},{"floor":9,"key":"Kunai"},{"floor":10,"key":"Toy Ornithopter"},{"floor":12,"key":"CaptainsWheel"}],"event_choices":[{"damage_healed":0,"gold_gain":0,"player_choice":"Grow","damage_taken":0,"max_hp_gain":0,"max_hp_loss":0,"event_name":"Living Wall","floor":3,"gold_loss":0,"cards_upgraded":["Hyperbeam"]},{"damage_healed":0,"gold_gain":0,"player_choice":"Got Potions","damage_taken":0,"max_hp_gain":0,"max_hp_loss":0,"event_name":"Lab","floor":5,"gold_loss":0},{"damage_healed":0,"gold_gain":0,"player_choice":"Leave","damage_taken":0,"max_hp_gain":0,"max_hp_loss":0,"event_name":"The Cleric","floor":14,"gold_loss":0}],"is_beta":false,"boss_relics":[],"items_purged_floors":[],"is_endless":false,"potions_floor_spawned":[1,4,7,13],"killed_by":"Hexaghost","ascension_level":20}}