{"host":"coame8l8goqx0svj","time":1608403974,"event":{"mods":["BaseMod","Downfall","Minty Spire (QoL Compilation)","StSLib"],"gold_per_floor":[99,99,199,199,299,299,324,363,213,257,276,36,36,45,71,179,179,179,179,218,218,85,111,111,120,150,150,150,78,78,101,121,232,232,232,269,298,326,326,381,406,331,166,166,176,195,220,43,64,64],"floor_reached":51,"playtime":3698,"items_purged":[],"score":1155,"play_id":"eb635ace-4a8c-4e83-9618-fa93cca24f92","local_time":"20201219195254","is_ascension_mode":true,"campfire_choices":[{"floor":1,"key":"RECALL"},{"data":"champ:EnragedBash","floor":9,"key":"SMITH"},{"data":"champ:EnragedBash","floor":18,"key":"SMITH"},{"data":"champ:BringItOn","floor":21,"key":"SMITH"},{"floor":27,"key":"REST"},{"data":"champ:IgnorePain","floor":35,"key":"SMITH"},{"data":"champ:Aggression","floor":42,"key":"SMITH"},{"data":"champ:BerserkerStyle","floor":44,"key":"SMITH"}],"circlet_count":0,"master_deck":["AscendersBane","champ:Strike+1","champ:Strike+1","champ:Defend+1","champ:Defend+1","champ:Defend+1","champ:Defend+1","champ:Execute","champ:Taunt+1","champ:EnragedBash+1","champ:EnragedBash+1","champ:FanOfKnives","champ:IronFortress","champ:EndlessRage","expansioncontent:GuardianWhirl","Parasite","champ:BringItOn+1","champ:CheapShot","champ:EndlessRage","champ:EnchantSword","champ:Backstep","Writhe","champ:Aggression+1","champ:BerserkerStyle+1","champ:BerserkerStyle","champ:IgnorePain+1","champ:Encircle+1","champ:CalledShot","Metamorphosis","champ:Duel"],"relics":["champ:ChampionCrown","downfall:HeartsMalice","champ:DefensiveTrainingManual","White Beast Statue","CeramicFish","Pantograph","downfall:HeartBlessingRed","downfall:HeartBlessingGreen","Blood Vial","MealTicket","Gremlin Horn","Sozu","Orichalcum","Lizard Tail","Kunai","Blue Candle","Busted Crown","Unceasing Top","champ:FightingForDummies","Ice Cream","downfall:HeartBlessingBlue","Lee\u0027s Waffle"],"acts_visited":["Exordium","TheCity","TheBeyond"],"potions_floor_usage":[10,16,16,16],"damage_taken":[{"damage":0,"enemies":"Jaw Worm","floor":2,"turns":1},{"damage":0,"enemies":"downfall:Heads","floor":5,"turns":1},{"damage":0,"enemies":"Gremlin Nob","floor":8,"turns":1},{"damage":56,"enemies":"3 Sentries","floor":10,"turns":7},{"damage":6,"enemies":"2 Louse","floor":11,"turns":2},{"damage":24,"enemies":"downfall:FleeingMerchant","floor":12,"turns":4},{"damage":2,"enemies":"Small Slimes","floor":15,"turns":3},{"damage":108,"enemies":"downfall:Silent","floor":16,"turns":13},{"damage":78,"enemies":"Gremlin Leader","floor":20,"turns":10},{"damage":18,"enemies":"downfall:FleeingMerchant","floor":22,"turns":5},{"damage":40,"enemies":"Shell Parasite","floor":23,"turns":6},{"damage":35,"enemies":"Slavers","floor":26,"turns":4},{"damage":19,"enemies":"downfall:FleeingMerchant","floor":29,"turns":5},{"damage":45,"enemies":"Shelled Parasite and Fungi","floor":31,"turns":6},{"damage":55,"enemies":"Sentry and Sphere","floor":32,"turns":6},{"damage":93,"enemies":"downfall:Defect","floor":33,"turns":10},{"damage":137,"enemies":"Giant Head","floor":36,"turns":10},{"damage":34,"enemies":"3 Shapes","floor":37,"turns":3},{"damage":142,"enemies":"Nemesis","floor":38,"turns":10},{"damage":88,"enemies":"2 Orb Walkers","floor":40,"turns":6},{"damage":16,"enemies":"downfall:FleeingMerchant","floor":43,"turns":5},{"damage":18,"enemies":"Orb Walker","floor":45,"turns":4},{"damage":30,"enemies":"4 Shapes","floor":46,"turns":7},{"damage":34,"enemies":"Sphere and 2 Shapes","floor":47,"turns":5},{"damage":26,"enemies":"downfall:FleeingMerchant","floor":48,"turns":5},{"damage":50,"enemies":"Spire Growth","floor":49,"turns":4},{"damage":91,"enemies":"downfall:Watcher","floor":50,"turns":9}],"seed_played":"-8026633311577960149","potions_obtained":[{"floor":8,"key":"Strength Potion"},{"floor":10,"key":"GamblersBrew"},{"floor":11,"key":"Weak Potion"},{"floor":12,"key":"Swift Potion"},{"floor":15,"key":"LiquidMemories"},{"floor":16,"key":"sneckomod:MuddlingPotion"}],"is_trial":false,"path_per_floor":["R","M","?","?","?","?","T","E","R","E","M","$","T","?","M","B",null,"R","?","E","R","$","M","T","?","E","R","?","$","?","M","M","B",null,"R","E","M","E","?","?","T","R","?","R","M","M","M","$","M","B",null],"character_chosen":"THE_CHAMP","items_purchased":["expansioncontent:GuardianWhirl","MealTicket","champ:EnchantSword","champ:BerserkerStyle","Lee\u0027s Waffle","Metamorphosis"],"campfire_rested":1,"item_purchase_floors":[12,12,22,29,43,48],"current_hp_per_floor":[81,81,81,81,81,63,63,63,63,29,29,24,24,46,48,37,81,81,81,59,59,68,48,48,48,30,58,58,62,62,47,38,29,79,79,94,72,30,87,44,44,54,104,104,94,98,104,104,103,109],"gold":64,"neow_bonus":"THREE_ENEMY_KILL","is_daily":false,"chose_seed":false,"campfire_upgraded":6,"win_rate":0.0,"timestamp":1608403974,"path_taken":["R","M","?","?","?","?","T","E","R","E","M","?","?","?","M","BOSS","R","?","E","R","$","M","T","?","E","R","?","$","?","M","M","BOSS","R","E","M","E","?","?","T","R","?","R","?","M","M","$","M","BOSS"],"items_purchased_type":["Card","Relic","Card","Card","Relic","Card"],"build_version":"2020-12-13","purchased_purges":0,"victory":true,"max_hp_per_floor":[90,90,90,90,90,90,90,90,90,90,90,90,90,90,90,95,95,95,95,95,95,95,95,95,95,95,95,95,95,95,95,95,95,95,95,100,100,100,87,87,87,97,104,104,104,104,104,104,104,109],"card_choices":[{"not_picked":["champ:PerfectedStrike","champ:ShieldSigil"],"picked":"champ:EnragedBash","floor":2},{"not_picked":["champ:StanceDance","champ:Encircle"],"picked":"champ:EnragedBash","floor":5},{"not_picked":["champ:PreciseThrust","champ:SwordSigil"],"picked":"champ:IronFortress","floor":8},{"not_picked":["champ:CrookedStrike","champ:SkillfulDodge"],"picked":"champ:EndlessRage","floor":10},{"not_picked":["champ:FocusedGladiator","champ:TornadoPunch","champ:EnragedBash"],"picked":"SKIP","floor":11},{"not_picked":["champ:Balance","champ:BringItOn"],"picked":"champ:FightOn","floor":12},{"not_picked":["champ:StanceDance","champ:Haymaker"],"picked":"champ:BringItOn","floor":15},{"not_picked":["champ:Devastate","champ:DancingMaster"],"picked":"champ:CheapShot","floor":16},{"not_picked":["champ:Circumvent","champ:ViciousMockery"],"picked":"champ:FightOn","floor":20},{"not_picked":["champ:Haymaker","champ:BringItOn"],"picked":"champ:EndlessRage","floor":22},{"not_picked":["champ:PerfectedStrike","champ:DancingMaster"],"picked":"champ:Backstep","floor":23},{"not_picked":["champ:BladeFlurry+1","champ:FlashCut","champ:EnragedBash"],"picked":"SKIP","floor":26},{"not_picked":["champ:Balance","champ:AdrenalArmor"],"picked":"champ:Aggression","floor":29},{"not_picked":["champ:Backstep","champ:BringItOn"],"picked":"champ:BerserkerStyle","floor":31},{"not_picked":["champ:SwordSigil","champ:BladeFlurry","champ:Balance"],"picked":"SKIP","floor":32},{"not_picked":["champ:EnchantShield","champ:SwordThrow"],"picked":"champ:IgnorePain","floor":33},{"not_picked":[],"picked":"champ:FightOn","floor":36},{"not_picked":[],"picked":"champ:Encircle+1","floor":37},{"not_picked":["champ:CrookedStrike+1"],"picked":"SKIP","floor":38},{"not_picked":["champ:FocusedDefense"],"picked":"SKIP","floor":43},{"not_picked":["champ:Haymaker"],"picked":"SKIP","floor":45},{"not_picked":["champ:RapidStrikes"],"picked":"SKIP","floor":46},{"not_picked":[],"picked":"champ:CalledShot","floor":47},{"not_picked":["champ:TornadoPunch+1"],"picked":"SKIP","floor":48},{"not_picked":[],"picked":"champ:Duel","floor":49}],"player_experience":1664248,"relics_obtained":[{"floor":7,"key":"CeramicFish"},{"floor":8,"key":"Pantograph"},{"floor":10,"key":"Blood Vial"},{"floor":13,"key":"Gremlin Horn"},{"floor":20,"key":"Orichalcum"},{"floor":24,"key":"Lizard Tail"},{"floor":26,"key":"Blue Candle"},{"floor":36,"key":"Unceasing Top"},{"floor":38,"key":"champ:FightingForDummies"},{"floor":40,"key":"Ice Cream"}],"event_choices":[{"damage_healed":0,"gold_gain":0,"player_choice":"Success","damage_taken":18,"relics_obtained":["White Beast Statue"],"max_hp_gain":0,"max_hp_loss":0,"event_name":"Scrap Ooze","floor":6,"gold_loss":0},{"damage_healed":22,"gold_gain":0,"player_choice":"Healed and dodged fight","damage_taken":0,"max_hp_gain":0,"max_hp_loss":0,"event_name":"Mushrooms","floor":14,"gold_loss":0,"cards_obtained":["Parasite"]},{"damage_healed":0,"gold_gain":0,"player_choice":"Ignored","damage_taken":0,"max_hp_gain":0,"max_hp_loss":0,"event_name":"Ghosts","floor":28,"gold_loss":0},{"damage_healed":0,"gold_gain":0,"player_choice":"Simplicity","damage_taken":0,"max_hp_gain":0,"max_hp_loss":0,"event_name":"Back to Basics","floor":30,"gold_loss":0,"cards_upgraded":["champ:Strike","champ:Strike","champ:Defend","champ:Defend","champ:Defend","champ:Defend"]},{"damage_healed":0,"gold_gain":0,"player_choice":"Fight","damage_taken":0,"max_hp_gain":0,"max_hp_loss":0,"event_name":"Mysterious Sphere","floor":40,"gold_loss":0}],"is_beta":false,"boss_relics":[{"not_picked":["Runic Dome","Calling Bell"],"picked":"Sozu"},{"not_picked":["Velvet Choker","champ:ChampionCrownUpgraded"],"picked":"Busted Crown"}],"items_purged_floors":[],"is_endless":false,"potions_floor_spawned":[8,10,11,12,15,16,20,22,23,26,29,31,32,33,36,37,38,40,43,45,46,47,48,49],"ascension_level":10}}