{"host":"85dtmvttrcbdj5h5","time":1608406854,"event":{"mods":["AchievementEnabler","BaseMod","Bestiary","Colored Powertips","Filter the Spire","Highlight Path","Minty Spire (QoL Compilation)","Potion Indicator Mod","RNG Fix","Relic Stats"],"gold_per_floor":[114,128,128,128,145,145,172,189,268,280,294,327,343,16,16,121,121,136,136,153,68,81,41,41,57,57,77,77,88,123,123,123,222,222,233,244,259,10,56,56,56],"floor_reached":40,"playtime":7076,"items_purged":["Strike_P","Defend_P"],"score":472,"play_id":"bd670046-b3be-41ce-bc51-fe6e061fd18c","local_time":"20201219144054","is_ascension_mode":false,"campfire_choices":[{"data":"Eruption","floor":6.0,"key":"SMITH"},{"data":"CrushJoints","floor":15.0,"key":"SMITH"},{"floor":24.0,"key":"REST"},{"floor":28.0,"key":"REST"},{"data":"LikeWater","floor":32.0,"key":"SMITH"}],"circlet_count":0,"master_deck":["Strike_P","Strike_P","Strike_P","Defend_P","Defend_P+1","Eruption+1","Vigilance","Consecrate","ThirdEye+1","Ragnarok","Vengeance","CrushJoints+1","Collect+1","Nirvana","CutThroughFate","Halt+1","Apotheosis+1","FearNoEvil","Scrawl+1","CutThroughFate","ClearTheMind+1","Tantrum","LikeWater+1","EmptyMind+1","DeusExMachina+1","Writhe","WheelKick+1","ThirdEye+1","Evaluate+1"],"relics":["PureWater","Toxic Egg 2","PreservedInsect","Philosopher\u0027s Stone","Potion Belt","Bronze Scales","Pantograph","VioletLotus","HandDrill","Girya"],"acts_visited":["Exordium","TheCity","TheBeyond"],"potions_floor_usage":[],"damage_taken":[{"damage":0.0,"enemies":"Small Slimes","floor":1.0,"turns":2.0},{"damage":0.0,"enemies":"Cultist","floor":2.0,"turns":2.0},{"damage":0.0,"enemies":"Jaw Worm","floor":5.0,"turns":3.0},{"damage":1.0,"enemies":"Lagavulin","floor":7.0,"turns":3.0},{"damage":4.0,"enemies":"3 Louse","floor":8.0,"turns":2.0},{"damage":7.0,"enemies":"Blue Slaver","floor":10.0,"turns":4.0},{"damage":0.0,"enemies":"2 Fungi Beasts","floor":11.0,"turns":2.0},{"damage":0.0,"enemies":"Gremlin Nob","floor":12.0,"turns":2.0},{"damage":3.0,"enemies":"Looter","floor":13.0,"turns":3.0},{"damage":11.0,"enemies":"The Guardian","floor":16.0,"turns":6.0},{"damage":12.0,"enemies":"Chosen","floor":18.0,"turns":4.0},{"damage":30.0,"enemies":"3 Byrds","floor":20.0,"turns":3.0},{"damage":15.0,"enemies":"Centurion and Healer","floor":22.0,"turns":6.0},{"damage":14.0,"enemies":"Snecko","floor":25.0,"turns":5.0},{"damage":3.0,"enemies":"3 Cultists","floor":27.0,"turns":4.0},{"damage":16.0,"enemies":"Shelled Parasite and Fungi","floor":29.0,"turns":3.0},{"damage":5.0,"enemies":"Book of Stabbing","floor":30.0,"turns":3.0},{"damage":9.0,"enemies":"Champ","floor":33.0,"turns":6.0},{"damage":16.0,"enemies":"3 Shapes","floor":35.0,"turns":5.0},{"damage":17.0,"enemies":"3 Darklings","floor":36.0,"turns":3.0},{"damage":4.0,"enemies":"Sphere and 2 Shapes","floor":37.0,"turns":2.0},{"damage":25.0,"enemies":"2 Orb Walkers","floor":39.0,"turns":2.0},{"damage":33,"enemies":"Nemesis","floor":40,"turns":2}],"seed_played":"5180560864637719401","potions_obtained":[{"floor":0.0,"key":"ColorlessPotion"},{"floor":0.0,"key":"EssenceOfSteel"},{"floor":0.0,"key":"StancePotion"},{"floor":5.0,"key":"CultistPotion"},{"floor":7.0,"key":"Dexterity Potion"},{"floor":16.0,"key":"Dexterity Potion"},{"floor":20.0,"key":"PowerPotion"},{"floor":22.0,"key":"Explosive Potion"},{"floor":30.0,"key":"Explosive Potion"},{"floor":33.0,"key":"BottledMiracle"},{"floor":36.0,"key":"BottledMiracle"},{"floor":39.0,"key":"Fire Potion"}],"is_trial":false,"path_per_floor":["M","M","?","?","M","R","E","M","T","M","M","E","M","$","R","B",null,"M","?","M","?","M","$","R","M","T","M","R","M","E","?","R","B",null,"M","M","M","$","?","E"],"character_chosen":"WATCHER","items_purchased":["Apotheosis+1","FearNoEvil","LikeWater","HandDrill"],"campfire_rested":2,"item_purchase_floors":[14,14,23,38],"current_hp_per_floor":[72,72,58,51,51,51,50,46,46,39,39,39,36,36,36,25,72,60,60,30,30,15,15,36,22,22,19,40,24,19,19,19,35,72,56,39,35,35,10,0,0],"gold":56,"neow_bonus":"THREE_SMALL_POTIONS","is_daily":false,"chose_seed":false,"campfire_upgraded":3,"win_rate":0.0,"timestamp":1608406854,"path_taken":["M","M","?","?","M","R","E","M","T","M","M","E","M","?","R","BOSS","M","?","M","?","M","$","R","M","T","M","R","?","E","?","R","BOSS","M","M","M","$","?","E"],"items_purchased_type":["Card","Card","Card","Relic"],"build_version":"2020-12-13","purchased_purges":2,"victory":false,"max_hp_per_floor":[72,72,72,72,72,72,72,72,72,72,72,72,72,72,72,72,72,72,72,72,72,72,72,72,72,72,72,72,72,72,72,72,72,72,72,72,72,72,72,72,72],"relic_stats":{"counters":[23,77],"Bronze Scales":[33],"Pantograph":25,"PreservedInsect":88,"VioletLotus":[6],"HandDrill":[0],"obtain_stats":[{"Potion Belt":21,"Girya":39,"Bronze Scales":30,"Pantograph":31,"Philosopher\u0027s Stone":17,"PreservedInsect":12,"VioletLotus":34,"HandDrill":38,"PureWater":0,"Toxic Egg 2":9},{"Potion Belt":12,"Girya":22,"Bronze Scales":17,"Pantograph":17,"Philosopher\u0027s Stone":10,"PreservedInsect":8,"VioletLotus":18,"HandDrill":21,"PureWater":0,"Toxic Egg 2":5},{"Potion Belt":36,"Girya":75,"Bronze Scales":57,"Pantograph":57,"Philosopher\u0027s Stone":29,"PreservedInsect":20,"VioletLotus":63,"HandDrill":73,"PureWater":0,"Toxic Egg 2":12}]},"card_choices":[{"not_picked":["EmptyFist","EmptyBody"],"picked":"Consecrate","floor":1.0},{"not_picked":["FlyingSleeves","Protect"],"picked":"ThirdEye","floor":2.0},{"not_picked":["EmptyBody","ClearTheMind"],"picked":"Ragnarok","floor":5.0},{"not_picked":["ClearTheMind","FollowUp"],"picked":"Vengeance","floor":7.0},{"not_picked":["Halt","Evaluate"],"picked":"CrushJoints","floor":8.0},{"not_picked":["ClearTheMind+1","PathToVictory+1"],"picked":"Collect+1","floor":10.0},{"not_picked":["Prostrate+1","FlyingSleeves"],"picked":"Nirvana","floor":11.0},{"not_picked":["EmptyMind+1","Crescendo+1"],"picked":"CutThroughFate","floor":12.0},{"not_picked":["ThirdEye+1","PathToVictory+1"],"picked":"Halt+1","floor":13.0},{"not_picked":["Blasphemy+1","Brilliance"],"picked":"Scrawl+1","floor":16.0},{"not_picked":["FollowUp","Prostrate+1"],"picked":"CutThroughFate","floor":18.0},{"not_picked":["WheelKick","Consecrate+1"],"picked":"ClearTheMind+1","floor":20.0},{"not_picked":["Fasting2","EmptyFist"],"picked":"Tantrum","floor":22.0},{"not_picked":["InnerPeace+1","Prostrate+1"],"picked":"EmptyMind+1","floor":25.0},{"not_picked":["Collect+1","Pray+1"],"picked":"DeusExMachina+1","floor":27.0},{"not_picked":["Crescendo+1","ReachHeaven","CrushJoints"],"picked":"SKIP","floor":29.0},{"not_picked":["FollowUp","Devotion","CrushJoints"],"picked":"SKIP","floor":30.0},{"not_picked":["BowlingBash+1","Prostrate+1"],"picked":"WheelKick+1","floor":35.0},{"not_picked":["Vengeance+1","ClearTheMind+1","CutThroughFate"],"picked":"SKIP","floor":36.0},{"not_picked":["Crescendo+1","PathToVictory+1"],"picked":"ThirdEye+1","floor":37.0},{"not_picked":["FlyingSleeves+1","WreathOfFlame+1"],"picked":"Evaluate+1","floor":39.0}],"player_experience":112349,"relics_obtained":[{"floor":9.0,"key":"Toxic Egg 2"},{"floor":12.0,"key":"PreservedInsect"},{"floor":30.0,"key":"Bronze Scales"},{"floor":39.0,"key":"Girya"}],"event_choices":[{"damage_healed":0.0,"max_hp_gain":0.0,"max_hp_loss":0.0,"gold_gain":0.0,"event_name":"Shining Light","player_choice":"Entered Light","floor":3.0,"gold_loss":0.0,"damage_taken":14.0,"cards_upgraded":["ThirdEye","Defend_P"]},{"cards_removed":["Defend_P"],"damage_healed":0.0,"max_hp_gain":0.0,"max_hp_loss":0.0,"gold_gain":0.0,"event_name":"Golden Wing","player_choice":"Card Removal","floor":4.0,"gold_loss":0.0,"damage_taken":7.0},{"damage_healed":0.0,"max_hp_gain":0.0,"max_hp_loss":0.0,"gold_gain":0.0,"event_name":"Vampires","player_choice":"Ignored","floor":19.0,"gold_loss":0.0,"damage_taken":0.0},{"damage_healed":0.0,"max_hp_gain":0.0,"max_hp_loss":0.0,"gold_gain":0.0,"event_name":"Addict","player_choice":"Obtained Relic","floor":21.0,"gold_loss":85.0,"damage_taken":0.0,"relics_obtained":["Potion Belt"]},{"damage_healed":0.0,"max_hp_gain":0.0,"max_hp_loss":0.0,"gold_gain":0.0,"event_name":"The Mausoleum","player_choice":"Opened","floor":31.0,"gold_loss":0.0,"damage_taken":0.0,"relics_obtained":["Pantograph"],"cards_obtained":["Writhe"]},{"damage_healed":0.0,"max_hp_gain":0.0,"max_hp_loss":0.0,"gold_gain":0.0,"event_name":"Mysterious Sphere","player_choice":"Fight","floor":39.0,"gold_loss":0.0,"damage_taken":0.0}],"is_beta":false,"boss_relics":[{"not_picked":["Velvet Choker","Ectoplasm"],"picked":"Philosopher\u0027s Stone"},{"not_picked":["Cursed Key","Calling Bell"],"picked":"VioletLotus"}],"items_purged_floors":[14,38],"is_endless":false,"potions_floor_spawned":[5,7,11,16,20,22,30,33,36,39],"killed_by":"Nemesis","ascension_level":0}}