{"host":"4id8injl4bo2b6ih","time":1608352582,"event":{"mods":["Act Like it!","BaseMod","Better Third Choice","Colored Map","Friendly Minions","Highlight Path","Minty Spire (QoL Compilation)","Robot Space Explorer","Spicy Shops","StSLib"],"gold_per_floor":[15,29,39,39,214,214,239,239,266,281,306,322,322,353,353,477,477,495,515,538,552,552,552,572,587,587,587,587,612,612,612,612],"floor_reached":31,"playtime":1688,"items_purged":[],"score":268,"play_id":"f77baf7c-594d-49d4-9d1c-0fc376e1466a","local_time":"20201219053622","is_ascension_mode":false,"campfire_choices":[{"data":"RobotSpaceExplorer:StarDust","floor":6,"key":"SMITH"},{"data":"RobotSpaceExplorer:MiniLasers","floor":8,"key":"SMITH"},{"floor":13,"key":"REST"},{"data":"RobotSpaceExplorer:GlueSpray","floor":15,"key":"SMITH"},{"floor":23,"key":"REST"},{"floor":27,"key":"REST"},{"data":"RobotSpaceExplorer:Autoloader","floor":30,"key":"SMITH"}],"circlet_count":0,"master_deck":["RobotSpaceExplorer:Strike","RobotSpaceExplorer:Strike","RobotSpaceExplorer:Strike","RobotSpaceExplorer:Strike","RobotSpaceExplorer:Defend","RobotSpaceExplorer:Defend","RobotSpaceExplorer:Defend","RobotSpaceExplorer:Defend","RobotSpaceExplorer:Scan","RobotSpaceExplorer:MiniLasers+1","The Bomb","RobotSpaceExplorer:FreezeRay","RobotSpaceExplorer:GearShield","RobotSpaceExplorer:StarDust+1","Doubt","RobotSpaceExplorer:GearShield","RobotSpaceExplorer:PlasmaMissile","RobotSpaceExplorer:GlueSpray+1","RobotSpaceExplorer:MiniBoosters","RobotSpaceExplorer:Autoloader+1","RobotSpaceExplorer:DoubleFind","RobotSpaceExplorer:MiniBoosters","RobotSpaceExplorer:StarLightning","RobotSpaceExplorer:Fix+1","RobotSpaceExplorer:GlueSpray+1","RobotSpaceExplorer:FranticSearch+1","RobotSpaceExplorer:MiniDrones+1"],"relics":["RobotSpaceExplorer:TurboCore","Golden Idol","PreservedInsect","Strawberry","Toxic Egg 2","MutagenicStrength"],"acts_visited":["Exordium","TheCity"],"potions_floor_usage":[21,31,31],"damage_taken":[{"damage":0,"enemies":"2 Louse","floor":1,"turns":3},{"damage":5,"enemies":"Small Slimes","floor":2,"turns":5},{"damage":0,"enemies":"Cultist","floor":3,"turns":3},{"damage":12,"enemies":"3 Louse","floor":7,"turns":5},{"damage":12,"enemies":"Exordium Thugs","floor":10,"turns":4},{"damage":1,"enemies":"Exordium Wildlife","floor":11,"turns":4},{"damage":9,"enemies":"3 Louse","floor":12,"turns":4},{"damage":0,"enemies":"Lagavulin","floor":14,"turns":4},{"damage":43,"enemies":"Slime Boss","floor":16,"turns":13},{"damage":2,"enemies":"3 Byrds","floor":18,"turns":3},{"damage":11,"enemies":"Shell Parasite","floor":19,"turns":6},{"damage":34,"enemies":"Chosen and Byrds","floor":20,"turns":9},{"damage":18,"enemies":"Snecko","floor":21,"turns":5},{"damage":18,"enemies":"Snake Plant","floor":24,"turns":7},{"damage":19,"enemies":"Centurion and Healer","floor":25,"turns":6},{"damage":19,"enemies":"Sentry and Sphere","floor":29,"turns":9},{"damage":32,"enemies":"Book of Stabbing","floor":31,"turns":8}],"seed_played":"-1223953421721566472","potions_obtained":[{"floor":7,"key":"FearPotion"},{"floor":10,"key":"RobotSpaceExplorer:RecyclePotion"},{"floor":11,"key":"BlessingOfTheForge"},{"floor":19,"key":"Energy Potion"},{"floor":21,"key":"Strength Potion"},{"floor":29,"key":"Fruit Juice"}],"is_trial":false,"path_per_floor":["M","M","M","?","?","R","M","R","T","M","M","M","R","E","R","B",null,"M","M","M","M","?","R","M","M","T","R","?","M","R","E"],"character_chosen":"RobotSpaceExplorer","items_purchased":[],"campfire_rested":3,"item_purchase_floors":[],"current_hp_per_floor":[75,70,70,52,52,52,40,40,40,28,27,18,40,47,47,4,82,80,69,35,17,17,41,23,10,10,34,34,21,21,0,0],"gold":612,"neow_bonus":"RANDOM_COLORLESS_2","is_daily":false,"chose_seed":false,"campfire_upgraded":4,"win_rate":0.0,"timestamp":1608352582,"path_taken":["M","M","M","?","?","R","M","R","T","M","M","M","R","E","R","BOSS","M","M","M","M","?","R","M","M","T","R","?","M","R","E"],"items_purchased_type":[],"build_version":"2020-12-13","purchased_purges":0,"victory":false,"max_hp_per_floor":[75,75,75,75,75,75,75,75,75,75,75,75,75,82,82,82,82,82,82,82,82,82,82,82,82,82,82,82,82,82,87,87],"card_choices":[{"not_picked":["Secret Technique","Metamorphosis"],"picked":"The Bomb","floor":0},{"not_picked":["RobotSpaceExplorer:SwiftStep","RobotSpaceExplorer:Blitz"],"picked":"RobotSpaceExplorer:FreezeRay","floor":1},{"not_picked":["RobotSpaceExplorer:SurgingShield","RobotSpaceExplorer:Ammunition"],"picked":"RobotSpaceExplorer:GearShield","floor":2},{"not_picked":["RobotSpaceExplorer:Electroshield","RobotSpaceExplorer:ShovelStrike"],"picked":"RobotSpaceExplorer:StarDust","floor":3},{"not_picked":["RobotSpaceExplorer:ShovelStrike","RobotSpaceExplorer:Blitz","RobotSpaceExplorer:MakeshiftVolley"],"picked":"SKIP","floor":7},{"not_picked":["RobotSpaceExplorer:ImprovisedAttack","RobotSpaceExplorer:MakeshiftVolley"],"picked":"RobotSpaceExplorer:GearShield","floor":10},{"not_picked":["RobotSpaceExplorer:Electroshield","RobotSpaceExplorer:ExhaustFan"],"picked":"RobotSpaceExplorer:PlasmaMissile","floor":11},{"not_picked":["RobotSpaceExplorer:MiniDrones","RobotSpaceExplorer:MakeshiftVolley"],"picked":"RobotSpaceExplorer:GlueSpray","floor":12},{"not_picked":["RobotSpaceExplorer:StunGrenade","RobotSpaceExplorer:ScrapMissile"],"picked":"RobotSpaceExplorer:MiniBoosters","floor":14},{"not_picked":["RobotSpaceExplorer:Comet","RobotSpaceExplorer:HighVoltage"],"picked":"RobotSpaceExplorer:Autoloader","floor":16},{"not_picked":["RobotSpaceExplorer:Probe","RobotSpaceExplorer:ShovelStrike"],"picked":"RobotSpaceExplorer:DoubleFind","floor":18},{"not_picked":["RobotSpaceExplorer:RigExplosive","RobotSpaceExplorer:MiniDrones"],"picked":"RobotSpaceExplorer:MiniBoosters","floor":19},{"not_picked":["RobotSpaceExplorer:FrostMissile","RobotSpaceExplorer:Smokescreen"],"picked":"RobotSpaceExplorer:StarLightning","floor":20},{"not_picked":["RobotSpaceExplorer:ImprovisedAttack","RobotSpaceExplorer:ShockKick"],"picked":"RobotSpaceExplorer:Fix+1","floor":21},{"not_picked":["RobotSpaceExplorer:ScrapShield+1","RobotSpaceExplorer:FranticSearch"],"picked":"RobotSpaceExplorer:GlueSpray+1","floor":24},{"not_picked":["RobotSpaceExplorer:SwiftStep","RobotSpaceExplorer:ScrapMissile"],"picked":"RobotSpaceExplorer:FranticSearch+1","floor":25},{"not_picked":["RobotSpaceExplorer:GlueShot+1","RobotSpaceExplorer:MakeshiftVolley"],"picked":"RobotSpaceExplorer:MiniDrones+1","floor":29}],"player_experience":325027,"relics_obtained":[{"floor":9,"key":"PreservedInsect"},{"floor":14,"key":"Strawberry"},{"floor":26,"key":"Toxic Egg 2"}],"event_choices":[{"damage_healed":0,"gold_gain":0,"player_choice":"Take Damage","damage_taken":18,"relics_obtained":["Golden Idol"],"max_hp_gain":0,"max_hp_loss":0,"event_name":"Golden Idol","floor":4,"gold_loss":0},{"damage_healed":0,"gold_gain":175,"player_choice":"AGREE","damage_taken":39,"max_hp_gain":0,"max_hp_loss":0,"event_name":"betterThird:BetterSerpent","floor":5,"gold_loss":0},{"damage_healed":0,"gold_gain":0,"player_choice":"Ignored","damage_taken":0,"max_hp_gain":0,"max_hp_loss":0,"event_name":"Ghosts","floor":22,"gold_loss":0},{"damage_healed":0,"gold_gain":0,"player_choice":"Inject Mutagens","damage_taken":0,"relics_obtained":["MutagenicStrength"],"max_hp_gain":0,"max_hp_loss":0,"event_name":"Drug Dealer","floor":28,"gold_loss":0}],"is_beta":false,"boss_relics":[{"not_picked":["Busted Crown","Ectoplasm"],"picked":"RobotSpaceExplorer:TurboCore"}],"items_purged_floors":[],"is_endless":false,"potions_floor_spawned":[7,10,11,14,19,20,21,29],"killed_by":"Book of Stabbing","ascension_level":0}}