{"host":"kw4o7b3ro2ktmmbe","time":1608357259,"event":{"mods":["BaseMod","Minty Spire (QoL Compilation)","StSLib","Treasure Hunter","WarShipGirlsR/战舰少女R mod"],"gold_per_floor":[116,126,126,91,109,109,129,129,129,54,67,82,82,97,97,221,221,236,236,216,235,235,235,235,268,294,330,343,343,343],"floor_reached":29,"playtime":4038,"items_purged":["Decay"],"score":280,"play_id":"1f6be895-5d90-4514-ad9e-c65503d02dbf","local_time":"20201219185419","is_ascension_mode":false,"campfire_choices":[{"data":"rmod:expedition","floor":6.0,"key":"SMITH"},{"data":"rmod:chargemoney","floor":13.0,"key":"SMITH"},{"data":"rmod:expedition+1","floor":15.0,"key":"SMITH"}],"circlet_count":0,"master_deck":["rmod:strick+1","rmod:strick+1","rmod:strick+1","rmod:strick+1","rmod:defend+1","rmod:defend+1","rmod:defend+1","rmod:defend+1","rmod:basicallowance","rmod:maingunfire","rmod:aluminumsupply","rmod:intelligenceanalysis","rmod:expedition+2","rmod:chargemoney+1","TH:PixieDust","rmod:wife","rmod:fletcherpendant","rmod:acesubmarine","TH:ElvenBoots","rmod:secretscript","rmod:bulid","rmod:saltedfish","rmod:fletcherpendant","TH:TreasureMap","TH:ArmorSpikes","TH:CursedSword","TH:BikiniMail","rmod:acesubmarine","rmod:fuelsupply+1"],"relics":["rmod:firstchargereward","Golden Idol","InkBottle","Sozu","Happy Flower","MutagenicStrength","Bottled Lightning","Akabeko","StoneCalendar"],"acts_visited":["Exordium","TheCity"],"potions_floor_usage":[],"damage_taken":[{"damage":0.0,"enemies":"Jaw Worm","floor":1.0,"turns":3.0},{"damage":0.0,"enemies":"Small Slimes","floor":2.0,"turns":10.0},{"damage":0.0,"enemies":"Cultist","floor":5.0,"turns":3.0},{"damage":4.0,"enemies":"3 Louse","floor":7.0,"turns":12.0},{"damage":13.0,"enemies":"Blue Slaver","floor":11.0,"turns":4.0},{"damage":10.0,"enemies":"Exordium Thugs","floor":12.0,"turns":6.0},{"damage":0.0,"enemies":"2 Fungi Beasts","floor":14.0,"turns":2.0},{"damage":27.0,"enemies":"The Guardian","floor":16.0,"turns":9.0},{"damage":6.0,"enemies":"Shell Parasite","floor":18.0,"turns":6.0},{"damage":1.0,"enemies":"Chosen","floor":21.0,"turns":4.0},{"damage":15.0,"enemies":"Book of Stabbing","floor":25.0,"turns":6.0},{"damage":0.0,"enemies":"Gremlin Leader","floor":27.0,"turns":6.0},{"damage":24,"enemies":"3 Cultists","floor":28,"turns":4},{"damage":41,"enemies":"Book of Stabbing","floor":29,"turns":5}],"seed_played":"-92197525137372994","potions_obtained":[{"floor":2.0,"key":"Explosive Potion"},{"floor":11.0,"key":"ColorlessPotion"},{"floor":12.0,"key":"LiquidBronze"},{"floor":14.0,"key":"AttackPotion"}],"is_trial":false,"path_per_floor":["M","M","?","?","M","R","M","?","T","$","M","M","R","M","R","B",null,"M","?","?","M","?","T","?","E","T","E","M","E"],"character_chosen":"PRAEFECT","items_purchased":[],"campfire_rested":0,"item_purchase_floors":[],"current_hp_per_floor":[82,82,62,82,82,82,78,78,78,78,65,55,55,55,55,28,82,76,76,76,75,75,75,75,60,60,60,36,0,0],"gold":343,"neow_bonus":"TEN_PERCENT_HP_BONUS","is_daily":false,"chose_seed":false,"campfire_upgraded":3,"win_rate":0.0,"timestamp":1608357259,"path_taken":["M","M","?","?","M","R","M","?","T","$","?","M","R","M","R","BOSS","M","?","?","?","?","?","?","E","T","E","M","E"],"items_purchased_type":[],"build_version":"2020-12-13","purchased_purges":1,"victory":false,"max_hp_per_floor":[82,82,82,82,82,82,82,82,82,82,82,82,82,82,82,82,82,82,82,82,82,82,82,82,82,82,82,82,82,82],"card_choices":[{"not_picked":["rmod:advancebysurprise","rmod:supportescort"],"picked":"rmod:aluminumsupply","floor":1.0},{"not_picked":["rmod:diamondstrike","rmod:rockthrower"],"picked":"rmod:intelligenceanalysis","floor":2.0},{"not_picked":["rmod:supportescort","rmod:circuitoustactics"],"picked":"rmod:expedition","floor":5.0},{"not_picked":["rmod:diamondstrike","rmod:rockthrower"],"picked":"rmod:chargemoney","floor":7.0},{"not_picked":["TH:CopperCoins"],"picked":"TH:PixieDust","floor":9.0},{"not_picked":["rmod:capitalist","rmod:firesupport"],"picked":"rmod:wife","floor":11.0},{"not_picked":["rmod:steelsupply","rmod:supportescort"],"picked":"rmod:fletcherpendant","floor":12.0},{"not_picked":["rmod:wolves","rmod:aluminumsupply"],"picked":"rmod:acesubmarine","floor":14.0},{"not_picked":["TH:EnergyPotion"],"picked":"TH:ElvenBoots","floor":16.0},{"not_picked":["rmod:u235","rmod:expeditionaryescort"],"picked":"rmod:secretscript","floor":16.0},{"not_picked":["rmod:wolves","rmod:firesupport"],"picked":"rmod:bulid","floor":18.0},{"not_picked":[],"picked":"rmod:saltedfish","floor":20.0},{"not_picked":["rmod:supportescort","rmod:luckystar"],"picked":"rmod:fletcherpendant","floor":21.0},{"not_picked":["TH:ElvenBoots"],"picked":"TH:TreasureMap","floor":23.0},{"not_picked":["TH:CopperCoins"],"picked":"TH:ArmorSpikes","floor":25.0},{"not_picked":["rmod:aluminumsupply","rmod:expedition","rmod:steelsupply"],"picked":"SKIP","floor":25.0},{"not_picked":["TH:Mimic"],"picked":"TH:CursedSword","floor":26.0},{"not_picked":["TH:EnergyPotion"],"picked":"TH:BikiniMail","floor":27.0},{"not_picked":["rmod:luckystar","rmod:aggressivemary"],"picked":"rmod:acesubmarine","floor":27.0},{"not_picked":["rmod:victimresponsibility","rmod:supportescort"],"picked":"rmod:fuelsupply+1","floor":28}],"player_experience":1747632,"relics_obtained":[{"floor":9.0,"key":"InkBottle"},{"floor":23.0,"key":"Happy Flower"},{"floor":25.0,"key":"Bottled Lightning"},{"floor":26.0,"key":"Akabeko"},{"floor":27.0,"key":"StoneCalendar"}],"event_choices":[{"damage_healed":0.0,"max_hp_gain":0.0,"max_hp_loss":0.0,"gold_gain":0.0,"event_name":"Golden Idol","player_choice":"Take Damage","floor":3.0,"gold_loss":0.0,"damage_taken":20.0,"relics_obtained":["Golden Idol"]},{"damage_healed":20.0,"max_hp_gain":0.0,"max_hp_loss":0.0,"gold_gain":0.0,"event_name":"The Cleric","player_choice":"Healed","floor":4.0,"gold_loss":35.0,"damage_taken":0.0},{"damage_healed":0.0,"max_hp_gain":0.0,"max_hp_loss":0.0,"gold_gain":0.0,"event_name":"Wheel of Change","player_choice":"Cursed","floor":8.0,"gold_loss":0.0,"damage_taken":0.0,"cards_obtained":["Decay"]},{"damage_healed":0.0,"max_hp_gain":0.0,"max_hp_loss":0.0,"gold_gain":0.0,"event_name":"Back to Basics","player_choice":"Simplicity","floor":19.0,"gold_loss":0.0,"damage_taken":0.0,"cards_upgraded":["rmod:strick","rmod:strick","rmod:strick","rmod:strick","rmod:defend","rmod:defend","rmod:defend","rmod:defend"]},{"damage_healed":0.0,"max_hp_gain":0.0,"max_hp_loss":0.0,"gold_gain":0.0,"event_name":"Vampires","player_choice":"Ignored","floor":22.0,"gold_loss":0.0,"damage_taken":0.0},{"damage_healed":0.0,"max_hp_gain":0.0,"max_hp_loss":0.0,"gold_gain":0.0,"event_name":"Drug Dealer","player_choice":"Inject Mutagens","floor":24.0,"gold_loss":0.0,"damage_taken":0.0,"relics_obtained":["MutagenicStrength"]}],"is_beta":false,"boss_relics":[{"not_picked":["Empty Cage","Runic Dome"],"picked":"Sozu"}],"items_purged_floors":[10],"is_endless":false,"potions_floor_spawned":[2,11,12,14,18,25],"killed_by":"Book of Stabbing","ascension_level":0}}