{"host":"21h5e52imz35vo8g","time":1608394970,"event":{"mods":["AchievementEnabler","BaseMod","Colored Map","Colored Powertips","Googly Eyes","Minty Spire (QoL Compilation)","Quick Restart","Rare Cards Sparkle","Replay The Spire","StSLib"],"gold_per_floor":[114,152,1,18,193,221,221,221,247,261,261,287,316,330,330,428,455,473,491,491,491],"floor_reached":20,"playtime":913,"items_purged":[],"score":269,"play_id":"1befcfb0-c606-43d6-8118-d758ea39fe8f","local_time":"20201220002250","is_ascension_mode":true,"campfire_choices":[{"data":"Uppercut","floor":7,"key":"SMITH"},{"floor":11,"key":"REST"}],"circlet_count":0,"master_deck":["Strike_R","Strike_R","Strike_R","Strike_R","Strike_R","Defend_R","Defend_R","Defend_R","Flex+1","Uppercut+1","Inflame","Feel No Pain+1","Barricade","ReplayTheSpireMod:Restless Dread"],"relics":["Burning Blood","NeowsBlessing","Medical Kit","CeramicFish","King of Hearts","Chameleon Ring","Astrolabe"],"acts_visited":["Exordium","TheCity"],"potions_floor_usage":[12,13,13,16],"damage_taken":[{"damage":0,"enemies":"Small Slimes","floor":1,"turns":1},{"damage":0,"enemies":"2 Louse","floor":4,"turns":1},{"damage":0,"enemies":"Gremlin Nob","floor":6,"turns":1},{"damage":1,"enemies":"Cultist","floor":10,"turns":3},{"damage":0,"enemies":"Large Slime","floor":12,"turns":3},{"damage":36,"enemies":"3 Sentries","floor":13,"turns":8},{"damage":7,"enemies":"Blue Slaver","floor":14,"turns":4},{"damage":83,"enemies":"Fading Forest","floor":16,"turns":11},{"damage":54,"enemies":"Spheric Guardian","floor":18,"turns":6},{"damage":0,"enemies":"2 Thieves","floor":20,"turns":1}],"seed_played":"5215975274927365138","potions_obtained":[{"floor":2,"key":"Cursed Concoction"},{"floor":2,"key":"Explosive Potion"},{"floor":2,"key":"Toxic Potion"},{"floor":4,"key":"AttackPotion"},{"floor":6,"key":"Dexterity Potion"},{"floor":10,"key":"Fire Potion"},{"floor":14,"key":"SpeedPotion"},{"floor":15,"key":"Fire Potion"},{"floor":15,"key":"FairyPotion"}],"is_trial":false,"path_per_floor":["M","?","$","M","?","E","R","?","T","M","R","M","E","M","R","B",null,"M","?","M"],"character_chosen":"IRONCLAD","items_purchased":["Medical Kit"],"campfire_rested":1,"item_purchase_floors":[3],"current_hp_per_floor":[78,46,46,52,52,58,58,58,58,63,80,80,50,49,49,18,65,17,17,17,17],"gold":491,"neow_bonus":"THREE_ENEMY_KILL","is_daily":false,"chose_seed":false,"campfire_upgraded":1,"win_rate":0.0,"timestamp":1608394970,"path_taken":["M","?","$","M","?","E","R","?","T","?","R","M","E","M","R","BOSS","M","?","M"],"items_purchased_type":["Relic"],"build_version":"2020-12-13","purchased_purges":0,"victory":false,"max_hp_per_floor":[80,80,80,80,80,80,80,80,80,80,80,80,80,80,80,80,80,80,80,80,80],"card_choices":[{"not_picked":["Havoc","Warcry"],"picked":"Flex","floor":1},{"not_picked":["Perfected Strike","Feel No Pain"],"picked":"Uppercut","floor":2},{"not_picked":["ReplayReversal","Run Through","Thunderclap"],"picked":"SKIP","floor":4},{"not_picked":["Abandon","ReplayTheSpireMod:Corrosion Curse","Sword Boomerang"],"picked":"SKIP","floor":6},{"not_picked":["True Grit","Sentinel","Clothesline"],"picked":"SKIP","floor":10},{"not_picked":["Flex","Pommel Strike"],"picked":"Inflame","floor":12},{"not_picked":["ReplayTheSpireMod:Strike From Hell","Pummel","Eclipse"],"picked":"SKIP","floor":13},{"not_picked":["Cleave","Dropkick","Blood for Blood"],"picked":"SKIP","floor":14},{"not_picked":["Cleave+1","Battle Trance+1","Ghostly Armor"],"picked":"SKIP","floor":18}],"player_experience":287961,"relics_obtained":[{"floor":6,"key":"CeramicFish"},{"floor":9,"key":"King of Hearts"},{"floor":13,"key":"Chameleon Ring"}],"event_choices":[{"damage_healed":0,"gold_gain":175,"player_choice":"AGREE","damage_taken":0,"max_hp_gain":0,"max_hp_loss":0,"event_name":"Liars Game","floor":5,"gold_loss":0,"cards_obtained":["Doubt"]},{"damage_healed":0,"gold_gain":0,"player_choice":"Upgraded","damage_taken":0,"max_hp_gain":0,"max_hp_loss":0,"event_name":"Upgrade Shrine","floor":8,"gold_loss":0,"cards_upgraded":["Flex"]},{"damage_healed":0,"gold_gain":0,"cards_transformed":["Havoc","Languid"],"player_choice":"Became Test Subject","damage_taken":0,"max_hp_gain":0,"max_hp_loss":0,"event_name":"Drug Dealer","floor":19,"gold_loss":0,"cards_obtained":["Barricade","ReplayTheSpireMod:Restless Dread"]}],"is_beta":false,"boss_relics":[{"not_picked":["Runic Cube","ChewingGum"],"picked":"Astrolabe"}],"items_purged_floors":[],"is_endless":false,"potions_floor_spawned":[4,6,10,14],"killed_by":"2 Thieves","ascension_level":6}}