{"host":"2lo6hma6kymb0g9i","time":1608364445,"event":{"mods":["BaseMod","Colored Map","DeckTracker","Minty Spire (QoL Compilation)"],"gold_per_floor":[113,38,51,51,66,98,114,39,66,66,94,94,94,110,110,110,110],"floor_reached":16,"playtime":977,"items_purged":["Pain"],"score":193,"play_id":"b4cf3e82-97ce-44b2-bb5d-123d6a49744d","local_time":"20201219165405","is_ascension_mode":true,"campfire_choices":[{"floor":10,"key":"REST"},{"floor":15,"key":"REST"}],"circlet_count":0,"master_deck":["AscendersBane","Strike_G","Strike_G","Strike_G","Strike_G","Defend_G","Defend_G","Defend_G","Defend_G","Defend_G","Survivor","Neutralize","Flying Knee","Dagger Throw","Tactician","Tactician","Acrobatics","Footwork","Prepared"],"relics":["Ring of the Snake","WarpedTongs","Anchor","Snake Skull","Juzu Bracelet"],"acts_visited":["Exordium"],"potions_floor_usage":[11,16],"damage_taken":[{"damage":18,"enemies":"Jaw Worm","floor":1,"turns":7},{"damage":3,"enemies":"2 Louse","floor":3,"turns":3},{"damage":1,"enemies":"Cultist","floor":5,"turns":4},{"damage":41,"enemies":"3 Sentries","floor":6,"turns":12},{"damage":1,"enemies":"2 Fungi Beasts","floor":7,"turns":3},{"damage":15,"enemies":"Lagavulin","floor":11,"turns":6},{"damage":1,"enemies":"Large Slime","floor":14,"turns":6},{"damage":35,"enemies":"Hexaghost","floor":16,"turns":14}],"seed_played":"389626853182733992","potions_obtained":[{"floor":3,"key":"Ancient Potion"},{"floor":6,"key":"SteroidPotion"},{"floor":14,"key":"GamblersBrew"}],"is_trial":false,"path_per_floor":["M","?","M","?","M","E","M","$","T","R","E","?","?","M","R","B"],"character_chosen":"THE_SILENT","items_purchased":[],"campfire_rested":2,"item_purchase_floors":[],"current_hp_per_floor":[47,47,44,44,43,2,1,1,1,22,7,7,7,6,27,0,0],"gold":110,"neow_bonus":"TEN_PERCENT_HP_BONUS","is_daily":false,"chose_seed":false,"campfire_upgraded":0,"win_rate":0.0,"timestamp":1608364445,"path_taken":["M","?","M","?","M","E","?","$","T","R","E","?","?","M","R","BOSS"],"items_purchased_type":[],"build_version":"2020-12-13","purchased_purges":1,"victory":false,"max_hp_per_floor":[72,72,72,72,72,72,72,72,72,72,72,72,72,72,72,72,72],"card_choices":[{"not_picked":["Dodge and Roll","Crippling Poison"],"picked":"Flying Knee","floor":1},{"not_picked":["Masterful Stab","Underhanded Strike"],"picked":"Dagger Throw","floor":3},{"not_picked":["Dagger Throw","Underhanded Strike"],"picked":"Tactician","floor":5},{"not_picked":["Predator","Expertise"],"picked":"Tactician","floor":6},{"not_picked":["Dash","Masterful Stab"],"picked":"Acrobatics","floor":7},{"not_picked":["Grand Finale","Deflect"],"picked":"Footwork","floor":11},{"not_picked":["Heel Hook","Blade Dance"],"picked":"Prepared","floor":14}],"player_experience":826625,"relics_obtained":[{"floor":6,"key":"Anchor"},{"floor":9,"key":"Snake Skull"},{"floor":11,"key":"Juzu Bracelet"}],"event_choices":[{"cards_removed":["Strike_G"],"damage_healed":0,"gold_gain":0,"player_choice":"Card Removal","damage_taken":0,"max_hp_gain":0,"max_hp_loss":0,"event_name":"The Cleric","floor":2,"gold_loss":75},{"damage_healed":0,"gold_gain":0,"player_choice":"Rummage","damage_taken":0,"relics_obtained":["WarpedTongs"],"max_hp_gain":0,"max_hp_loss":0,"event_name":"Accursed Blacksmith","floor":4,"gold_loss":0,"cards_obtained":["Pain"]},{"damage_healed":0,"gold_gain":0,"player_choice":"Ignored","damage_taken":0,"max_hp_gain":0,"max_hp_loss":0,"event_name":"Liars Game","floor":12,"gold_loss":0},{"damage_healed":0,"gold_gain":0,"player_choice":"Ignored","damage_taken":0,"max_hp_gain":0,"max_hp_loss":0,"event_name":"Shining Light","floor":13,"gold_loss":0}],"is_beta":false,"boss_relics":[],"items_purged_floors":[8],"is_endless":false,"potions_floor_spawned":[3,6,14],"killed_by":"Hexaghost","ascension_level":15}}