{"host":"jzehok24c0182h89","time":1608361108,"event":{"mods":["Bard","BaseMod","Colored Map","Colored Powertips","Downfall","Hermit","Marisa????????","Minty Spire (QoL Compilation)","Random Character Button","Shade Mod","StSLib","The Alterego","The Blackbeard","The Bug Knight","The Construct","The Cursed","The Disciple","The Hierophant","The Necromancer","The Servant 0.9.4"],"gold_per_floor":[112,37,37,50,67,97,97,122,146,176,195,195,170,185,185,280,280,292,281,25,25,37,63,63,89,89,116,128,145,177,208,208,312,312,330,341,341,341,358,390,430,447,447,447,482,482,500,519,519,524,524,524,6,11,11],"floor_reached":54,"playtime":4253,"items_purged":["alterego_mod:Impale","Decay","Pain"],"score":1024,"play_id":"e4be83bc-ffeb-4991-a312-f277ae84ec25","local_time":"20201219015828","is_ascension_mode":true,"campfire_choices":[{"floor":7.0,"key":"REST"},{"floor":15.0,"key":"REST"},{"floor":32.0,"key":"REST"},{"floor":46.0,"key":"REST"},{"floor":49,"key":"RECALL"},{"floor":52,"key":"REST"}],"circlet_count":0,"master_deck":["alterego_mod:Strike","alterego_mod:Strike","alterego_mod:Strike","alterego_mod:Strike","alterego_mod:Defend","alterego_mod:Defend","alterego_mod:Defend","alterego_mod:Defend","alterego_mod:BigMeatyClaws","alterego_mod:BrynhildrsRune","alterego_mod:Cushion","alterego_mod:Collar+1","alterego_mod:Bunnysuit","alterego_mod:Valkyrie","alterego_mod:Pet","alterego_mod:Birthday","alterego_mod:Bunnysuit","alterego_mod:Rip","alterego_mod:1TonWallop","alterego_mod:Cycle","alterego_mod:TrashNCrash","alterego_mod:PainIsPleasure","alterego_mod:GoddessCore+1","alterego_mod:Pet","alterego_mod:BrynhildrsRune","alterego_mod:PerceptionDisorder+1","alterego_mod:MagicResistance+1","alterego_mod:BiFurious+1","alterego_mod:Birthday+1","alterego_mod:TrashNCrash+1","alterego_mod:PerceptionDisorder","alterego_mod:Clones+1","alterego_mod:BiFurious+1","alterego_mod:Mirror+1"],"relics":["alterego_mod:MasochisticConstitution","NeowsBlessing","Bronze Scales","Orichalcum","HollowMod:PaleOreRelic","Tiny Chest","Fusion Hammer","DollysMirror","Toxic Egg 2","Whetstone","MutagenicStrength","WingedGreaves","Gambling Chip","Art of War","Lantern","Molten Egg 2","Runic Dome","Pen Nib","Nunchaku","Bottled Flame","WarpedTongs","Kunai","Toy Ornithopter","alterego_mod:SistersRibbon"],"acts_visited":["Exordium","TheCity","TheBeyond","TheEnding"],"potions_floor_usage":[],"damage_taken":[{"damage":0.0,"enemies":"Cultist","floor":1.0,"turns":1.0},{"damage":2.0,"enemies":"Small Slimes","floor":4.0,"turns":2.0},{"damage":6.0,"enemies":"Jaw Worm","floor":5.0,"turns":2.0},{"damage":55.0,"enemies":"Gremlin Nob","floor":6.0,"turns":5.0},{"damage":27.0,"enemies":"Lagavulin","floor":8.0,"turns":20.0},{"damage":31.0,"enemies":"3 Sentries","floor":10.0,"turns":11.0},{"damage":7.0,"enemies":"Looter","floor":11.0,"turns":3.0},{"damage":2.0,"enemies":"Blue Slaver","floor":14.0,"turns":4.0},{"damage":8.0,"enemies":"Slime Boss","floor":16.0,"turns":9.0},{"damage":0.0,"enemies":"3 Byrds","floor":18.0,"turns":3.0},{"damage":18.0,"enemies":"2 Thieves","floor":19.0,"turns":4.0},{"damage":23.0,"enemies":"Snecko","floor":22.0,"turns":6.0},{"damage":28.0,"enemies":"Gremlin Leader","floor":23.0,"turns":10.0},{"damage":15.0,"enemies":"Slavers","floor":25.0,"turns":5.0},{"damage":22.0,"enemies":"Book of Stabbing","floor":27.0,"turns":5.0},{"damage":16.0,"enemies":"Snake Plant","floor":28.0,"turns":3.0},{"damage":29.0,"enemies":"Shelled Parasite and Fungi","floor":29.0,"turns":7.0},{"damage":60.0,"enemies":"Gremlin Leader","floor":30.0,"turns":11.0},{"damage":45.0,"enemies":"Book of Stabbing","floor":31.0,"turns":7.0},{"damage":53.0,"enemies":"Collector","floor":33.0,"turns":8.0},{"damage":15.0,"enemies":"3 Shapes","floor":35.0,"turns":6.0},{"damage":60.0,"enemies":"3 Darklings","floor":36.0,"turns":4.0},{"damage":9.0,"enemies":"Sphere and 2 Shapes","floor":39.0,"turns":4.0},{"damage":101.0,"enemies":"Giant Head","floor":40.0,"turns":14.0},{"damage":99.0,"enemies":"Reptomancer","floor":41.0,"turns":8.0},{"damage":8.0,"enemies":"4 Shapes","floor":42.0,"turns":10.0},{"damage":67.0,"enemies":"Nemesis","floor":45.0,"turns":7.0},{"damage":23.0,"enemies":"Spire Growth","floor":47.0,"turns":4.0},{"damage":59.0,"enemies":"Transient","floor":48.0,"turns":5.0},{"damage":57,"enemies":"Awakened One","floor":50,"turns":33},{"damage":108,"enemies":"Shield and Spear","floor":54,"turns":6}],"seed_played":"-5962710278000836258","potions_obtained":[{"floor":4.0,"key":"Fruit Juice"},{"floor":5.0,"key":"Dexterity Potion"},{"floor":6.0,"key":"Weak Potion"},{"floor":11.0,"key":"champ:CounterPotion"},{"floor":16.0,"key":"FearPotion"},{"floor":19.0,"key":"Energy Potion"},{"floor":22.0,"key":"Fire Potion"},{"floor":29.0,"key":"SteroidPotion"},{"floor":30.0,"key":"Dexterity Potion"}],"is_trial":false,"path_per_floor":["M","$","?","M","M","E","R","E","T","E","M","?","?","M","R","B",null,"M","M","$","T","M","E","?","E","T","E","M","M","E","E","R","B",null,"M","M","?","T","M","E","E","M","T","?","E","R","M","M","R","B",null,"R","$","E"],"character_chosen":"The_Alterego","items_purchased":["DollysMirror","Toy Ornithopter","alterego_mod:Mirror+1","alterego_mod:SistersRibbon","Block Potion"],"campfire_rested":5,"item_purchase_floors":[20,53,53,53,53],"current_hp_per_floor":[70,70,70,69,64,10,31,17,17,14,8,8,8,16,40,54,83,83,80,80,80,85,86,86,87,87,74,66,66,81,78,92,51,93,91,53,53,53,60,97,60,85,85,85,47,77,84,38,38,103,103,103,103,0,0],"gold":11,"neow_bonus":"THREE_ENEMY_KILL","is_daily":false,"chose_seed":false,"campfire_upgraded":0,"win_rate":0.0,"timestamp":1608361108,"path_taken":["M","?","?","M","M","E","R","E","T","E","?","?","?","M","R","BOSS","M","M","$","?","M","E","?","E","T","E","M","?","E","E","R","BOSS","M","M","?","?","?","E","E","M","T","?","E","R","M","M","R","BOSS","R","$","E"],"items_purchased_type":["Relic","Relic","Card","Relic","Potion"],"build_version":"2020-12-13","purchased_purges":3,"victory":false,"max_hp_per_floor":[70,70,70,71,72,73,73,79,79,80,81,81,81,82,82,83,83,83,84,84,84,85,86,86,87,87,88,89,90,91,92,92,93,93,94,95,95,95,96,97,98,99,99,99,100,100,101,102,102,103,103,103,103,103,103],"card_choices":[{"not_picked":["alterego_mod:GoddessCore","alterego_mod:Rip"],"picked":"alterego_mod:Cushion","floor":1.0},{"not_picked":["alterego_mod:Complex","alterego_mod:BusterCard","alterego_mod:Santa"],"picked":"SKIP","floor":4.0},{"not_picked":["alterego_mod:Bounce","alterego_mod:Maid"],"picked":"alterego_mod:Collar","floor":5.0},{"not_picked":["alterego_mod:MagicResistance","alterego_mod:Palingenesis"],"picked":"alterego_mod:Bunnysuit","floor":6.0},{"not_picked":["alterego_mod:HighServant","alterego_mod:Jiggle"],"picked":"alterego_mod:Valkyrie","floor":8.0},{"not_picked":["alterego_mod:Rip","alterego_mod:DiscoLights"],"picked":"alterego_mod:Pet","floor":10.0},{"not_picked":["alterego_mod:Maid","alterego_mod:BusterCard"],"picked":"alterego_mod:Birthday","floor":11.0},{"not_picked":["alterego_mod:RidiculouslyBig","alterego_mod:MaintainEyeContact"],"picked":"alterego_mod:TrashNCrash","floor":14.0},{"not_picked":["alterego_mod:SideboobHour","alterego_mod:Valkyrie"],"picked":"alterego_mod:PainIsPleasure","floor":16.0},{"not_picked":["alterego_mod:Rip+1","alterego_mod:Jiggle"],"picked":"alterego_mod:GoddessCore","floor":18.0},{"not_picked":["alterego_mod:Bounce","alterego_mod:GoddessCore"],"picked":"alterego_mod:Pet","floor":19.0},{"not_picked":["alterego_mod:Clap+1","alterego_mod:Bounce"],"picked":"alterego_mod:PerceptionDisorder+1","floor":22.0},{"not_picked":["alterego_mod:DeftHands+1","alterego_mod:Pet+1","alterego_mod:RingBreak"],"picked":"SKIP","floor":23.0},{"not_picked":["alterego_mod:GoddessCore","alterego_mod:DiscoLights+1","alterego_mod:DustData"],"picked":"SKIP","floor":25.0},{"not_picked":["alterego_mod:Pet+1","alterego_mod:Venus"],"picked":"alterego_mod:MagicResistance+1","floor":27.0},{"not_picked":["alterego_mod:Cycle+1","alterego_mod:Maid","alterego_mod:Undulate+1"],"picked":"SKIP","floor":28.0},{"not_picked":["alterego_mod:GoddessCore","alterego_mod:Bounce"],"picked":"alterego_mod:BiFurious+1","floor":29.0},{"not_picked":["alterego_mod:1TonWallop","alterego_mod:Skirt"],"picked":"alterego_mod:Birthday+1","floor":30.0},{"not_picked":["alterego_mod:BiFurious+1","alterego_mod:Bloomers+1"],"picked":"alterego_mod:TrashNCrash+1","floor":31.0},{"not_picked":["alterego_mod:DeftHands+1","alterego_mod:Bounce+1"],"picked":"alterego_mod:PerceptionDisorder","floor":35.0},{"not_picked":["alterego_mod:DeftHands+1","alterego_mod:Rip"],"picked":"alterego_mod:Belle+1","floor":36.0},{"not_picked":["alterego_mod:GachaTicket","alterego_mod:DustData+1"],"picked":"alterego_mod:Clones+1","floor":39.0},{"not_picked":["alterego_mod:BiFurious+1","alterego_mod:Undulate+1","alterego_mod:Jiggle+1"],"picked":"SKIP","floor":40.0},{"not_picked":["alterego_mod:Bounce+1","alterego_mod:Exercise+1","alterego_mod:Skirt+1"],"picked":"SKIP","floor":41.0},{"not_picked":["alterego_mod:DeftHands+1","alterego_mod:Vow+1","alterego_mod:Cooking+1"],"picked":"SKIP","floor":42.0},{"not_picked":["alterego_mod:DiscoLights+1","alterego_mod:BreastValley","alterego_mod:PresenceConcealment"],"picked":"SKIP","floor":45.0},{"not_picked":["alterego_mod:Maid+1","alterego_mod:BusterCard+1"],"picked":"alterego_mod:BiFurious+1","floor":47.0},{"not_picked":["alterego_mod:Collar+1","alterego_mod:Rip+1","alterego_mod:PerceptionDisorder"],"picked":"SKIP","floor":48.0}],"player_experience":814517,"relics_obtained":[{"floor":6.0,"key":"Bronze Scales"},{"floor":8.0,"key":"Orichalcum"},{"floor":9.0,"key":"HollowMod:PaleOreRelic"},{"floor":10.0,"key":"Tiny Chest"},{"floor":21.0,"key":"Toxic Egg 2"},{"floor":23.0,"key":"Whetstone"},{"floor":25.0,"key":"WingedGreaves"},{"floor":26.0,"key":"Gambling Chip"},{"floor":27.0,"key":"Art of War"},{"floor":30.0,"key":"Lantern"},{"floor":31.0,"key":"Molten Egg 2"},{"floor":38.0,"key":"Pen Nib"},{"floor":40.0,"key":"Nunchaku"},{"floor":41.0,"key":"Bottled Flame"},{"floor":45.0,"key":"Kunai"}],"event_choices":[{"damage_healed":0.0,"max_hp_gain":0.0,"max_hp_loss":0.0,"gold_gain":0.0,"event_name":"Wheel of Change","player_choice":"Cursed","floor":3.0,"gold_loss":0.0,"damage_taken":0.0,"cards_obtained":["Decay"]},{"damage_healed":0.0,"max_hp_gain":0.0,"max_hp_loss":0.0,"gold_gain":0.0,"event_name":"World of Goop","player_choice":"Left Gold","floor":13.0,"gold_loss":25.0,"damage_taken":0.0},{"damage_healed":0.0,"max_hp_gain":0.0,"max_hp_loss":0.0,"gold_gain":0.0,"event_name":"Drug Dealer","player_choice":"Inject Mutagens","floor":24.0,"gold_loss":0.0,"damage_taken":0.0,"relics_obtained":["MutagenicStrength"]},{"cards_removed":["alterego_mod:Table"],"damage_healed":0.0,"max_hp_gain":0.0,"max_hp_loss":0.0,"gold_gain":0.0,"event_name":"Falling","player_choice":"Removed Skill","floor":37.0,"gold_loss":0.0,"damage_taken":0.0},{"damage_healed":0.0,"max_hp_gain":0.0,"max_hp_loss":0.0,"gold_gain":0.0,"event_name":"Accursed Blacksmith","player_choice":"Rummage","floor":44.0,"gold_loss":0.0,"damage_taken":0.0,"relics_obtained":["WarpedTongs"],"cards_obtained":["Pain"]}],"is_beta":false,"boss_relics":[{"not_picked":["Tiny House","Runic Pyramid"],"picked":"Fusion Hammer"},{"not_picked":["Cursed Key","SlaversCollar"],"picked":"Runic Dome"}],"items_purged_floors":[2,20,53],"is_endless":false,"potions_floor_spawned":[4,5,6,11,16,19,22,29,30,31,39,45,47],"killed_by":"Shield and Spear","ascension_level":3}}