{"host":"ow9msrs9p2ctkx99","time":1608413224,"event":{"mods":["AchievementEnabler","BaseMod","Colored Map","Colored Powertips","Minty Spire (QoL Compilation)","Permanent Neow","Quick Restart","SuperFastMode"],"gold_per_floor":[114,289,64,79,94,94,137,137,137,152,182,145,175,190,190,290,290,305,55,55,55,70,70,100,100,100,130,145,145,175,190,190,290,290,305,320,320,320,335,335,365,365,365,395,395,295,325,340,340,340],"floor_reached":51,"playtime":1286,"items_purged":["Doubt","Power Through","Feed"],"score":828,"play_id":"c1bd9228-4352-4030-8f6d-710f26a55bb7","local_time":"20201219222704","daily_mods":["Draft","Uncertain Future","Elite Swarm"],"is_ascension_mode":false,"campfire_choices":[{"data":"Blood for Blood","floor":6,"key":"SMITH"},{"data":"Cleave","floor":8,"key":"SMITH"},{"data":"Uppercut","floor":15,"key":"SMITH"},{"data":"Backflip","floor":23,"key":"SMITH"},{"floor":29,"key":"REST"},{"data":"Echo Form","floor":32,"key":"SMITH"},{"data":"Demon Form","floor":40,"key":"SMITH"},{"data":"Wraith Form v2","floor":49,"key":"SMITH"}],"circlet_count":0,"master_deck":["Body Slam","Shrug It Off","Rampage","Wild Strike","Iron Wave","Thunderclap","Cleave+1","Headbutt","Pommel Strike","Shockwave+1","Blood for Blood+1","Power Through","Ghostly Armor","Armaments","Iron Wave","Shrug It Off","Double Tap+1","Entrench+1","Uppercut+1","Demon Form+1","Iron Wave+1","Backflip+1","Vault","Wraith Form v2+1","Conserve Battery","Echo Form+1","Reboot","CurseOfTheBell","Battle Trance+1","Core Surge"],"relics":["Burning Blood","Juzu Bracelet","Calipers","Incense Burner","Vajra","Bottled Flame","Velvet Choker","PrismaticShard","Potion Belt","Nilry\u0027s Codex","Shuriken","War Paint","Oddly Smooth Stone","Calling Bell","Akabeko","White Beast Statue","Turnip","InkBottle","Frozen Egg 2","The Courier","Bird Faced Urn"],"acts_visited":["Exordium","TheCity","TheBeyond"],"potions_floor_usage":[24,30,41,41,41,42,44,44,50],"damage_taken":[{"damage":0,"enemies":"Small Slimes","floor":1,"turns":3},{"damage":0,"enemies":"2 Louse","floor":4,"turns":2},{"damage":6,"enemies":"Jaw Worm","floor":5,"turns":3},{"damage":15,"enemies":"Lagavulin Event","floor":7,"turns":4},{"damage":0,"enemies":"Gremlin Gang","floor":10,"turns":2},{"damage":19,"enemies":"Gremlin Nob","floor":11,"turns":4},{"damage":9,"enemies":"3 Sentries","floor":13,"turns":6},{"damage":12,"enemies":"Blue Slaver","floor":14,"turns":3},{"damage":1,"enemies":"Slime Boss","floor":16,"turns":8},{"damage":11,"enemies":"Spheric Guardian","floor":18,"turns":4},{"damage":5,"enemies":"2 Thieves","floor":22,"turns":4},{"damage":19,"enemies":"Slavers","floor":24,"turns":3},{"damage":37,"enemies":"Gremlin Leader","floor":27,"turns":7},{"damage":15,"enemies":"Snake Plant","floor":28,"turns":3},{"damage":9,"enemies":"Slavers","floor":30,"turns":6},{"damage":10,"enemies":"Centurion and Healer","floor":31,"turns":7},{"damage":9,"enemies":"Champ","floor":33,"turns":9},{"damage":11,"enemies":"3 Shapes","floor":35,"turns":4},{"damage":0,"enemies":"Orb Walker","floor":36,"turns":3},{"damage":5,"enemies":"4 Shapes","floor":39,"turns":5},{"damage":20,"enemies":"Giant Head","floor":41,"turns":9},{"damage":0,"enemies":"Maw","floor":42,"turns":2},{"damage":57,"enemies":"Reptomancer","floor":44,"turns":7},{"damage":4,"enemies":"Giant Head","floor":47,"turns":10},{"damage":2,"enemies":"Spire Growth","floor":48,"turns":4},{"damage":81,"enemies":"Awakened One","floor":50,"turns":10}],"seed_played":"-2908382401684788831","potions_obtained":[{"floor":4,"key":"Explosive Potion"},{"floor":10,"key":"SmokeBomb"},{"floor":13,"key":"Swift Potion"},{"floor":24,"key":"FairyPotion"},{"floor":33,"key":"BloodPotion"},{"floor":35,"key":"Swift Potion"},{"floor":36,"key":"SkillPotion"},{"floor":39,"key":"Energy Potion"},{"floor":41,"key":"Fire Potion"},{"floor":44,"key":"Weak Potion"},{"floor":47,"key":"Ancient Potion"},{"floor":48,"key":"ElixirPotion"}],"is_trial":false,"path_per_floor":["M","?","$","M","M","R","?","R","T","M","E","$","E","M","R","B",null,"M","$","?","?","M","R","E","?","T","E","M","R","E","M","R","B",null,"M","M","?","?","M","R","E","M","T","E","?","$","E","M","R","B",null],"character_chosen":"IRONCLAD","items_purchased":["Juzu Bracelet","Entrench","PrismaticShard"],"campfire_rested":1,"item_purchase_floors":[3,12,19],"current_hp_per_floor":[80,80,80,80,80,80,71,71,71,77,64,64,61,58,58,66,86,81,81,81,64,65,65,55,39,39,8,32,61,61,60,60,57,103,101,106,106,106,106,106,92,98,98,68,68,68,70,82,82,11],"gold":340,"neow_bonus":"","is_daily":true,"chose_seed":false,"campfire_upgraded":7,"win_rate":0.0,"timestamp":1608413224,"path_taken":["M","?","$","M","M","R","?","R","T","M","E","?","E","M","R","BOSS","M","$","?","?","M","R","E","?","T","E","M","R","E","M","R","BOSS","M","M","?","?","M","R","E","M","T","E","?","$","E","M","R","BOSS"],"items_purchased_type":["Relic","Card","Relic"],"build_version":"2020-12-13","purchased_purges":3,"victory":true,"max_hp_per_floor":[80,80,80,80,80,80,80,80,80,80,80,80,80,83,83,86,86,86,86,86,91,91,91,94,94,94,94,97,97,100,103,103,103,103,106,106,106,106,106,106,106,106,106,106,106,106,106,106,106,106],"card_choices":[{"not_picked":["Havoc","Sword Boomerang"],"picked":"Body Slam","floor":0},{"not_picked":["Sword Boomerang","Havoc"],"picked":"Shrug It Off","floor":0},{"not_picked":["Flex","Combust"],"picked":"Rampage","floor":0},{"not_picked":["Cleave","Sword Boomerang"],"picked":"Power Through","floor":0},{"not_picked":["Flex","Thunderclap"],"picked":"Wild Strike","floor":0},{"not_picked":["Clash","Cleave"],"picked":"Iron Wave","floor":0},{"not_picked":["Clothesline","Power Through"],"picked":"Thunderclap","floor":0},{"not_picked":["Pommel Strike","Evolve"],"picked":"Cleave","floor":0},{"not_picked":["Clash","Twin Strike"],"picked":"Headbutt","floor":0},{"not_picked":["Headbutt","Pummel"],"picked":"Pommel Strike","floor":0},{"not_picked":["Sword Boomerang","Warcry"],"picked":"Shockwave","floor":0},{"not_picked":["Whirlwind","Clash"],"picked":"Blood for Blood","floor":0},{"not_picked":["Clothesline","Battle Trance"],"picked":"Power Through","floor":0},{"not_picked":["Shrug It Off","Armaments"],"picked":"Ghostly Armor","floor":0},{"not_picked":["Warcry","Pommel Strike"],"picked":"Armaments","floor":0},{"not_picked":["Blood for Blood","Anger"],"picked":"Iron Wave","floor":1},{"not_picked":["Blood for Blood","Sword Boomerang","Cleave"],"picked":"SKIP","floor":4},{"not_picked":["Sentinel","Clothesline"],"picked":"Shrug It Off","floor":5},{"not_picked":["Sentinel","Perfected Strike","Armaments"],"picked":"SKIP","floor":10},{"not_picked":["Berserk","Barricade"],"picked":"Double Tap","floor":11},{"not_picked":["Berserk","Immolate"],"picked":"Feed","floor":13},{"not_picked":["Metallicize","Sword Boomerang"],"picked":"Uppercut","floor":14},{"not_picked":["Barricade","Juggernaut"],"picked":"Demon Form","floor":16},{"not_picked":["Perfected Strike+1","Sever Soul+1"],"picked":"Iron Wave+1","floor":18},{"not_picked":["Clash","Infernal Blade"],"picked":"Backflip","floor":22},{"not_picked":["Secret Weapon","Tools of the Trade"],"picked":"Vault","floor":24},{"not_picked":["Buffer","Electrodynamics"],"picked":"Wraith Form v2","floor":27},{"not_picked":["Seeing Red","Redo"],"picked":"Conserve Battery","floor":28},{"not_picked":["Reaper","Judgement"],"picked":"Echo Form","floor":30},{"not_picked":["Poisoned Stab","Predator"],"picked":"WheelKick","floor":31},{"not_picked":["Brutality","Creative AI"],"picked":"Reboot","floor":33},{"not_picked":["EmptyBody+1","FlurryOfBlows+1"],"picked":"Battle Trance+1","floor":35},{"not_picked":["InnerPeace+1","Flying Knee+1","Twin Strike"],"picked":"SKIP","floor":36},{"not_picked":["Barrage+1","Streamline","Steam"],"picked":"SKIP","floor":39},{"not_picked":["Transmutation","All For One","Secret Technique"],"picked":"SKIP","floor":41},{"not_picked":["Reboot","Doppelganger","Tools of the Trade+1"],"picked":"SKIP","floor":44},{"not_picked":["Feed","Phantasmal Killer"],"picked":"Core Surge","floor":47},{"not_picked":["Doom and Gloom","EmptyFist","Cleave+1"],"picked":"SKIP","floor":48}],"player_experience":1094785,"relics_obtained":[{"floor":7,"key":"Calipers"},{"floor":9,"key":"Incense Burner"},{"floor":11,"key":"Vajra"},{"floor":13,"key":"Bottled Flame"},{"floor":24,"key":"Potion Belt"},{"floor":25,"key":"Nilry\u0027s Codex"},{"floor":26,"key":"Shuriken"},{"floor":27,"key":"War Paint"},{"floor":30,"key":"Oddly Smooth Stone"},{"floor":34,"key":"Akabeko"},{"floor":34,"key":"White Beast Statue"},{"floor":34,"key":"Turnip"},{"floor":41,"key":"InkBottle"},{"floor":43,"key":"Frozen Egg 2"},{"floor":44,"key":"The Courier"},{"floor":47,"key":"Bird Faced Urn"}],"event_choices":[{"damage_healed":0,"gold_gain":175,"player_choice":"AGREE","damage_taken":0,"max_hp_gain":0,"max_hp_loss":0,"event_name":"Liars Game","floor":2,"gold_loss":0,"cards_obtained":["Doubt"]},{"damage_healed":0,"gold_gain":0,"player_choice":"Searched \u00272\u0027 times","damage_taken":0,"max_hp_gain":0,"max_hp_loss":0,"event_name":"Dead Adventurer","floor":7,"gold_loss":0},{"damage_healed":0,"gold_gain":0,"player_choice":"Upgraded","damage_taken":0,"max_hp_gain":0,"max_hp_loss":0,"event_name":"Upgrade Shrine","floor":20,"gold_loss":0,"cards_upgraded":["Shockwave"]},{"damage_healed":0,"gold_gain":0,"player_choice":"Shed Blood","damage_taken":22,"max_hp_gain":5,"max_hp_loss":0,"event_name":"Forgotten Altar","floor":21,"gold_loss":0},{"damage_healed":0,"gold_gain":0,"player_choice":"Obtained Book","damage_taken":16,"max_hp_gain":0,"max_hp_loss":0,"event_name":"Cursed Tome","floor":25,"gold_loss":0},{"cards_removed":["WheelKick"],"damage_healed":0,"gold_gain":0,"player_choice":"Removed Attack","damage_taken":0,"max_hp_gain":0,"max_hp_loss":0,"event_name":"Falling","floor":37,"gold_loss":0},{"damage_healed":0,"gold_gain":0,"player_choice":"Ignored","damage_taken":0,"max_hp_gain":0,"max_hp_loss":0,"event_name":"Tomb of Lord Red Mask","floor":38,"gold_loss":0},{"damage_healed":0,"gold_gain":0,"player_choice":"Ignored","damage_taken":0,"max_hp_gain":0,"max_hp_loss":0,"event_name":"Mysterious Sphere","floor":45,"gold_loss":0}],"is_beta":false,"boss_relics":[{"not_picked":["Snecko Eye","SlaversCollar"],"picked":"Velvet Choker"},{"not_picked":["Black Blood","Black Star"],"picked":"Calling Bell"}],"items_purged_floors":[3,19,46],"is_endless":false,"potions_floor_spawned":[4,10,13,14,22,24,33,35,36,39,41,42,44,47,48],"ascension_level":0}}