{"host":"y0wkltgt9g64tmdy","time":1608394113,"event":{"mods":["BaseMod","Marisa£®ÏF”Í°°ƒß¿Ì…≥£©","Minty Spire (QoL Compilation)","Reimu£®≤©¿ˆ¡È√Œ£©","Remilia£®¿Ÿ√◊¿Ú—«£©","Replay The Spire","Shop Mod","StSLib","The Bug Knight","The Gatherer","Waifu the Spire","Youmu£®ªÍ∆«—˝√Œ£©","[µÿæ´ ◊¡Ï≈¿À˛]The Maniac"],"gold_per_floor":[119,119,119,129,129,129,143,28,28,28,51,69,94,94,104,119,119,218,218,238,248,248,261,271,303,303,330,330,330,349,368,368,368,368,463,463,476,515,515,235,255,255,255],"floor_reached":42,"playtime":1859,"items_purged":[],"score":507,"play_id":"b13f40ad-a0a4-4d4a-96e4-cfe3eda6e780","local_time":"20201220000833","is_ascension_mode":true,"campfire_choices":[{"data":"PowerUp","floor":9,"key":"SMITH"},{"floor":17,"key":"REST"},{"floor":26,"key":"REST"},{"floor":29,"key":"REST"},{"floor":32,"key":"REST"},{"data":"AsteroidBelt","floor":34,"key":"SMITH"}],"circlet_count":0,"master_deck":["Strike_MRS+1","Strike_MRS+1","Strike_MRS+1","Strike_MRS+1","Defend_MRS+1","Defend_MRS","Defend_MRS","Defend_MRS","MasterSpark","UpSweep","DC","PowerUp+1","AsteroidBelt","ShootTheMoon","AsteroidBelt+1","AsteroidBelt","MachineGunSpark","GrandCross","GalacticHalo","OortCloud","PowerUp","MysteriousBeam","AbsoluteMagnitude","MysteriousBeam+1","Singularity","LuminesStrike+1","NonDirectionalLaser+1","Singularity","UltimateShortwave","UnstableBomb+1","MysteriousBeam","JA","AsteroidBelt","LuminesStrike","GrandCross","EnergyFlow","GrandCross+1"],"relics":["MiniHakkero","Replay:Bottled Eggs","HollowMod:PaleOreRelic","ReplayTheSpireMod:CursedCoin","Centennial Puzzle","Spirit Poop","Honey Jar","Potion Belt","FossilizedHelix","Eternal Feather","Counterbalance","RampagingMagicTools","Durian","Ring of Chaos","ReplayTheSpireMod:Ring of Challenge","Blood Vial"],"acts_visited":["Exordium","TheCity","TheBeyond"],"potions_floor_usage":[27,35,35,35,35,42,42,42],"damage_taken":[{"damage":1,"enemies":"Cultist","floor":1,"turns":3},{"damage":0,"enemies":"Small Slimes","floor":4,"turns":2},{"damage":11,"enemies":"Jaw Worm","floor":7,"turns":3},{"damage":29,"enemies":"3 Sentries","floor":13,"turns":6},{"damage":12,"enemies":"3 Louse","floor":15,"turns":2},{"damage":4,"enemies":"Exordium Thugs","floor":16,"turns":3},{"damage":4,"enemies":"Slime Boss","floor":18,"turns":7},{"damage":6,"enemies":"Shell Parasite","floor":20,"turns":3},{"damage":5,"enemies":"Chosen","floor":21,"turns":3},{"damage":4,"enemies":"3 Cultists","floor":23,"turns":5},{"damage":0,"enemies":"Centurion and Healer","floor":24,"turns":6},{"damage":28,"enemies":"Slavers","floor":25,"turns":7},{"damage":38,"enemies":"Book of Stabbing","floor":27,"turns":5},{"damage":0,"enemies":"Chosen and Byrds","floor":30,"turns":6},{"damage":27,"enemies":"3 Cultists","floor":31,"turns":6},{"damage":32,"enemies":"Champ","floor":35,"turns":12},{"damage":3,"enemies":"3 Shapes","floor":37,"turns":2},{"damage":0,"enemies":"Orb Walker","floor":41,"turns":3},{"damage":68,"enemies":"Reptomancer","floor":42,"turns":2}],"seed_played":"-4911950415514888065","potions_obtained":[{"floor":1,"key":"EssenceOfSteel"},{"floor":15,"key":"PowerPotion"},{"floor":18,"key":"LiquidBronze"},{"floor":20,"key":"Ancient Potion"},{"floor":21,"key":"AttackPotion"},{"floor":24,"key":"Death Potion"},{"floor":30,"key":"Elixir"},{"floor":31,"key":"Ancient Potion"},{"floor":37,"key":"Milkshake"}],"is_trial":false,"path_per_floor":["M","T","?","M","PTL","PTL","M","$","R","$","T","$","E","?","M","M","R","B",null,"M","M","?","M","M","E","R","E","T","R","M","M","R","?","R","B",null,"M","?","?","$","M","E"],"character_chosen":"MARISA","items_purchased":["ShootTheMoon","AsteroidBelt","ReplayTheSpireMod:CursedCoin","MachineGunSpark","GrandCross","GalacticHalo","Blood Vial","GrandCross","EnergyFlow","Elixir"],"campfire_rested":4,"item_purchase_floors":[8,8,12,12,12,12,40,40,40,40],"current_hp_per_floor":[81,81,81,81,81,81,70,70,70,70,70,70,41,41,29,25,49,45,82,76,71,71,67,67,39,63,25,25,64,64,37,79,79,82,50,82,79,52,52,52,54,0,0],"gold":255,"neow_bonus":"TEN_PERCENT_HP_BONUS","is_daily":false,"chose_seed":false,"campfire_upgraded":2,"win_rate":0.0,"timestamp":1608394113,"path_taken":["M","?","?","M","PTL","PTL","M","$","R","$","T","$","E","?","?","?","R","BOSS","M","M","?","M","?","E","R","E","T","R","M","M","R","?","R","BOSS","M","?","?","?","M","E"],"items_purchased_type":["Card","Card","Relic","Card","Card","Card","Relic","Card","Card","Potion"],"build_version":"2020-12-13","purchased_purges":0,"victory":false,"max_hp_per_floor":[82,82,82,82,82,82,82,82,82,82,82,82,82,82,82,82,82,82,82,82,82,82,82,82,82,82,82,82,82,82,82,82,82,82,82,82,82,87,87,87,87,87,87],"card_choices":[{"not_picked":["MeteoricShower","WitchOfGreed"],"picked":"DC","floor":1},{"not_picked":["PulseMagic","ShootingEcho"],"picked":"PowerUp","floor":4},{"not_picked":["OneTimeOff","MilkyWay"],"picked":"AsteroidBelt","floor":7},{"not_picked":["MagicChant","OneTimeOff"],"picked":"OortCloud","floor":13},{"not_picked":["RefractionSpark","StarlightTyphoon"],"picked":"PowerUp","floor":15},{"not_picked":["ManaConvection","EarthLightRay"],"picked":"MysteriousBeam","floor":16},{"not_picked":["SuperNova","BigCrunch"],"picked":"AbsoluteMagnitude","floor":18},{"not_picked":["DC","WitchOfGreed","GasGiant"],"picked":"MysteriousBeam","floor":20},{"not_picked":["PowerUp","PulseMagic","LuminesStrike"],"picked":"Singularity","floor":21},{"not_picked":["ShootTheMoon","ChargeUpSpray","SporeBomb+1"],"picked":"LuminesStrike+1","floor":23},{"not_picked":["MagicChant+1","WitchLeyline","UnstableBomb"],"picked":"NonDirectionalLaser+1","floor":24},{"not_picked":["UnstableBomb+1","SporeBomb+1","EnergyRecoil"],"picked":"Singularity","floor":25},{"not_picked":["DoubleSpark","LuminesStrike","MilkyWay"],"picked":"UltimateShortwave","floor":27},{"not_picked":["DeepEcoloBomb+1","ChargeUpSpray","BlazeAway"],"picked":"UnstableBomb+1","floor":30},{"not_picked":["EnergyRecoil","WitchLeyline+1","BlazeAway"],"picked":"MysteriousBeam","floor":31},{"not_picked":["FinalSpark","BinaryStars","CasketOfStar"],"picked":"JA","floor":35},{"not_picked":["LuminesStrike","ChargingUp+1","AlicesGift"],"picked":"AsteroidBelt","floor":37},{"not_picked":["MagicAbsorber+1","SuperPerseids","AsteroidBelt+1"],"picked":"LuminesStrike","floor":38},{"not_picked":["StarBarrage","ManaConvection","JA"],"picked":"GrandCross+1","floor":41}],"player_experience":87228,"relics_obtained":[{"floor":2,"key":"Replay:Bottled Eggs"},{"floor":11,"key":"HollowMod:PaleOreRelic"},{"floor":13,"key":"Centennial Puzzle"},{"floor":25,"key":"Potion Belt"},{"floor":27,"key":"FossilizedHelix"},{"floor":28,"key":"Eternal Feather"},{"floor":38,"key":"Durian"},{"floor":39,"key":"Ring of Chaos"},{"floor":39,"key":"ReplayTheSpireMod:Ring of Challenge"}],"event_choices":[{"cards_removed":["Writhe"],"damage_healed":0,"gold_gain":0,"player_choice":"Offered Curse","damage_taken":0,"relics_obtained":["Spirit Poop"],"max_hp_gain":0,"max_hp_loss":0,"event_name":"Bonfire Elementals","floor":14,"gold_loss":0},{"damage_healed":0,"gold_gain":0,"player_choice":"Forge","damage_taken":0,"max_hp_gain":0,"max_hp_loss":0,"event_name":"Accursed Blacksmith","floor":22,"gold_loss":0,"cards_upgraded":["MysteriousBeam"]}],"is_beta":false,"boss_relics":[{"not_picked":["Tiny House","Runic Pyramid"],"picked":"Honey Jar"},{"not_picked":["Kintsugi","ExperimentalFamiliar"],"picked":"RampagingMagicTools"}],"items_purged_floors":[],"is_endless":false,"potions_floor_spawned":[1,15,18,20,21,24,30,31,37],"killed_by":"Reptomancer","ascension_level":1}}