{"host":"utqe55yv0jihe4d6","time":1608390348,"event":{"mods":["2.2 Compatiblity","AchievementEnabler","BaseMod","Block Reminder","Colored Map","Colored Powertips","Minty Spire (QoL Compilation)","Quick Restart","Rare Cards Sparkle","Relic Stats","SuperFastMode"],"gold_per_floor":[112,1,17,17,17,48,65,65,65,65,77,55,82,99,99,178,178,190,190,207,221,231,231,231],"floor_reached":23,"playtime":907,"items_purged":["Strike_G"],"score":510,"play_id":"4ec6b795-8352-418e-a0d9-cd910dfe5f76","local_time":"20201219100548","is_ascension_mode":true,"campfire_choices":[{"data":"Neutralize","floor":8.0,"key":"SMITH"},{"data":"Predator","floor":10.0,"key":"SMITH"},{"data":"Terror","floor":15,"key":"SMITH"}],"circlet_count":0,"master_deck":["AscendersBane","Strike_G","Strike_G","Strike_G","Defend_G","Defend_G","Defend_G","Defend_G","Defend_G","Survivor","Neutralize+1","Caltrops","Predator+1","Dagger Throw","Bouncing Flask","Heel Hook","Slice","Terror+1","Dodge and Roll","Malaise","Deflect+1","Deadly Poison"],"relics":["Ring of the Snake","NeowsBlessing","FossilizedHelix","Anchor","Kunai","Happy Flower","Runic Pyramid"],"acts_visited":["Exordium","TheCity"],"potions_floor_usage":[13,22],"damage_taken":[{"damage":0.0,"enemies":"Cultist","floor":1.0,"turns":1.0},{"damage":0.0,"enemies":"Jaw Worm","floor":3.0,"turns":1.0},{"damage":0.0,"enemies":"Lagavulin","floor":6.0,"turns":1.0},{"damage":0.0,"enemies":"Small Slimes","floor":7.0,"turns":3.0},{"damage":0.0,"enemies":"Red Slaver","floor":11.0,"turns":3.0},{"damage":0,"enemies":"Exordium Thugs","floor":12,"turns":4},{"damage":0,"enemies":"Gremlin Nob","floor":13,"turns":3},{"damage":0,"enemies":"Exordium Wildlife","floor":14,"turns":4},{"damage":6,"enemies":"The Guardian","floor":16,"turns":10},{"damage":20,"enemies":"Spheric Guardian","floor":18,"turns":6},{"damage":0,"enemies":"Shell Parasite","floor":20,"turns":5},{"damage":5,"enemies":"Snake Plant","floor":21,"turns":5},{"damage":0,"enemies":"Shelled Parasite and Fungi","floor":22,"turns":6},{"damage":74,"enemies":"Gremlin Leader","floor":23,"turns":6}],"seed_played":"5420724336055833923","potions_obtained":[{"floor":1.0,"key":"BlessingOfTheForge"},{"floor":7.0,"key":"AttackPotion"},{"floor":21,"key":"Ancient Potion"}],"is_trial":false,"path_per_floor":["M","$","M","?","?","E","M","R","T","R","M","M","E","M","R","B",null,"M","?","M","M","M","E"],"character_chosen":"THE_SILENT","items_purchased":["Eviscerate"],"campfire_rested":0,"item_purchase_floors":[2],"current_hp_per_floor":[59,59,59,48,48,48,48,48,48,48,48,48,48,48,48,42,60,40,66,66,61,61,0,0],"gold":231,"neow_bonus":"THREE_ENEMY_KILL","is_daily":false,"chose_seed":false,"campfire_upgraded":3,"win_rate":0.0,"timestamp":1608390348,"path_taken":["M","$","?","?","?","E","M","R","T","R","M","M","E","?","R","BOSS","M","?","M","M","?","E"],"items_purchased_type":["Card"],"build_version":"2020-12-13","purchased_purges":1,"victory":false,"max_hp_per_floor":[66,66,66,66,66,66,66,66,66,66,66,66,66,66,66,66,66,66,66,66,66,66,66,66],"relic_stats":{"Happy Flower":[14],"counters":[14,58],"Kunai":[19],"obtain_stats":[{"Anchor":6,"NeowsBlessing":0,"Happy Flower":13,"Kunai":9,"FossilizedHelix":4,"Ring of the Snake":0,"Runic Pyramid":17},{"Anchor":3,"NeowsBlessing":0,"Happy Flower":7,"Kunai":4,"FossilizedHelix":2,"Ring of the Snake":0,"Runic Pyramid":9},{"Anchor":3,"NeowsBlessing":0,"Happy Flower":16,"Kunai":6,"FossilizedHelix":2,"Ring of the Snake":0,"Runic Pyramid":30}],"Ring of the Snake":[28]},"card_choices":[{"not_picked":["Sucker Punch","Concentrate"],"picked":"Caltrops","floor":1.0},{"not_picked":["Blade Dance","PiercingWail"],"picked":"Predator","floor":3.0},{"not_picked":["Bullet Time","Blade Dance"],"picked":"Dagger Throw","floor":6.0},{"not_picked":["Poisoned Stab","Setup"],"picked":"Bouncing Flask","floor":7.0},{"not_picked":["Prepared","Setup"],"picked":"Heel Hook","floor":11.0},{"not_picked":["Backflip","Finisher"],"picked":"Slice","floor":12},{"not_picked":["Outmaneuver","Backflip"],"picked":"Terror","floor":13},{"not_picked":["Poisoned Stab","Blur"],"picked":"Dodge and Roll","floor":14},{"not_picked":["Night Terror","A Thousand Cuts"],"picked":"Malaise","floor":16},{"not_picked":["Dodge and Roll","Finisher"],"picked":"Deflect+1","floor":18},{"not_picked":["Well Laid Plans","Dagger Throw","Sucker Punch"],"picked":"SKIP","floor":20},{"not_picked":["Deflect","Expertise","Bouncing Flask"],"picked":"SKIP","floor":21},{"not_picked":["Expertise+1","Setup"],"picked":"Deadly Poison","floor":22}],"player_experience":2800417,"relics_obtained":[{"floor":6.0,"key":"Anchor"},{"floor":9.0,"key":"Kunai"},{"floor":13,"key":"Happy Flower"}],"event_choices":[{"damage_healed":0.0,"max_hp_gain":0.0,"max_hp_loss":0.0,"gold_gain":0.0,"event_name":"Scrap Ooze","player_choice":"Success","floor":4.0,"gold_loss":0.0,"damage_taken":11.0,"relics_obtained":["FossilizedHelix"]},{"cards_removed":["Strike_G"],"damage_healed":0.0,"max_hp_gain":0.0,"max_hp_loss":0.0,"gold_gain":0.0,"event_name":"Purifier","player_choice":"Purged","floor":5.0,"gold_loss":0.0,"damage_taken":0.0},{"cards_removed":["Eviscerate"],"damage_healed":26,"gold_gain":0,"player_choice":"Offered Uncommon","damage_taken":0,"max_hp_gain":0,"max_hp_loss":0,"event_name":"Bonfire Elementals","floor":19,"gold_loss":0}],"is_beta":false,"boss_relics":[{"not_picked":["SlaversCollar","Pandora\u0027s Box"],"picked":"Runic Pyramid"}],"items_purged_floors":[2],"is_endless":false,"potions_floor_spawned":[1,7,11,21],"killed_by":"Gremlin Leader","ascension_level":20}}