{"host":"ya062ahhhuj9au1o","time":1608403487,"event":{"mods":["BaseMod","Better Third Choice","Filter the Spire","Hermit","Minty Spire (QoL Compilation)","Random Character Button","Robot Space Explorer","Somnambulant","StSLib","The Bug Knight","The Cursed","The Servant 0.9.4"],"gold_per_floor":[362,92,92,92,106,106,117,117,141,141,161,161,191,211,211,316,316,316,316],"floor_reached":18,"playtime":1486,"items_purged":["somnambulantmod: AllForNothing"],"score":259,"play_id":"964be4ea-8ba9-426b-bc7c-5ec8142e5367","local_time":"20201219134447","is_ascension_mode":true,"campfire_choices":[{"data":"somnambulantmod: PrimingPunch","floor":6.0,"key":"SMITH"},{"data":"somnambulantmod: Blink","floor":8.0,"key":"SMITH"},{"data":"somnambulantmod: QuickNap","floor":10.0,"key":"SMITH"},{"floor":15.0,"key":"REST"}],"circlet_count":0,"master_deck":["somnambulantmod: SomnambulantStrike","somnambulantmod: SomnambulantStrike","somnambulantmod: SomnambulantStrike","somnambulantmod: SomnambulantStrike","somnambulantmod: SomnambulantStrike","somnambulantmod: Defend_Somnambulant","somnambulantmod: Defend_Somnambulant","somnambulantmod: Defend_Somnambulant","somnambulantmod: Defend_Somnambulant","somnambulantmod: Defend_Somnambulant+1","somnambulantmod: QuickNap+1","somnambulantmod: PrimingPunch+1","somnambulantmod: Blink+1","somnambulantmod: HappyThoughts","somnambulantmod: SleepingBody","somnambulantmod: Remember","somnambulantmod: Hush","somnambulantmod: Reinterpret"],"relics":["somnambulantmod: DreamJournal","somnambulantmod: DementingVeil","Ancient Tea Set","Dream Catcher","CeramicFish","Philosopher\u0027s Stone"],"acts_visited":["Exordium","TheCity"],"potions_floor_usage":[],"damage_taken":[{"damage":2.0,"enemies":"2 Louse","floor":1.0,"turns":2.0},{"damage":0.0,"enemies":"Small Slimes","floor":5.0,"turns":3.0},{"damage":16.0,"enemies":"Jaw Worm","floor":7.0,"turns":5.0},{"damage":5.0,"enemies":"2 Fungi Beasts","floor":11.0,"turns":4.0},{"damage":0.0,"enemies":"Lagavulin","floor":13.0,"turns":5.0},{"damage":8.0,"enemies":"Blue Slaver","floor":14.0,"turns":4.0},{"damage":38.0,"enemies":"Slime Boss","floor":16.0,"turns":9.0},{"damage":0,"enemies":"2 Thieves","floor":18,"turns":1}],"seed_played":"7341266357396560899","potions_obtained":[{"floor":1.0,"key":"ColorlessPotion"},{"floor":13.0,"key":"Regen Potion"},{"floor":16.0,"key":"PowerPotion"}],"is_trial":false,"path_per_floor":["M","$","?","?","M","R","M","R","T","R","M","?","E","M","R","B",null,"M"],"character_chosen":"THE_SOMNAMBULANT","items_purchased":["somnambulantmod: DementingVeil","somnambulantmod: Blink"],"campfire_rested":1,"item_purchase_floors":[2,2],"current_hp_per_floor":[43,43,48,48,48,48,32,32,32,32,27,27,27,19,43,5,59,59,59],"gold":316,"neow_bonus":"TWO_FIFTY_GOLD","is_daily":false,"chose_seed":false,"campfire_upgraded":3,"win_rate":0.0,"timestamp":1608403487,"path_taken":["M","$","?","?","M","R","M","R","T","R","?","?","E","M","R","BOSS","M"],"items_purchased_type":["Relic","Card"],"build_version":"2020-12-13","purchased_purges":1,"victory":false,"max_hp_per_floor":[70,70,75,75,75,75,75,75,75,75,75,75,75,75,77,77,77,77,77],"card_choices":[{"not_picked":["somnambulantmod: Cower","somnambulantmod: NightmareFuel"],"picked":"somnambulantmod: AllForNothing","floor":1.0},{"not_picked":["somnambulantmod: Unmake","somnambulantmod: Repression"],"picked":"somnambulantmod: HappyThoughts","floor":5.0},{"not_picked":["somnambulantmod: BadIdea","somnambulantmod: Sleepyhead"],"picked":"somnambulantmod: SleepingBody","floor":7.0},{"not_picked":["somnambulantmod: TimeCompression","somnambulantmod: BadIdea"],"picked":"somnambulantmod: Remember","floor":11.0},{"not_picked":["somnambulantmod: HeavyLids","somnambulantmod: Nosebleed","somnambulantmod: Cower"],"picked":"SKIP","floor":13.0},{"not_picked":["somnambulantmod: Cower","somnambulantmod: RecurringDream"],"picked":"somnambulantmod: Hush","floor":14.0},{"not_picked":["somnambulantmod: Amnausea","somnambulantmod: NightHaunts"],"picked":"somnambulantmod: Reinterpret","floor":16.0}],"player_experience":1648205,"relics_obtained":[{"floor":9.0,"key":"Ancient Tea Set"},{"floor":13.0,"key":"CeramicFish"}],"event_choices":[{"damage_healed":0.0,"max_hp_gain":5.0,"max_hp_loss":0.0,"gold_gain":0.0,"event_name":"Big Fish","player_choice":"Donut","floor":3.0,"gold_loss":0.0,"damage_taken":0.0},{"damage_healed":0.0,"max_hp_gain":0.0,"max_hp_loss":0.0,"gold_gain":0.0,"event_name":"betterThird:BetterSerpent","player_choice":"Ignored","floor":4.0,"gold_loss":0.0,"damage_taken":92.0},{"damage_healed":0.0,"max_hp_gain":0.0,"max_hp_loss":0.0,"gold_gain":0.0,"event_name":"Dead Adventurer","player_choice":"Searched \u00271\u0027 times","floor":12.0,"gold_loss":0.0,"damage_taken":0.0,"relics_obtained":["Dream Catcher"]}],"is_beta":false,"boss_relics":[{"not_picked":["Astrolabe","Velvet Choker"],"picked":"Philosopher\u0027s Stone"}],"items_purged_floors":[2],"is_endless":false,"potions_floor_spawned":[1,13,16],"killed_by":"2 Thieves","ascension_level":8}}