{"host":"kz5asotxhrn0ke91","time":1608417672,"event":{"mods":["Act Like it!","Aspiration","Astrologer","BaseMod","CapriCore","Colored Map","Conspire","Downfall","Friendly Minions","Gensokyo","Hallownest","KomeijiMod","Marisa（F雨　魔理沙）","Minty Spire (QoL Compilation)","Quick Restart","StSLib","The Immortal","WarShipGirlsR/战舰少女R mod","vexMod","【东方二次创作】八云紫mod","【遗物Mod】死灵法师NEW"],"gold_per_floor":[110,122,122,141,241,241,321,321,347,347,362,362,362,375,375,471,471,488,501,501,456,93,126,126,145,145,145,163,163,163,191,191,292,292,305,72,232,251,251,251,283,283,283,283,314,314,314,314,314,414],"floor_reached":51,"playtime":1793,"items_purged":["Hallownest:curseDreamersLament"],"score":965,"play_id":"9c804ac9-7892-42b8-bd8f-5f899ca8cbcf","local_time":"20201220064112","is_ascension_mode":true,"campfire_choices":[{"data":"hexamod:SoulSteal","floor":6.0,"key":"SMITH"},{"data":"hexamod:PowerFromBeyond","floor":10.0,"key":"SMITH"},{"data":"hexamod:UnlimitedPower","floor":15.0,"key":"SMITH"},{"data":"hexamod:VolcanoVisage","floor":24.0,"key":"SMITH"},{"data":"hexamod:ChargedBarrage","floor":27.0,"key":"SMITH"},{"data":"hexamod:Float","floor":29.0,"key":"SMITH"},{"data":"hexamod:HeatMetal","floor":32.0,"key":"SMITH"},{"data":"hexamod:HexaLevel","floor":40,"key":"SMITH"},{"floor":42,"key":"REST"},{"data":"hexamod:PhantomFireball","floor":46,"key":"SMITH"},{"data":"hexamod:Defend","floor":49,"key":"SMITH"}],"circlet_count":0,"master_deck":["hexamod:Strike","hexamod:Strike","hexamod:Defend","hexamod:Defend","hexamod:Defend+1","hexamod:Float+1","hexamod:SoulSteal+1","hexamod:PowerFromBeyond+1","hexamod:ChargedBarrage+1","hexamod:HeatMetal+1","hexamod:FirstSeal","hexamod:UnlimitedPower+1","hexamod:PhantomFireball+1","hexamod:VolcanoVisage+1","hexamod:EtherealExpedition+1","hexamod:HexaLevel+1","CurseOfTheBell","hexamod:WildfireWeapon"],"relics":["hexamod:SpiritBrand","aspiration:Nostalgia","SpellCardsRule","Gensokyo:Justice","Smiling Mask","Philosopher\u0027s Stone","Hallownest:WatcherSealRelic","sneckomod:BlankCard","Orichalcum","Letter Opener","Eternal Feather","Juzu Bracelet","Calling Bell","Akabeko","MagicDraw3","SecretRecord","Membership Card","Guardian:PocketSentry","Hallownest:GodTamersBeastRelic","Boot","vexMod:BarristanHead","Centennial Puzzle","GodSword6"],"acts_visited":["Gensokyo:Gensokyo","Hallownest:CityofTears","Hallownest:KingdomsEdge"],"potions_floor_usage":[50],"damage_taken":[{"damage":1.0,"enemies":"Gensokyo:2_Kodama","floor":1.0,"turns":3.0},{"damage":1.0,"enemies":"Gensokyo:Python","floor":2.0,"turns":3.0},{"damage":3.0,"enemies":"Gensokyo:Gryphon","floor":4.0,"turns":4.0},{"damage":3.0,"enemies":"Gensokyo:3_Kodama","floor":11.0,"turns":3.0},{"damage":16.0,"enemies":"Gensokyo:Python_and_Kodama","floor":14.0,"turns":5.0},{"damage":14.0,"enemies":"Gensokyo:Yukari","floor":16.0,"turns":5.0},{"damage":16.0,"enemies":"Hallownest:Guard_and_Sentry","floor":18.0,"turns":4.0},{"damage":8.0,"enemies":"Hallownest:2_Mistakes","floor":19.0,"turns":4.0},{"damage":23.0,"enemies":"Hallownest:eliteSoulWarrior","floor":23.0,"turns":5.0},{"damage":4.0,"enemies":"Hallownest:Master_and_Novice","floor":25.0,"turns":2.0},{"damage":2.0,"enemies":"Hallownest:Warrior_and_Youth","floor":28.0,"turns":3.0},{"damage":0.0,"enemies":"Hallownest:Nosk","floor":31.0,"turns":6.0},{"damage":35.0,"enemies":"Hallownest:BossSoulMaster","floor":33.0,"turns":8.0},{"damage":0.0,"enemies":"Hallownest:3_Siblings","floor":35.0,"turns":1.0},{"damage":15.0,"enemies":"Hallownest:3_Siblings","floor":37.0,"turns":4.0},{"damage":2.0,"enemies":"Hallownest:3_Siblings","floor":37.0,"turns":4.0},{"damage":56.0,"enemies":"Hallownest:3_Siblings","floor":37.0,"turns":5.0},{"damage":0.0,"enemies":"Hallownest:3_Siblings","floor":37.0,"turns":3.0},{"damage":11,"enemies":"Hallownest:Shield_Heavy","floor":38,"turns":4},{"damage":24,"enemies":"Hallownest:eliteHiveKnight","floor":41,"turns":6},{"damage":2,"enemies":"Hallownest:StalkingDevout","floor":45,"turns":5},{"damage":55,"enemies":"Hallownest:BossHollowKnight","floor":50,"turns":7}],"seed_played":"3516725362900405629","potions_obtained":[{"floor":1.0,"key":"Dexterity Potion"},{"floor":11.0,"key":"EntropicBrew"},{"floor":16.0,"key":"SteroidPotion"},{"floor":25.0,"key":"Regen Potion"},{"floor":28.0,"key":"Dexterity Potion"},{"floor":41,"key":"Regen Potion"}],"is_trial":false,"path_per_floor":["M","M","?","M","?","R","?","?","T","R","M","?","?","M","R","B",null,"M","M","?","?","$","E","R","M","T","R","M","R","?","E","R","B",null,"M","$","?","M","?","R","E","R","T","T","E","R","?","?","R","B",null],"character_chosen":"THE_SPIRIT","items_purchased":["sneckomod:BlankCard","Orichalcum","Membership Card","Guardian:PocketSentry"],"campfire_rested":1,"item_purchase_floors":[22,22,36,36],"current_hp_per_floor":[69,68,68,65,65,65,65,65,65,65,62,62,34,25,25,11,70,61,60,60,60,60,44,44,54,54,63,68,70,70,70,70,35,70,70,70,38,35,35,44,28,58,58,58,64,70,70,70,70,23],"gold":414,"neow_bonus":"NOSTALGIA","is_daily":false,"chose_seed":false,"campfire_upgraded":10,"win_rate":0.0,"timestamp":1608417672,"path_taken":["M","M","?","M","?","R","?","?","T","R","?","?","?","M","R","BOSS","M","?","?","?","$","E","R","M","T","R","M","R","?","E","R","BOSS","M","$","?","M","?","R","E","R","T","?","E","R","?","?","R","BOSS"],"items_purchased_type":["Relic","Relic","Relic","Relic"],"build_version":"2020-12-13","purchased_purges":1,"victory":true,"max_hp_per_floor":[70,70,70,70,70,70,70,70,70,70,70,70,70,70,70,70,70,70,70,70,70,70,70,70,70,70,70,70,70,70,70,70,70,70,70,70,70,70,70,70,70,70,70,70,70,70,70,70,70,70],"card_choices":[{"not_picked":["hexamod:SkipABeat","hexamod:BacktrackSmack"],"picked":"hexamod:SoulSteal","floor":1.0},{"not_picked":["hexamod:Firestarter","hexamod:ShieldOfDarkness"],"picked":"hexamod:Hexaguard","floor":2.0},{"not_picked":["hexamod:SwordOfDarkness","hexamod:SpectersWail"],"picked":"hexamod:PowerFromBeyond","floor":4.0},{"not_picked":["hexamod:BurningTouch","hexamod:NightmareStrike"],"picked":"hexamod:ChargedBarrage","floor":8.0},{"not_picked":["hexamod:FastForward","hexamod:SwordOfDarkness"],"picked":"hexamod:HeatMetal","floor":8.0},{"not_picked":["hexamod:SpectersWail","hexamod:NecessarySacrifice"],"picked":"hexamod:FirstSeal","floor":11.0},{"not_picked":[],"picked":"hexamod:UnlimitedPower","floor":12.0},{"not_picked":["hexamod:BurningTouch","hexamod:RadiantFlame"],"picked":"hexamod:PhantomFireball","floor":14.0},{"not_picked":["hexamod:ApocalypticArmor","hexamod:GhostflameInferno"],"picked":"hexamod:VolcanoVisage","floor":16.0},{"not_picked":["hexamod:GhostOfSpirePast","hexamod:Hexaguard","hexamod:Incineration"],"picked":"SKIP","floor":18.0},{"not_picked":["hexamod:SkipABeat+1","hexamod:RecurringNightmare","hexamod:BurningTouch"],"picked":"SKIP","floor":19.0},{"not_picked":["hexamod:SwordOfDarkness","hexamod:SpectralAdrenaline+1","hexamod:HauntingEcho+1"],"picked":"SKIP","floor":23.0},{"not_picked":["hexamod:SpectralAdrenaline","hexamod:Firestarter","hexamod:InspiringFlames"],"picked":"SKIP","floor":25.0},{"not_picked":["hexamod:SwordOfDarkness+1","hexamod:NightmareStrike+1","hexamod:InspiringFlames"],"picked":"SKIP","floor":28.0},{"not_picked":["hexamod:NecessarySacrifice+1","hexamod:Again"],"picked":"hexamod:EtherealExpedition+1","floor":31.0},{"not_picked":["hexamod:VolcanoVisage","hexamod:WildfireWeapon"],"picked":"hexamod:HexaLevel","floor":33.0},{"not_picked":["hexamod:HauntingEcho+1","hexamod:GhostShield","hexamod:NightmareGuise"],"picked":"SKIP","floor":35.0},{"not_picked":["hexamod:ThermalTransfer","hexamod:SkipABeat+1","hexamod:Firestarter+1"],"picked":"SKIP","floor":38},{"not_picked":["hexamod:SixthSeal","hexamod:Firestarter","hexamod:GhostOfSpireFuture+1"],"picked":"SKIP","floor":41},{"not_picked":["hexamod:BurningTouch+1","hexamod:Hexaguard+1","hexamod:RetreatToShadows"],"picked":"SKIP","floor":45},{"not_picked":["hexamod:ParanormalForm","hexamod:UnlimitedPower"],"picked":"hexamod:WildfireWeapon","floor":50}],"player_experience":730229,"relics_obtained":[{"floor":9.0,"key":"Smiling Mask"},{"floor":23.0,"key":"Letter Opener"},{"floor":26.0,"key":"Eternal Feather"},{"floor":31.0,"key":"Juzu Bracelet"},{"floor":34.0,"key":"Akabeko"},{"floor":34.0,"key":"MagicDraw3"},{"floor":34.0,"key":"SecretRecord"},{"floor":41,"key":"Boot"},{"floor":43,"key":"vexMod:BarristanHead"},{"floor":44,"key":"Centennial Puzzle"},{"floor":45,"key":"GodSword6"}],"event_choices":[{"damage_healed":0,"gold_gain":0,"player_choice":"Leave","damage_taken":0,"max_hp_gain":0,"max_hp_loss":0,"event_name":"conspire:Investor","floor":48,"gold_loss":0}],"is_beta":false,"boss_relics":[{"not_picked":["Black Star","vexMod:TanglingVine"],"picked":"Philosopher\u0027s Stone"},{"not_picked":["conspire:RoyalGoblet","conspire:SpecialSausage"],"picked":"Calling Bell"}],"items_purged_floors":[22],"is_endless":false,"potions_floor_spawned":[1,11,16,25,28,31,37,37,38,41,45],"ascension_level":2}}