{"host":"csp9nt53rootlkah","time":1608380114,"event":{"mods":["Act Like it!","BaseMod","Colored Powertips","Friendly Minions","Gensokyo","Highlight Path","Mari Mod (Legacy)","Mari\u0027s V1 Patch","Minty Spire (QoL Compilation)","Quick Restart","Replay The Spire","StSLib","TestMod","The Factory","The Jungle","UnlockEverythingMod"],"gold_per_floor":[154,154,28,49,71,71,96,96],"floor_reached":7,"playtime":817,"items_purged":["MariMod:Mari_Strike"],"score":51,"play_id":"0e33d517-269a-4efa-b43f-f833faf53743","local_time":"20201219201514","is_ascension_mode":false,"campfire_choices":[{"data":"MariMod:Mari_Fragile_Hope","floor":6,"key":"SMITH"}],"circlet_count":0,"master_deck":["MariMod:Mari_Strike","MariMod:Mari_Strike","MariMod:Mari_Strike","MariMod:Mari_Strike","MariMod:Mari_Defend","MariMod:Mari_Defend","MariMod:Mari_Defend","MariMod:Mari_Defend","MariMod:Mari_Defend","MariMod:Mari_Reminisce","MariMod:Mari_Debut","MariMod:Mari_Defiance","MariMod:Mari_Fragile_Hope+1","MariMod:Mari_Tough_Front"],"relics":["MariMod:MariTheSpark","testmod-TestBox","testmod-PortableAltar","NeowsBlessing","Gensokyo:NagashiBinaDoll","Replay:Baseball"],"acts_visited":["Gensokyo:Gensokyo"],"potions_floor_usage":[],"damage_taken":[{"damage":2,"enemies":"Gensokyo:3_Fairies","floor":1,"turns":2},{"damage":1,"enemies":"Gensokyo:Python","floor":4,"turns":1},{"damage":1,"enemies":"Gensokyo:2_Kodama","floor":5,"turns":2},{"damage":30,"enemies":"Gensokyo:Mamizou","floor":7,"turns":16}],"seed_played":"-55269361155886877","potions_obtained":[{"floor":4,"key":"EssenceOfSteel"},{"floor":7,"key":"Regen Potion"}],"is_trial":false,"path_per_floor":["M","?","$","M","M","R","E"],"character_chosen":"MARI","items_purchased":["MariMod:Mari_Fragile_Hope"],"campfire_rested":0,"item_purchase_floors":[3],"current_hp_per_floor":[69,69,69,67,66,66,35,35],"gold":96,"neow_bonus":"THREE_ENEMY_KILL","is_daily":false,"chose_seed":false,"campfire_upgraded":1,"win_rate":0.0,"timestamp":1608380114,"path_taken":["M","?","$","M","M","R","E"],"items_purchased_type":["Card"],"build_version":"2020-12-13","purchased_purges":1,"victory":false,"max_hp_per_floor":[71,70,69,68,67,66,65,65],"card_choices":[{"not_picked":["MariMod:Mari_Pent_Up_Emotions","MariMod:Mari_Boundless_Energy"],"picked":"MariMod:Mari_Defiance","floor":1},{"not_picked":["MariMod:Mari_Lie_In_Wait","MariMod:Mari_Slap","MariMod:Mari_Mic_Check"],"picked":"SKIP","floor":4},{"not_picked":["MariMod:Mari_Hug","MariMod:Mari_No_Problem"],"picked":"MariMod:Mari_Tough_Front","floor":5}],"player_experience":111465,"relics_obtained":[{"floor":7,"key":"Replay:Baseball"}],"event_choices":[],"is_beta":false,"boss_relics":[],"items_purged_floors":[3],"is_endless":false,"potions_floor_spawned":[4,7],"killed_by":"Gensokyo:Mamizou","ascension_level":0}}