{"host":"lw874zp3en0pz6a7","time":1608374966,"event":{"mods":["Act Like it!","BaseMod","Downfall","Key Reminder","KinomotoSakuraMod(木之本樱)","LagranYue(拉格朗・月)","Luminous","Marisa（F雨　魔理沙）","Minty Spire (QoL Compilation)","Quick Restart","READ ME - Guardian Mod","Reimu（博丽灵梦）","Remilia（蕾米莉亚）","Replay The Spire","SIMod","SOS（斯巴达之子）","Shop Mod","StSLib","Td1madao Mod","The Administrix","The Bladedancer","The Bug Knight","The Construct","The Cursed","The Gatherer","The Runesmith","The Servant 0.9.4","WarShipGirlsR/战舰少女R mod","Youmu（魂魄妖梦）","[地精首领爬塔]The Maniac","vexMod"],"gold_per_floor":[117,42,52,52,227,258,277,277,277,295,295,313,313,345,345,449,449,463,363,318,299,313,313,348,423,423,423,17,48,59,74,74,174,474,489,503,519,535,554,589,604,631,656,25,25,54,70,102,102,102,102,102,54,87,67],"floor_reached":56,"playtime":3472,"items_purged":["TheCursedMod:Strike_TheCursed","TheCursedMod:Strike_TheCursed","TheCursedMod:Strike_TheCursed","TheCursedMod:Strike_TheCursed+1"],"score":1790,"play_id":"5f290274-d0d1-4396-84f5-56618c99e60f","local_time":"20201219184926","is_ascension_mode":true,"campfire_choices":[{"data":"TheCursedMod:CircleOfCorruption","floor":8.0,"key":"SMITH"},{"data":"TheCursedMod:CleanUpWorkshop","floor":11.0,"key":"SMITH"},{"data":"TheCursedMod:EmpowerCircles","floor":15.0,"key":"SMITH"},{"data":"TheCursedMod:DemonicPact","floor":23.0,"key":"SMITH"},{"data":"TheCursedMod:HellfireBreathing","floor":27,"key":"SMITH"},{"data":"TheCursedMod:SpitefulPlan","floor":32,"key":"SMITH"},{"data":"TheCursedMod:ReleasedKnowledge","floor":45,"key":"SMITH"},{"floor":49,"key":"RECALL"},{"data":"TheCursedMod:Obscuration","floor":52,"key":"SMITH"}],"circlet_count":0,"master_deck":["TheCursedMod:Defend_TheCursed","TheCursedMod:Defend_TheCursed","TheCursedMod:Defend_TheCursed","TheCursedMod:Defend_TheCursed","TheCursedMod:CursedWand+1","TheCursedMod:CleanUpWorkshop+1","TheCursedMod:Dregs","TheCursedMod:CircleOfCorruption+1","TheCursedMod:Wield+1","Doubt","TheCursedMod:SmokeScreen","TheCursedMod:WearCloak","TheCursedMod:EmpowerCircles+1","TheCursedMod:DemonicPact+1","TheCursedMod:CircleOfCorruption+1","TheCursedMod:HellfireBreathing+1","TheCursedMod:RapidMovement","TheCursedMod:SpitefulPlan+1","TheCursedMod:CollectTribute","CurseOfTheBell","TheCursedMod:SpitefulPray","TheCursedMod:WearCloak+1","TheCursedMod:SurpriseAttack","TheCursedMod:HellfireBreathing+1","TheCursedMod:ReleasedKnowledge+1","TheCursedMod:Obscuration+1"],"relics":["TheCursedMod:BlackMagicAdvanced","LagranYue:RandomDrawCardRelic","NeowsBlessing","PureWhite:ReiMu","Pantograph","HornCleat","LagranYue:WskJewelryRelic","Sundial","Mummified Hand","Mirror","Calling Bell","Bag of Preparation","Onion Ring","Old Coin","RuthlessExorcism:ReiMu","Calipers","Pet Ghost","Strawberry","Bag of Marbles","vexMod:MemoryStick","Replay:Bottled Steam"],"acts_visited":["Exordium","TheCity","TheBeyond","TheEnding"],"potions_floor_usage":[47,50,55,55,55],"damage_taken":[{"damage":0.0,"enemies":"Small Slimes","floor":1.0,"turns":1.0},{"damage":0.0,"enemies":"Jaw Worm","floor":3.0,"turns":1.0},{"damage":0.0,"enemies":"Gremlin Nob","floor":6.0,"turns":1.0},{"damage":0.0,"enemies":"Cultist","floor":7.0,"turns":3.0},{"damage":0.0,"enemies":"Looter","floor":10.0,"turns":3.0},{"damage":0.0,"enemies":"Exordium Wildlife","floor":12.0,"turns":2.0},{"damage":11.0,"enemies":"3 Sentries","floor":14.0,"turns":6.0},{"damage":12.0,"enemies":"The Guardian","floor":16.0,"turns":12.0},{"damage":0.0,"enemies":"Shell Parasite","floor":18.0,"turns":6.0},{"damage":7.0,"enemies":"2 Thieves","floor":21.0,"turns":5.0},{"damage":0.0,"enemies":"3 Cultists","floor":22.0,"turns":5.0},{"damage":0.0,"enemies":"HollowMod:Nosk","floor":24.0,"turns":5.0},{"damage":0,"enemies":"Book of Stabbing","floor":29,"turns":3},{"damage":0,"enemies":"Snecko","floor":30,"turns":3},{"damage":0,"enemies":"Cultist and Chosen","floor":31,"turns":3},{"damage":0,"enemies":"Pondfish","floor":33,"turns":6},{"damage":0,"enemies":"Orb Walker","floor":35,"turns":2},{"damage":0,"enemies":"3 Shapes","floor":36,"turns":3},{"damage":0,"enemies":"3 Darklings","floor":37,"turns":2},{"damage":0,"enemies":"Sphere and 2 Shapes","floor":38,"turns":3},{"damage":0,"enemies":"Transient","floor":39,"turns":5},{"damage":0,"enemies":"HollowMod:StalkingDevout","floor":40,"turns":2},{"damage":0,"enemies":"Maw","floor":41,"turns":3},{"damage":0,"enemies":"R_Hoarder","floor":42,"turns":5},{"damage":0,"enemies":"Reptomancer","floor":46,"turns":2},{"damage":0,"enemies":"Sphere and 2 Shapes","floor":47,"turns":1},{"damage":0,"enemies":"Giant Head","floor":48,"turns":4},{"damage":0,"enemies":"Time Eater","floor":50,"turns":5},{"damage":0,"enemies":"Shield and Spear","floor":54,"turns":3},{"damage":5,"enemies":"The Heart","floor":55,"turns":6}],"seed_played":"-8767818557402284934","potions_obtained":[{"floor":6.0,"key":"Swift Potion"},{"floor":7.0,"key":"Explosive Potion"},{"floor":16.0,"key":"ColorlessPotion"},{"floor":24.0,"key":"Venom Potion"},{"floor":29,"key":"Dexterity Potion"},{"floor":31,"key":"PowerPotion"},{"floor":33,"key":"PowerPotion"},{"floor":47,"key":"Fruit Juice"},{"floor":48,"key":"Strength Potion"},{"floor":54,"key":"PowerPotion"}],"is_trial":false,"path_per_floor":["M","$","M","?","?","E","M","R","T","M","R","M","?","E","R","B",null,"M","$","?","M","M","R","E","?","T","R","$","E","M","M","R","B",null,"M","M","M","M","M","E","M","E","T","$","R","E","M","E","R","B",null,"R","$","E","B",null],"character_chosen":"THE_CURSED","items_purchased":["TheCursedMod:RapidMovement","Mummified Hand","TheCursedMod:HellfireBreathing+1","TheCursedMod:ReleasedKnowledge","TheCursedMod:Obscuration","Pet Ghost","Strawberry","Dexterity Potion"],"campfire_rested":0,"item_purchase_floors":[28,28,44,44,44,44,44,53],"current_hp_per_floor":[75,75,75,60,60,60,60,60,60,60,60,60,60,49,49,62,75,75,75,75,68,68,68,68,61,61,61,61,61,61,61,61,75,75,75,75,75,75,75,75,75,75,75,82,82,82,87,87,87,87,87,87,87,87,82],"gold":67,"neow_bonus":"THREE_ENEMY_KILL","is_daily":false,"chose_seed":false,"campfire_upgraded":8,"win_rate":0.0,"timestamp":1608374966,"path_taken":["M","$","M","?","?","E","M","R","T","M","R","M","?","E","R","BOSS","M","$","?","M","M","R","E","?","T","R","$","E","M","M","R","BOSS","M","M","M","?","M","E","M","E","T","$","R","E","M","E","R","BOSS","R","$","E","BOSS"],"items_purchased_type":["Card","Relic","Card","Card","Card","Relic","Relic","Potion"],"build_version":"2020-12-13","purchased_purges":4,"victory":true,"max_hp_per_floor":[75,75,75,75,75,75,75,75,75,75,75,75,75,75,75,75,75,75,75,75,75,75,75,75,75,75,75,75,75,75,75,75,75,75,75,75,75,75,75,75,75,75,75,82,82,82,87,87,87,87,87,87,87,87,87],"card_choices":[{"not_picked":["TheCursedMod:CursedStaff","TheCursedMod:AshesToAshes"],"picked":"TheCursedMod:CircleOfCorruption","floor":1.0},{"not_picked":["TheCursedMod:Stretching","TheCursedMod:VitalStrike"],"picked":"TheCursedMod:Wield","floor":3.0},{"not_picked":["TheCursedMod:PrepareRite","TheCursedMod:LuckyCharm","TheCursedMod:CursedSpellbook"],"picked":"SKIP","floor":6.0},{"not_picked":["TheCursedMod:PrepareRite","TheCursedMod:LuckyCharm","TheCursedMod:CursedSpellbook"],"picked":"SKIP","floor":6.0},{"not_picked":["TheCursedMod:CursedShiv","TheCursedMod:CursedBlade"],"picked":"TheCursedMod:SmokeScreen","floor":7.0},{"not_picked":["TheCursedMod:Torture","TheCursedMod:SmokeScreen"],"picked":"TheCursedMod:WearCloak","floor":10.0},{"not_picked":["TheCursedMod:CircleOfFlame","TheCursedMod:Stretching"],"picked":"TheCursedMod:EmpowerCircles","floor":12.0},{"not_picked":["TheCursedMod:SoulReap","TheCursedMod:AbyssShockwave","TheCursedMod:BloodBarrier"],"picked":"SKIP","floor":14.0},{"not_picked":["TheCursedMod:UltimatePain","TheCursedMod:OutForBlood"],"picked":"TheCursedMod:DemonicPact","floor":16.0},{"not_picked":["TheCursedMod:Torture","TheCursedMod:Stigma","TheCursedMod:RavingStaff"],"picked":"SKIP","floor":18.0},{"not_picked":["TheCursedMod:TacticalStrike","TheCursedMod:CircleOfFlame"],"picked":"TheCursedMod:CircleOfCorruption+1","floor":21.0},{"not_picked":["TheCursedMod:Wield","TheCursedMod:CursedMace"],"picked":"TheCursedMod:HellfireBreathing","floor":22.0},{"not_picked":["TheCursedMod:RavingStaff","TheCursedMod:OutForBlood","TheCursedMod:Wield"],"picked":"SKIP","floor":24.0},{"not_picked":["TheCursedMod:CircleOfCorruption","TheCursedMod:FleshFromBone"],"picked":"TheCursedMod:SpitefulPlan","floor":29},{"not_picked":["TheCursedMod:AbyssShockwave+1","TheCursedMod:CursedBlade","TheCursedMod:TroublousMinions+1"],"picked":"SKIP","floor":30},{"not_picked":["TheCursedMod:Evocation+1","TheCursedMod:RapidMovement+1","TheCursedMod:CursedBlade"],"picked":"SKIP","floor":31},{"not_picked":["TheCursedMod:DemonicPact","TheCursedMod:DarkBarrier"],"picked":"TheCursedMod:CollectTribute","floor":33},{"not_picked":["TheCursedMod:CursedBlade+1","TheCursedMod:Stigma+1","TheCursedMod:FleshFromBone+1"],"picked":"SKIP","floor":35},{"not_picked":["TheCursedMod:Obscuration","TheCursedMod:StingEye"],"picked":"TheCursedMod:SpitefulPray","floor":36},{"not_picked":["TheCursedMod:Obscuration","TheCursedMod:CircleOfFocus"],"picked":"TheCursedMod:WearCloak+1","floor":37},{"not_picked":["TheCursedMod:CursedShiv","TheCursedMod:RavingStaff","TheCursedMod:SoulCrush+1"],"picked":"SKIP","floor":38},{"not_picked":["TheCursedMod:FuryStrike","TheCursedMod:WearCloak"],"picked":"TheCursedMod:SurpriseAttack","floor":39},{"not_picked":["TheCursedMod:TacticalStrike+1","TheCursedMod:Wield","TheCursedMod:SpitefulPray+1"],"picked":"SKIP","floor":40},{"not_picked":["TheCursedMod:SmokeScreen","TheCursedMod:CursedShiv","TheCursedMod:ManaBullet"],"picked":"SKIP","floor":41},{"not_picked":["TheCursedMod:CursedMace","TheCursedMod:OutForBlood","TheCursedMod:RavingStaff+1"],"picked":"SKIP","floor":42},{"not_picked":["TheCursedMod:VitalStrike","TheCursedMod:Stretching+1","TheCursedMod:Stigma+1"],"picked":"SKIP","floor":46},{"not_picked":["TheCursedMod:SmokeScreen+1","TheCursedMod:RapidMovement","TheCursedMod:Stretching+1"],"picked":"SKIP","floor":47},{"not_picked":["TheCursedMod:FleshFromBone+1","TheCursedMod:Obscuration+1","TheCursedMod:RapidMovement"],"picked":"SKIP","floor":48},{"not_picked":["TheCursedMod:CursedBlade","TheCursedMod:FuryStrike+1","TheCursedMod:Mangle"],"picked":"SKIP","floor":54}],"player_experience":274437,"relics_obtained":[{"floor":6.0,"key":"PureWhite:ReiMu"},{"floor":9.0,"key":"Pantograph"},{"floor":14.0,"key":"HornCleat"},{"floor":24.0,"key":"LagranYue:WskJewelryRelic"},{"floor":26,"key":"Sundial"},{"floor":29,"key":"Mirror"},{"floor":34,"key":"Bag of Preparation"},{"floor":34,"key":"Onion Ring"},{"floor":34,"key":"Old Coin"},{"floor":40,"key":"RuthlessExorcism:ReiMu"},{"floor":42,"key":"Calipers"},{"floor":46,"key":"Bag of Marbles"},{"floor":48,"key":"vexMod:MemoryStick"},{"floor":54,"key":"Replay:Bottled Steam"}],"event_choices":[{"damage_healed":0.0,"max_hp_gain":0.0,"max_hp_loss":0.0,"gold_gain":0.0,"event_name":"Shining Light","player_choice":"Entered Light","floor":4.0,"gold_loss":0.0,"damage_taken":15.0,"cards_upgraded":["TheCursedMod:CursedWand","TheCursedMod:Strike_TheCursed"]},{"damage_healed":0.0,"max_hp_gain":0.0,"max_hp_loss":0.0,"gold_gain":175.0,"event_name":"Liars Game","player_choice":"AGREE","floor":5.0,"gold_loss":0.0,"damage_taken":0.0,"cards_obtained":["Doubt"]},{"damage_healed":0.0,"max_hp_gain":0.0,"max_hp_loss":0.0,"gold_gain":75.0,"event_name":"FaceTrader","player_choice":"Touch","floor":25.0,"gold_loss":0.0,"damage_taken":7.0}],"is_beta":false,"boss_relics":[{"not_picked":["Replay:Wanted Poster","vexMod:CursedCompass"],"picked":"TheCursedMod:BlackMagicAdvanced"},{"not_picked":["SacredBark","Runic Dome"],"picked":"Calling Bell"}],"items_purged_floors":[2,19,28,44],"is_endless":false,"potions_floor_spawned":[6,7,16,24,29,30,31,33,35,36,38,39,47,48,54],"ascension_level":1}}