{"host":"0fmi5fguj5lvt8pf","time":1608418721,"event":{"mods":["BaseMod","BetterRewards","Colored Map","Curses Come First","Downfall","Minty Spire (QoL Compilation)","Permanent Neow","StSLib","Waifu the Spire"],"gold_per_floor":[99,112,135,207,72,72,72,83,83,111,4,29,46,71,81,186,236,236,261,275,275,375,423,423,451,451,489,279,294,314,342,360,456,456,231,231,250,85,103,139,163,335,335,373,140,166,166,166,198,198,198,255,111,111,111],"floor_reached":56,"playtime":6847,"items_purged":["hexamod:Defend","hexamod:Strike","hexamod:Defend","hexamod:Strike"],"score":1302,"play_id":"4cf253f5-d790-42c5-bb87-9816e4146813","local_time":"20201219145841","is_ascension_mode":false,"campfire_choices":[{"floor":1.0,"key":"RECALL"},{"data":"hexamod:RadiantFlame","floor":9.0,"key":"SMITH"},{"data":"hexamod:PhantomCloak","floor":18.0,"key":"SMITH"},{"floor":26.0,"key":"REST"},{"floor":35.0,"key":"DIG"},{"floor":43.0,"key":"REST"},{"floor":54,"key":"REST"}],"circlet_count":0,"master_deck":["hexamod:Strike+1","hexamod:Strike+1","hexamod:Defend+1","hexamod:Defend+1","hexamod:Sear+1","hexamod:Float+1","hexamod:CrushingStance+1","hexamod:SecondSeal","hexamod:CatchUp+1","hexamod:AdvancingGuard+1","hexamod:ThirdSeal","hexamod:AdvancingGuard+1","hexamod:RadiantFlame+1","hexamod:PhantomCloak+1","hexamod:Hexaguard+1","hexamod:FourthSeal","hexamod:SoulSteal+1","hexamod:NightmareGuise+1","hexamod:SixthSeal","hexamod:PhantomCloak+1","hexamod:Rewind+1","hexamod:FastForward+1","hexamod:FirstSeal","hexamod:GiftsFromTheDead+1","hexamod:Hexaguard+1","hexamod:FastForward+1","hexamod:HeatMetal+1","hexamod:RecurringNightmare+1","hexamod:ExtraCrispy+1","hexamod:CatchUp+1","hexamod:GhostOfSpirePast+1","hexamod:TimeOfNeed+1","hexamod:TimeOfNeed+1","hexamod:RadiantFlame+1","hexamod:FastForward+1","hexamod:TimeOfNeed+1","hexamod:PhantomFireball+1","hexamod:PowerFromBeyond+1","hexamod:ThermalTransfer+1","hexamod:Hexaguard+1","hexamod:GhostOfSpireFuture+1","hexamod:TimeOfNeed+1"],"relics":["hexamod:SpiritBrand","Bag of Preparation","Toxic Egg 2","Bronze Scales","Odd Mushroom","sneckomod:BlankCard","Tiny House","Shovel","Question Card","hexamod:MatchstickCase","Omamori","hexamod:IceCube","downfall:HeartBlessingRed","downfall:HeartBlessingGreen","downfall:HeartBlessingBlue","Juzu Bracelet","Whetstone","Pen Nib","War Paint","Happy Flower","hexamod:BolsterEngine","CeramicFish","Centennial Puzzle","OrangePellets"],"acts_visited":["Exordium","TheCity","TheBeyond","TheEnding"],"potions_floor_usage":[50,55],"damage_taken":[{"damage":0.0,"enemies":"Cultist","floor":2.0,"turns":3.0},{"damage":6.0,"enemies":"Jaw Worm","floor":3.0,"turns":4.0},{"damage":19.0,"enemies":"Gremlin Nob","floor":4.0,"turns":4.0},{"damage":0.0,"enemies":"downfall:FleeingMerchant","floor":5.0,"turns":4.0},{"damage":0.0,"enemies":"Small Slimes","floor":8.0,"turns":3.0},{"damage":18.0,"enemies":"Gremlin Nob","floor":10.0,"turns":4.0},{"damage":0.0,"enemies":"downfall:FleeingMerchant","floor":11.0,"turns":4.0},{"damage":6.0,"enemies":"The Mushroom Lair","floor":12.0,"turns":4.0},{"damage":0.0,"enemies":"Exordium Thugs","floor":13.0,"turns":4.0},{"damage":9.0,"enemies":"Blue Slaver","floor":15.0,"turns":3.0},{"damage":2.0,"enemies":"downfall:Silent","floor":16.0,"turns":6.0},{"damage":0.0,"enemies":"Chosen","floor":19.0,"turns":6.0},{"damage":20.0,"enemies":"Spheric Guardian","floor":20.0,"turns":6.0},{"damage":24.0,"enemies":"downfall:Defect","floor":22.0,"turns":9.0},{"damage":5.0,"enemies":"Snecko","floor":25.0,"turns":6.0},{"damage":32.0,"enemies":"Gremlin Leader","floor":27.0,"turns":9.0},{"damage":0.0,"enemies":"downfall:FleeingMerchant","floor":28.0,"turns":4.0},{"damage":0.0,"enemies":"3 Cultists","floor":29.0,"turns":4.0},{"damage":3.0,"enemies":"Snake Plant","floor":30.0,"turns":5.0},{"damage":12.0,"enemies":"Centurion and Healer","floor":31.0,"turns":6.0},{"damage":6.0,"enemies":"Shelled Parasite and Fungi","floor":32.0,"turns":5.0},{"damage":17.0,"enemies":"downfall:Ironclad","floor":33.0,"turns":10.0},{"damage":10.0,"enemies":"3 Darklings","floor":37.0,"turns":4.0},{"damage":16.0,"enemies":"downfall:FleeingMerchant","floor":38.0,"turns":4.0},{"damage":17.0,"enemies":"3 Shapes","floor":39.0,"turns":5.0},{"damage":60.0,"enemies":"Reptomancer","floor":40.0,"turns":7.0},{"damage":15.0,"enemies":"downfall:FleeingMerchant","floor":42.0,"turns":4.0},{"damage":19.0,"enemies":"Giant Head","floor":44.0,"turns":8.0},{"damage":0.0,"enemies":"3 Darklings","floor":46.0,"turns":6.0},{"damage":4,"enemies":"Writhing Mass","floor":49,"turns":5},{"damage":14,"enemies":"downfall:Defect","floor":50,"turns":9},{"damage":86,"enemies":"downfall:CharBossMerchant","floor":52,"turns":10},{"damage":30,"enemies":"downfall:NeowBoss","floor":55,"turns":31}],"seed_played":"-7973731027898194668","potions_obtained":[{"floor":2.0,"key":"SneckoOil"},{"floor":4.0,"key":"SteroidPotion"},{"floor":10.0,"key":"PowerPotion"},{"floor":15.0,"key":"Explosive Potion"},{"floor":16.0,"key":"Swift Potion"},{"floor":25.0,"key":"Strength Potion"},{"floor":25.0,"key":"SkillPotion"},{"floor":29.0,"key":"Energy Potion"},{"floor":32.0,"key":"Regen Potion"},{"floor":33.0,"key":"Fruit Juice"},{"floor":36.0,"key":"FairyPotion"},{"floor":36.0,"key":"FairyPotion"},{"floor":40.0,"key":"Swift Potion"},{"floor":52,"key":"Swift Potion"}],"is_trial":false,"path_per_floor":["R","M","M","?","$","?","T","M","R","E","$","?","M","T","M","B",null,"R","M","M","?","?","T","T","M","R","E","$","M","M","M","M","B",null,"R","?","M","$","M","E","T","$","R","E","$","M","T","?","M","B",null,"E","$","R","B",null],"character_chosen":"THE_SPIRIT","items_purchased":["hexamod:AdvancingGuard","hexamod:CatchUp+1","War Paint","PowerPotion","hexamod:BolsterEngine","hexamod:PhantomFireball","OrangePellets"],"campfire_rested":3,"item_purchase_floors":[5,28,42,42,45,45,53],"current_hp_per_floor":[70,70,64,45,45,45,45,45,45,27,27,21,21,21,12,10,75,75,75,55,48,24,24,24,26,48,23,30,37,41,36,37,20,75,90,90,80,71,61,23,23,15,42,30,30,37,37,37,40,33,90,11,11,38,15],"gold":111,"neow_bonus":"ONE_RANDOM_RARE_CARD","is_daily":false,"chose_seed":false,"campfire_upgraded":2,"win_rate":0.0,"timestamp":1608418721,"path_taken":["R","M","?","?","$","?","T","?","R","E","$","?","M","?","M","BOSS","R","M","M","?","?","?","T","M","R","E","?","?","M","M","M","BOSS","R","?","M","$","M","E","T","?","R","E","?","M","?","?","M","BOSS","E","$","R","BOSS"],"items_purchased_type":["Card","Card","Relic","Potion","Relic","Card","Relic"],"build_version":"2020-12-13","purchased_purges":4,"victory":true,"max_hp_per_floor":[70,70,70,70,70,70,70,70,70,70,70,70,70,70,70,70,75,75,75,75,75,75,75,75,75,75,75,75,75,75,75,75,75,75,90,90,90,90,90,90,90,90,90,90,90,90,90,90,90,90,90,90,90,90,90],"card_choices":[{"not_picked":["hexamod:RainOfEmbers","hexamod:Firestarter"],"picked":"hexamod:SecondSeal","floor":2.0},{"not_picked":["hexamod:DynamicBlow","hexamod:RainOfEmbers"],"picked":"hexamod:CatchUp","floor":3.0},{"not_picked":["hexamod:InspiringFlames","hexamod:HauntingEcho"],"picked":"hexamod:AdvancingGuard","floor":4.0},{"not_picked":["hexamod:ExtraCrispy","hexamod:Hexaguard"],"picked":"hexamod:ThirdSeal","floor":5.0},{"not_picked":["hexamod:BurningTouch+1","hexamod:Haunt+1"],"picked":"hexamod:RadiantFlame","floor":8.0},{"not_picked":["hexamod:NightmareGuise+1","hexamod:Firestarter"],"picked":"hexamod:PhantomCloak","floor":10.0},{"not_picked":["hexamod:NightmareGuise+1","hexamod:RainOfEmbers","hexamod:SpectralAdrenaline+1"],"picked":"SKIP","floor":10.0},{"not_picked":["hexamod:SpectersWail","hexamod:SwordOfDarkness"],"picked":"hexamod:Hexaguard+1","floor":11.0},{"not_picked":["hexamod:GhostOfSpireFuture","hexamod:RainOfEmbers"],"picked":"hexamod:FourthSeal","floor":13.0},{"not_picked":["hexamod:SwordOfDarkness","hexamod:Firestarter","hexamod:FlamesFromBeyond+1"],"picked":"SKIP","floor":13.0},{"not_picked":["hexamod:RadiantFlame","hexamod:RainOfEmbers"],"picked":"hexamod:SoulSteal+1","floor":15.0},{"not_picked":["hexamod:SwordOfDarkness","hexamod:AdvancingGuard+1"],"picked":"hexamod:NightmareGuise+1","floor":15.0},{"not_picked":["hexamod:GhostflameInferno+1","hexamod:Toasty"],"picked":"hexamod:SixthSeal","floor":16.0},{"not_picked":["hexamod:Hexaguard+1","hexamod:Firestarter"],"picked":"hexamod:PhantomCloak","floor":17.0},{"not_picked":["hexamod:ShieldOfDarkness+1","hexamod:Firestarter+1"],"picked":"hexamod:Rewind+1","floor":19.0},{"not_picked":["hexamod:AdvancingGuard+1","hexamod:GhostLash","hexamod:SpectersWail"],"picked":"SKIP","floor":19.0},{"not_picked":["hexamod:SecondSeal","hexamod:NightmareStrike"],"picked":"hexamod:FastForward+1","floor":20.0},{"not_picked":["hexamod:AdvancingGuard+1","hexamod:FourthSeal","hexamod:SpectersWail"],"picked":"SKIP","floor":20.0},{"not_picked":["hexamod:GhostShield+1","hexamod:Hexaguard+1"],"picked":"hexamod:GiftsFromTheDead","floor":22.0},{"not_picked":["hexamod:FlamesFromBeyond+1","hexamod:NightmareGuise+1"],"picked":"hexamod:Hexaguard+1","floor":22.0},{"not_picked":["hexamod:Hexaguard+1","hexamod:GhostLash","hexamod:ShieldOfDarkness+1"],"picked":"hexamod:FastForward+1","floor":25.0},{"not_picked":["hexamod:InspiringFlames+1","hexamod:SwordOfDarkness","hexamod:Haunt+1","hexamod:Incineration+1"],"picked":"SKIP","floor":25.0},{"not_picked":["hexamod:UnleashSpirits","hexamod:Toasty","hexamod:HeatShield+1"],"picked":"hexamod:HeatMetal+1","floor":27.0},{"not_picked":["hexamod:ShieldOfDarkness+1","hexamod:RainOfEmbers","hexamod:SpectersWail"],"picked":"hexamod:RecurringNightmare+1","floor":27.0},{"not_picked":["hexamod:FlamesFromBeyond+1","hexamod:AdvancingGuard+1","hexamod:FirstSeal"],"picked":"hexamod:ExtraCrispy+1","floor":28.0},{"not_picked":["hexamod:Hexaguard+1","hexamod:SpectersWail","hexamod:SkipABeat+1","hexamod:NightmareGuise+1"],"picked":"SKIP","floor":29.0},{"not_picked":["hexamod:SpectralSpark+1","hexamod:FourthSeal","hexamod:HexaLevel","hexamod:SwordOfDarkness"],"picked":"SKIP","floor":30.0},{"not_picked":["hexamod:GhostShield+1","hexamod:HeatMetal","hexamod:SwordOfDarkness","hexamod:SkipABeat+1"],"picked":"SKIP","floor":31.0},{"not_picked":["hexamod:InspiringFlames+1","hexamod:Rewind+1","hexamod:HeatShield+1","hexamod:Again+1"],"picked":"SKIP","floor":31.0},{"not_picked":["hexamod:ShieldOfDarkness+1","hexamod:GhostLash","hexamod:EmpoweredFlame"],"picked":"hexamod:GhostOfSpirePast","floor":32.0},{"not_picked":["hexamod:Firestarter+1","hexamod:ShieldOfDarkness+1","hexamod:SwordOfDarkness+1","hexamod:InspiringFlames+1"],"picked":"SKIP","floor":32.0},{"not_picked":["hexamod:ApocalypticArmor","hexamod:SixthSeal","hexamod:WildfireWeapon"],"picked":"hexamod:TimeOfNeed+1","floor":33.0},{"not_picked":["hexamod:UnleashSpirits","hexamod:WildfireWeapon","hexamod:UnlimitedPower+1"],"picked":"hexamod:TimeOfNeed+1","floor":33.0},{"not_picked":["hexamod:HeatMetal","hexamod:GhostOfSpireFuture","hexamod:BurningTouch+1"],"picked":"hexamod:RadiantFlame+1","floor":37.0},{"not_picked":["hexamod:InspiringFlames+1","hexamod:HeatMetal+1","hexamod:NightmareGuise+1","hexamod:NightmareStrike"],"picked":"SKIP","floor":37.0},{"not_picked":["hexamod:Hexaguard+1","hexamod:InspiringFlames+1","hexamod:SkipABeat+1","hexamod:SpectralSpark+1"],"picked":"SKIP","floor":38.0},{"not_picked":["hexamod:RainOfEmbers","hexamod:SpectersWail+1","hexamod:VolcanoVisage","hexamod:AdvancingGuard+1"],"picked":"SKIP","floor":38.0},{"not_picked":["hexamod:BurningTouch+1","hexamod:GhostShield+1","hexamod:Hexaguard+1"],"picked":"hexamod:FastForward+1","floor":39.0},{"not_picked":["hexamod:GhostShield+1","hexamod:NightmareGuise+1","hexamod:UnleashSpirits","hexamod:SpectersWail+1"],"picked":"SKIP","floor":39.0},{"not_picked":["hexamod:Incineration+1","hexamod:PhantomFireball","hexamod:FlamesFromBeyond+1"],"picked":"hexamod:TimeOfNeed+1","floor":40.0},{"not_picked":["hexamod:NightmareGuise+1","hexamod:GhostLash+1","hexamod:RadiantFlame","hexamod:PhantomCloak+1"],"picked":"SKIP","floor":42.0},{"not_picked":["hexamod:RainOfEmbers+1","hexamod:ShieldOfDarkness+1","hexamod:SkipABeat+1","hexamod:NightmareGuise+1"],"picked":"SKIP","floor":42.0},{"not_picked":["hexamod:NecessarySacrifice+1","hexamod:SpectersWail","hexamod:FlamesFromBeyond+1","hexamod:SecondSeal"],"picked":"SKIP","floor":44.0},{"not_picked":["hexamod:ShieldOfDarkness+1","hexamod:SpectersWail+1","hexamod:Firestarter+1","hexamod:ThermalTransfer"],"picked":"SKIP","floor":44.0},{"not_picked":["hexamod:ApocalypseNow+1","hexamod:GhostLash+1","hexamod:SwordOfDarkness+1"],"picked":"hexamod:PowerFromBeyond+1","floor":46.0},{"not_picked":["hexamod:SwordOfDarkness","hexamod:ChargedBarrage+1","hexamod:Firestarter"],"picked":"hexamod:ThermalTransfer+1","floor":49},{"not_picked":["hexamod:AdvancingGuard+1","hexamod:RadiantFlame","hexamod:SwordOfDarkness+1"],"picked":"hexamod:Hexaguard+1","floor":49},{"not_picked":["hexamod:Firestarter+1","hexamod:NightmareGuise+1","hexamod:InspiringFlames+1"],"picked":"hexamod:GhostOfSpireFuture+1","floor":52},{"not_picked":["hexamod:NightmareGuise+1","hexamod:InspiringFlames+1","hexamod:GhostLash"],"picked":"hexamod:TimeOfNeed+1","floor":52},{"not_picked":["hexamod:AdvancingGuard+1","hexamod:SuperheatedStrike","hexamod:InspiringFlames+1","hexamod:SwordOfDarkness+1"],"picked":"SKIP","floor":52}],"player_experience":1196302,"relics_obtained":[{"floor":7.0,"key":"Toxic Egg 2"},{"floor":10.0,"key":"Bronze Scales"},{"floor":12.0,"key":"Odd Mushroom"},{"floor":14.0,"key":"sneckomod:BlankCard"},{"floor":22.0,"key":"Shovel"},{"floor":22.0,"key":"Question Card"},{"floor":23.0,"key":"hexamod:MatchstickCase"},{"floor":27.0,"key":"Omamori"},{"floor":35.0,"key":"Juzu Bracelet"},{"floor":40.0,"key":"Whetstone"},{"floor":41.0,"key":"Pen Nib"},{"floor":44.0,"key":"Happy Flower"},{"floor":47.0,"key":"CeramicFish"},{"floor":52,"key":"Centennial Puzzle"}],"event_choices":[{"damage_healed":0.0,"max_hp_gain":0.0,"max_hp_loss":0.0,"gold_gain":0.0,"event_name":"Accursed Blacksmith","player_choice":"Forge","floor":6.0,"gold_loss":0.0,"damage_taken":0.0,"cards_upgraded":["hexamod:CatchUp"]},{"damage_healed":0.0,"max_hp_gain":0.0,"max_hp_loss":0.0,"gold_gain":0.0,"event_name":"Mushrooms","player_choice":"Fought Mushrooms","floor":12.0,"gold_loss":0.0,"damage_taken":0.0},{"damage_healed":0.0,"max_hp_gain":0.0,"max_hp_loss":0.0,"gold_gain":0.0,"event_name":"Lab","player_choice":"Got Potions","floor":36.0,"gold_loss":0.0,"damage_taken":0.0},{"damage_healed":0.0,"max_hp_gain":0.0,"max_hp_loss":0.0,"gold_gain":0.0,"event_name":"NoteForYourself","player_choice":"Ignored","floor":48.0,"gold_loss":0.0,"damage_taken":0.0}],"is_beta":false,"boss_relics":[{"not_picked":["Calling Bell","sneckomod:SneckoTalon"],"picked":"Tiny House"},{"not_picked":["Runic Pyramid","Snecko Eye"],"picked":"hexamod:IceCube"}],"items_purged_floors":[5,11,28,38],"is_endless":false,"potions_floor_spawned":[2,4,10,16,19,25,30,31,32,39,40,46],"ascension_level":0}}