{"host":"daa8jqyg4gqfaysm","time":1608394517,"event":{"mods":["BaseMod","Colored Powertips","Minty Spire (QoL Compilation)","StSLib"],"gold_per_floor":[119,119,119,119,140,173,173,214,214,214,235,278,278,292,292,388,388,401,401,416,91,106,106,21,42,110,110,32,32,76,76,76,169,169,194,525,543,55,55,55,93,117,117,151,169,210,210,254,254,254,254,254,254,25,61,61],"floor_reached":57,"playtime":2876,"items_purged":["Defend_B","Beam Cell+1","Darkness+1"],"score":2908,"play_id":"b736e660-77f8-4e5d-baff-27fdc0f8c4bc","local_time":"20201220001517","is_ascension_mode":true,"campfire_choices":[{"data":"Zap","floor":7,"key":"SMITH"},{"data":"Coolheaded","floor":13,"key":"SMITH"},{"data":"Glacier","floor":15,"key":"SMITH"},{"data":"Defragment","floor":23,"key":"SMITH"},{"data":"Loop","floor":27,"key":"SMITH"},{"data":"Defragment","floor":29,"key":"SMITH"},{"data":"Biased Cognition","floor":32,"key":"SMITH"},{"data":"Master of Strategy","floor":40,"key":"SMITH"},{"floor":47,"key":"RECALL"},{"data":"Compile Driver","floor":49,"key":"SMITH"},{"data":"Ball Lightning","floor":53,"key":"SMITH"}],"circlet_count":0,"master_deck":["AscendersBane","Zap+1","Dualcast","Coolheaded+1","Conserve Battery","Glacier+1","Ball Lightning+1","Self Repair","Biased Cognition+1","Loop+1","Defragment+1","Compile Driver+1","Defragment+1","Recycle+1","Static Discharge+1","Creative AI+1","Master of Strategy+1","White Noise+1","Capacitor+1"],"relics":["Cracked Core","NeowsBlessing","Golden Idol","Pocketwatch","Centennial Puzzle","Mummified Hand","Unceasing Top","Empty Cage","OrangePellets","Nunchaku","Bottled Lightning","Frozen Egg 2","Astrolabe","Old Coin","The Courier","Bag of Marbles","Pantograph","Turnip","Runic Capacitor","Happy Flower"],"acts_visited":["Exordium","TheCity","TheBeyond","TheEnding"],"potions_floor_usage":[8,14,16,35,41,45,56,56],"damage_taken":[{"damage":0,"enemies":"Jaw Worm","floor":1,"turns":1},{"damage":0,"enemies":"2 Louse","floor":5,"turns":1},{"damage":0,"enemies":"Gremlin Nob","floor":6,"turns":1},{"damage":11,"enemies":"Lagavulin","floor":8,"turns":8},{"damage":0,"enemies":"Small Slimes","floor":11,"turns":4},{"damage":19,"enemies":"3 Sentries","floor":12,"turns":10},{"damage":4,"enemies":"Exordium Wildlife","floor":14,"turns":3},{"damage":8,"enemies":"The Guardian","floor":16,"turns":13},{"damage":10,"enemies":"2 Thieves","floor":18,"turns":3},{"damage":0,"enemies":"3 Byrds","floor":20,"turns":5},{"damage":0,"enemies":"Snecko","floor":22,"turns":8},{"damage":0,"enemies":"Snake Plant","floor":25,"turns":5},{"damage":6,"enemies":"Book of Stabbing","floor":30,"turns":6},{"damage":13,"enemies":"Automaton","floor":33,"turns":15},{"damage":0,"enemies":"3 Darklings","floor":35,"turns":4},{"damage":0,"enemies":"Mind Bloom Boss Battle","floor":36,"turns":6},{"damage":0,"enemies":"Orb Walker","floor":37,"turns":3},{"damage":4,"enemies":"Reptomancer","floor":41,"turns":8},{"damage":0,"enemies":"Sphere and 2 Shapes","floor":42,"turns":4},{"damage":0,"enemies":"Giant Head","floor":44,"turns":6},{"damage":0,"enemies":"Writhing Mass","floor":45,"turns":4},{"damage":8,"enemies":"Nemesis","floor":46,"turns":5},{"damage":0,"enemies":"Giant Head","floor":48,"turns":8},{"damage":18,"enemies":"Time Eater","floor":50,"turns":16},{"damage":13,"enemies":"Donu and Deca","floor":51,"turns":8},{"damage":54,"enemies":"Shield and Spear","floor":55,"turns":5},{"damage":45,"enemies":"The Heart","floor":56,"turns":13}],"seed_played":"-8964176924880927376","potions_obtained":[{"floor":1,"key":"EssenceOfSteel"},{"floor":5,"key":"BlessingOfTheForge"},{"floor":14,"key":"LiquidMemories"},{"floor":20,"key":"EssenceOfDarkness"},{"floor":25,"key":"AttackPotion"},{"floor":37,"key":"Swift Potion"},{"floor":41,"key":"Strength Potion"},{"floor":45,"key":"FearPotion"},{"floor":48,"key":"PotionOfCapacity"}],"is_trial":false,"path_per_floor":["M","?","?","?","M","E","R","E","T","?","M","E","R","M","R","B",null,"M","?","M","$","M","R","?","M","T","R","$","R","E","$","R","B",null,"M","?","M","$","?","R","E","M","T","E","M","E","R","E","R","B","B",null,"R","$","E","B",null],"character_chosen":"DEFECT","items_purchased":["Defragment","OrangePellets","Defragment","Creative AI+1","Master of Strategy","Runic Capacitor"],"campfire_rested":0,"item_purchase_floors":[21,21,28,38,38,54],"current_hp_per_floor":[64,64,69,62,62,62,62,51,51,51,51,32,32,28,28,27,59,56,56,63,63,69,69,69,69,69,69,69,69,69,69,69,63,68,69,69,69,69,69,69,65,69,69,69,69,68,68,69,69,58,63,68,68,68,21,8],"gold":61,"neow_bonus":"THREE_ENEMY_KILL","is_daily":false,"chose_seed":false,"campfire_upgraded":10,"win_rate":0.0,"timestamp":1608394517,"path_taken":["M","?","?","?","?","E","R","E","T","?","?","E","R","M","R","BOSS","M","?","M","$","M","R","?","M","T","R","$","R","E","?","R","BOSS","M","?","M","$","?","R","E","M","T","E","M","E","R","E","R","BOSS","BOSS","R","$","E","BOSS"],"items_purchased_type":["Card","Relic","Card","Card","Card","Relic"],"build_version":"2020-12-13","purchased_purges":3,"victory":true,"max_hp_per_floor":[71,64,69,69,69,69,69,69,69,69,69,69,69,69,69,69,69,69,69,69,69,69,69,69,69,69,69,69,69,69,69,69,69,69,69,69,69,69,69,69,69,69,69,69,69,69,69,69,69,69,69,69,69,69,69,69],"card_choices":[{"not_picked":["Fusion","Go for the Eyes"],"picked":"Coolheaded","floor":1},{"not_picked":["Sweeping Beam","Steam Power"],"picked":"Conserve Battery","floor":5},{"not_picked":["White Noise","Go for the Eyes","Beam Cell"],"picked":"SKIP","floor":6},{"not_picked":["Reinforced Body","Compile Driver"],"picked":"Glacier","floor":8},{"not_picked":["BootSequence","Gash"],"picked":"Ball Lightning","floor":11},{"not_picked":["Tempest","Stack","BootSequence"],"picked":"SKIP","floor":12},{"not_picked":["Go for the Eyes","Ball Lightning"],"picked":"Self Repair","floor":14},{"not_picked":["Buffer","Meteor Strike"],"picked":"Biased Cognition","floor":16},{"not_picked":["Sweeping Beam","Stack+1","Rebound"],"picked":"SKIP","floor":18},{"not_picked":["Ball Lightning","Glacier","Streamline"],"picked":"SKIP","floor":20},{"not_picked":["Hologram","Streamline","Hyperbeam"],"picked":"SKIP","floor":22},{"not_picked":["Leap","Gash"],"picked":"Compile Driver","floor":25},{"not_picked":["Compile Driver","Rainbow","Conserve Battery"],"picked":"SKIP","floor":30},{"not_picked":["Tempest+1","Steam+1"],"picked":"Static Discharge+1","floor":35},{"not_picked":["Darkness","Auto Shields+1","Conserve Battery"],"picked":"SKIP","floor":37},{"not_picked":["Steam","Barrage","All For One"],"picked":"SKIP","floor":41},{"not_picked":["Steam+1","Turbo"],"picked":"White Noise+1","floor":42},{"not_picked":["Defragment+1","Reprogram"],"picked":"Capacitor+1","floor":44},{"not_picked":["Leap","Go for the Eyes","Steam"],"picked":"SKIP","floor":45},{"not_picked":["Scrape","Cold Snap","Ball Lightning"],"picked":"SKIP","floor":46},{"not_picked":["Chill","Turbo","Stack"],"picked":"SKIP","floor":48},{"not_picked":["Compile Driver","Reprogram","Recycle"],"picked":"SKIP","floor":55}],"player_experience":703156,"relics_obtained":[{"floor":6,"key":"Pocketwatch"},{"floor":8,"key":"Centennial Puzzle"},{"floor":9,"key":"Mummified Hand"},{"floor":12,"key":"Unceasing Top"},{"floor":26,"key":"Bottled Lightning"},{"floor":30,"key":"Frozen Egg 2"},{"floor":36,"key":"Old Coin"},{"floor":41,"key":"The Courier"},{"floor":44,"key":"Bag of Marbles"},{"floor":46,"key":"Pantograph"},{"floor":48,"key":"Turnip"},{"floor":55,"key":"Happy Flower"}],"event_choices":[{"damage_healed":0,"gold_gain":0,"player_choice":"Lose Max HP","damage_taken":0,"relics_obtained":["Golden Idol"],"max_hp_gain":0,"max_hp_loss":7,"event_name":"Golden Idol","floor":2,"gold_loss":0},{"damage_healed":0,"gold_gain":0,"player_choice":"Donut","damage_taken":0,"max_hp_gain":5,"max_hp_loss":0,"event_name":"Big Fish","floor":3,"gold_loss":0},{"cards_removed":["Strike_B"],"damage_healed":0,"gold_gain":0,"player_choice":"Card Removal","damage_taken":7,"max_hp_gain":0,"max_hp_loss":0,"event_name":"Golden Wing","floor":4,"gold_loss":0},{"cards_removed":["Strike_B"],"damage_healed":0,"gold_gain":0,"player_choice":"Purged","damage_taken":0,"max_hp_gain":0,"max_hp_loss":0,"event_name":"Purifier","floor":10,"gold_loss":0},{"damage_healed":0,"gold_gain":0,"player_choice":"Read","damage_taken":0,"max_hp_gain":0,"max_hp_loss":0,"event_name":"The Library","floor":19,"gold_loss":0,"cards_obtained":["Loop"]},{"damage_healed":0,"gold_gain":0,"player_choice":"Obtained Relic","damage_taken":0,"relics_obtained":["Nunchaku"],"max_hp_gain":0,"max_hp_loss":0,"event_name":"Addict","floor":24,"gold_loss":85},{"damage_healed":0,"gold_gain":0,"player_choice":"Fight","damage_taken":0,"max_hp_gain":0,"max_hp_loss":0,"event_name":"MindBloom","floor":36,"gold_loss":0},{"damage_healed":0,"gold_gain":0,"player_choice":"Ignored","damage_taken":0,"max_hp_gain":0,"max_hp_loss":0,"event_name":"SecretPortal","floor":39,"gold_loss":0}],"is_beta":false,"boss_relics":[{"not_picked":["Snecko Eye","Sozu"],"picked":"Empty Cage"},{"not_picked":["Calling Bell","Black Star"],"picked":"Astrolabe"}],"items_purged_floors":[21,38,54],"is_endless":false,"potions_floor_spawned":[1,5,14,20,25,30,33,37,41,44,45,46,48],"ascension_level":20}}