{"host":"lix655q3qm1o3wym","time":1608417132,"event":{"mods":["Act Like it!","BaseMod","Beaked The Cultist","Better Third Choice","Better Vampires","Colored Powertips","Downfall","Minty Spire (QoL Compilation)","Quick Restart","StSLib","The Construct","The Cursed","The Disciple","The Necromancer"],"gold_per_floor":[99,125,125,125,34,34,34,51,43,43,43,64,164,164,189,295,295,295,295,73,100,124,124,124,144,177,177,177,189,207,219,235,337,337,337,11,30,30,65,65,91,170,187,187,198,208,208,221,240,240],"floor_reached":51,"playtime":4438,"items_purged":["hexamod:EtherealExpedition"],"score":697,"play_id":"7ca14f6c-b783-401b-a581-cf71867d084b","local_time":"20201219153212","is_ascension_mode":false,"campfire_choices":[{"data":"hexamod:Float","floor":1.0,"key":"SMITH"},{"data":"hexamod:ExtraCrispy","floor":6.0,"key":"SMITH"},{"data":"hexamod:NecessarySacrifice","floor":10.0,"key":"SMITH"},{"data":"hexamod:SearingWound","floor":18.0,"key":"SMITH"},{"data":"hexamod:BurningTouch","floor":23.0,"key":"SMITH"},{"data":"hexamod:PhantomCloak","floor":27.0,"key":"SMITH"},{"data":"hexamod:HeatShield","floor":35,"key":"SMITH"},{"data":"hexamod:ExtraCrispy","floor":38,"key":"SMITH"},{"floor":44,"key":"DIG"}],"circlet_count":0,"master_deck":["hexamod:Defend","hexamod:Defend+1","hexamod:Defend","hexamod:Defend+1","hexamod:Sear","hexamod:WildfireWeapon","hexamod:BurningTouch+1","hexamod:ExtraCrispy+1","hexamod:SoulSteal+1","hexamod:Firestarter","hexamod:SearingWound+1","expansioncontent:DarkVoid","hexamod:BurningTouch","hexamod:Incineration+1","hexamod:RetreatToShadows","hexamod:PhantomCloak+1","hexamod:ThermalTransfer","hexamod:BurningTouch","hexamod:ExtraCrispy+1","hexamod:AdvancingGuard","hexamod:HeatShield+1","hexamod:EmpoweringStance","hexamod:ThermalTransfer+1","hexamod:TimeOfNeed","hexamod:PhantomFireball+1","hexamod:Hexaguard+1","expansioncontent:DefensiveMode","hexamod:FirstSeal"],"relics":["hexamod:SpiritBrand","downfall:HeartsMalice","Unceasing Top","Mummified Hand","Lantern","Empty Cage","Calipers","hexamod:TheBrokenSeal","Lizard Tail","SlaversCollar","Bottled Lightning","Shovel","Boot","construct:FoamFinger","Sundial"],"acts_visited":["Exordium","TheCity","TheBeyond"],"potions_floor_usage":[33,37,45,50,50],"damage_taken":[{"damage":0.0,"enemies":"Gremlin Nob","floor":2.0,"turns":1.0},{"damage":0.0,"enemies":"Small Slimes","floor":3.0,"turns":1.0},{"damage":0.0,"enemies":"2 Louse","floor":4.0,"turns":1.0},{"damage":0.0,"enemies":"downfall:FleeingMerchant","floor":5.0,"turns":4.0},{"damage":0.0,"enemies":"Cultist","floor":8.0,"turns":3.0},{"damage":0.0,"enemies":"3 Louse","floor":12.0,"turns":3.0},{"damage":19.0,"enemies":"downfall:Heads","floor":13.0,"turns":6.0},{"damage":13.0,"enemies":"2 Fungi Beasts","floor":15.0,"turns":3.0},{"damage":44.0,"enemies":"downfall:Silent","floor":16.0,"turns":8.0},{"damage":9.0,"enemies":"downfall:FleeingMerchant","floor":20.0,"turns":4.0},{"damage":21.0,"enemies":"Chosen","floor":21.0,"turns":6.0},{"damage":6.0,"enemies":"Chosen and Byrds","floor":22.0,"turns":3.0},{"damage":23.0,"enemies":"Centurion and Healer","floor":25.0,"turns":5.0},{"damage":23.0,"enemies":"Slavers","floor":26.0,"turns":3.0},{"damage":9.0,"enemies":"Snecko","floor":29.0,"turns":3.0},{"damage":0.0,"enemies":"Sentry and Sphere","floor":30.0,"turns":3.0},{"damage":14.0,"enemies":"Snake Plant","floor":31.0,"turns":3.0},{"damage":10.0,"enemies":"Centurion and Healer","floor":32.0,"turns":5.0},{"damage":7,"enemies":"downfall:Ironclad","floor":33,"turns":6},{"damage":0,"enemies":"downfall:FleeingMerchant","floor":36,"turns":4},{"damage":0,"enemies":"Orb Walker","floor":37,"turns":4},{"damage":3,"enemies":"Nemesis","floor":39,"turns":3},{"damage":6,"enemies":"3 Darklings","floor":43,"turns":3},{"damage":39,"enemies":"Transient","floor":45,"turns":5},{"damage":10,"enemies":"Sphere and 2 Shapes","floor":46,"turns":5},{"damage":0,"enemies":"Spire Growth","floor":48,"turns":3},{"damage":6,"enemies":"Jaw Worm Horde","floor":49,"turns":3},{"damage":10,"enemies":"downfall:Defect","floor":50,"turns":7}],"seed_played":"7903912855462433132","potions_obtained":[{"floor":2.0,"key":"Regen Potion"},{"floor":8.0,"key":"Regen Potion"},{"floor":15.0,"key":"FearPotion"},{"floor":21.0,"key":"ColorlessPotion"},{"floor":22.0,"key":"Swift Potion"},{"floor":29.0,"key":"Swift Potion"},{"floor":32.0,"key":"GamblersBrew"},{"floor":43,"key":"EssenceOfSteel"},{"floor":45,"key":"BlessingOfTheForge"},{"floor":49,"key":"SteroidPotion"}],"is_trial":false,"path_per_floor":["R","E","M","M","$","R","T","M","?","R","?","M","?","?","M","B",null,"R","?","$","M","M","R","T","M","E","R","?","M","M","M","M","B",null,"R","$","M","R","E","?","T","?","M","R","M","M","?","M","M","B",null],"character_chosen":"THE_SPIRIT","items_purchased":["hexamod:ExtraCrispy","expansioncontent:DarkVoid","hexamod:BurningTouch","Bottled Lightning","Block Potion"],"campfire_rested":0,"item_purchase_floors":[5,20,20,36,36],"current_hp_per_floor":[70,70,70,70,70,70,70,70,70,70,70,70,51,33,20,35,70,70,70,61,47,41,41,41,80,57,57,57,48,48,34,24,17,80,80,80,80,80,77,77,77,77,71,71,32,22,22,22,16,13],"gold":240,"neow_bonus":"THREE_ENEMY_KILL","is_daily":false,"chose_seed":false,"campfire_upgraded":8,"win_rate":0.0,"timestamp":1608417132,"path_taken":["R","E","M","M","$","R","T","M","?","R","?","?","?","?","M","BOSS","R","?","$","M","M","R","T","M","E","R","?","?","M","M","M","BOSS","R","$","M","R","E","?","T","?","M","R","M","M","?","M","M","BOSS"],"items_purchased_type":["Card","Card","Card","Relic","Potion"],"build_version":"2020-12-13","purchased_purges":1,"victory":true,"max_hp_per_floor":[70,70,70,70,70,70,70,70,70,70,70,70,70,70,70,70,70,70,70,70,70,70,70,70,80,80,80,80,80,80,80,80,80,80,80,80,80,80,80,80,80,80,80,80,80,80,80,80,80,80],"card_choices":[{"not_picked":["hexamod:GhostflameBarrier","hexamod:SwordOfDarkness"],"picked":"hexamod:WildfireWeapon","floor":2.0},{"not_picked":["hexamod:NightmareStrike","hexamod:SwordOfDarkness"],"picked":"hexamod:BurningTouch","floor":3.0},{"not_picked":["hexamod:SwordOfDarkness","hexamod:ShieldOfDarkness"],"picked":"hexamod:NecessarySacrifice","floor":4.0},{"not_picked":["hexamod:HauntingEcho","hexamod:SwordOfDarkness"],"picked":"hexamod:FastForward","floor":5.0},{"not_picked":["hexamod:StepThrough","hexamod:BacktrackSmack"],"picked":"hexamod:EtherealExpedition","floor":8.0},{"not_picked":["hexamod:GhostShield","hexamod:AdvancingGuard"],"picked":"hexamod:SoulSteal","floor":12.0},{"not_picked":["hexamod:SecondSeal","hexamod:FourthSeal"],"picked":"hexamod:FirstSeal","floor":15.0},{"not_picked":["hexamod:HauntingEcho","hexamod:SecondSeal"],"picked":"hexamod:Firestarter","floor":15.0},{"not_picked":["hexamod:FourthSeal","hexamod:ThirdSeal"],"picked":"hexamod:SixthSeal","floor":16.0},{"not_picked":["hexamod:SixthSeal","hexamod:GhostflameInferno"],"picked":"hexamod:SearingWound","floor":16.0},{"not_picked":["hexamod:FourthSeal","hexamod:SecondSeal"],"picked":"hexamod:ThirdSeal","floor":20.0},{"not_picked":["hexamod:FastForward+1","hexamod:SwordOfDarkness","hexamod:GhostShield"],"picked":"SKIP","floor":20.0},{"not_picked":["hexamod:SixthSeal","hexamod:SecondSeal"],"picked":"hexamod:FourthSeal","floor":21.0},{"not_picked":["hexamod:BurningTouch+1","hexamod:AdvancingGuard"],"picked":"hexamod:Incineration+1","floor":21.0},{"not_picked":["hexamod:FastForward","hexamod:NightmareStrike","hexamod:GhostOfSpirePast"],"picked":"SKIP","floor":21.0},{"not_picked":["hexamod:SecondSeal","hexamod:FirstSeal","hexamod:FourthSeal"],"picked":"SKIP","floor":22.0},{"not_picked":["hexamod:FastForward","hexamod:NightmareGuise","hexamod:HauntingEcho"],"picked":"SKIP","floor":22.0},{"not_picked":["hexamod:AdvancingGuard","hexamod:DynamicBlow"],"picked":"hexamod:RetreatToShadows","floor":25.0},{"not_picked":["hexamod:BacktrackSmack","hexamod:HauntingEcho","hexamod:SwordOfDarkness"],"picked":"SKIP","floor":25.0},{"not_picked":["hexamod:Hexaguard","hexamod:FourthSeal"],"picked":"hexamod:PhantomCloak","floor":26.0},{"not_picked":["hexamod:ThermalTransfer","hexamod:RainOfEmbers"],"picked":"hexamod:ExtraCrispy","floor":29.0},{"not_picked":["hexamod:SpectersWail","hexamod:Firestarter"],"picked":"hexamod:AdvancingGuard","floor":30.0},{"not_picked":["hexamod:BurningTouch+1","hexamod:GhostLash+1","hexamod:HeatMetal"],"picked":"SKIP","floor":31.0},{"not_picked":["hexamod:Haunt+1","hexamod:EmpoweredFlame"],"picked":"hexamod:HeatShield","floor":32.0},{"not_picked":["hexamod:ParanormalForm","hexamod:FifthSeal"],"picked":"hexamod:EmpoweringStance","floor":33},{"not_picked":["hexamod:GhostOfSpirePast","hexamod:HauntingEcho+1"],"picked":"hexamod:ThermalTransfer+1","floor":36},{"not_picked":["hexamod:InspiringFlames+1","hexamod:GhostShield+1","hexamod:NightmareStrike+1"],"picked":"SKIP","floor":37},{"not_picked":["hexamod:GhostOfSpirePresent","hexamod:NightmareStrike"],"picked":"hexamod:TimeOfNeed","floor":39},{"not_picked":["hexamod:Firestarter","hexamod:ShieldOfDarkness+1"],"picked":"hexamod:PhantomFireball+1","floor":43},{"not_picked":["hexamod:SwordOfDarkness+1","hexamod:SpectersWail","hexamod:HauntingEcho+1"],"picked":"SKIP","floor":45},{"not_picked":["hexamod:ExtraCrispy","hexamod:SearingWound"],"picked":"hexamod:Hexaguard+1","floor":46},{"not_picked":["expansioncontent:Torchfire","expansioncontent:ChargeUp"],"picked":"expansioncontent:DefensiveMode","floor":47},{"not_picked":["hexamod:FastForward","hexamod:HeatCrush","hexamod:GhostShield+1"],"picked":"SKIP","floor":48},{"not_picked":["hexamod:SkipABeat+1","hexamod:NightmareStrike+1"],"picked":"hexamod:FirstSeal","floor":49}],"player_experience":622953,"relics_obtained":[{"floor":2.0,"key":"Unceasing Top"},{"floor":7.0,"key":"Mummified Hand"},{"floor":24.0,"key":"Calipers"},{"floor":26.0,"key":"Lizard Tail"},{"floor":39,"key":"Shovel"},{"floor":41,"key":"Boot"},{"floor":42,"key":"construct:FoamFinger"},{"floor":44,"key":"Sundial"}],"event_choices":[{"cards_removed":["hexamod:Strike"],"damage_healed":0.0,"max_hp_gain":0.0,"max_hp_loss":0.0,"gold_gain":0.0,"event_name":"Purifier","player_choice":"Purged","floor":11.0,"gold_loss":0.0,"damage_taken":0.0},{"damage_healed":0.0,"max_hp_gain":0.0,"max_hp_loss":0.0,"gold_gain":0.0,"event_name":"betterThird:BetterScrap","player_choice":"Relic ","floor":14.0,"gold_loss":0.0,"damage_taken":18.0,"cards_obtained":["Electrodynamics"]},{"damage_healed":0.0,"max_hp_gain":0.0,"max_hp_loss":0.0,"gold_gain":0.0,"cards_transformed":["hexamod:NecessarySacrifice","hexamod:Float"],"event_name":"Drug Dealer","player_choice":"Became Test Subject","floor":28.0,"gold_loss":0.0,"damage_taken":0.0,"cards_obtained":["hexamod:ThermalTransfer","hexamod:BurningTouch"]}],"is_beta":false,"boss_relics":[{"not_picked":["Velvet Choker","beaked:MawFillet"],"picked":"Empty Cage"},{"not_picked":["Busted Crown","Cursed Key"],"picked":"SlaversCollar"}],"items_purged_floors":[20],"is_endless":false,"potions_floor_spawned":[2,8,15,21,22,29,32,43,45,49],"ascension_level":0}}