{"host":"g53g9qlo34vrqi92","time":1608346271,"event":{"mods":["Aspiration","Bard","BaseMod","Beaked The Cultist","BetterRewards","Colored Map","Conspire","Energized Spire","Fiend Mod","GifTheSpireLib","Googly Eyes","Gremlin Skip","Halation","Hermit","Hubris","Infinite Spire","Jedi Mod","Minty Spire (QoL Compilation)","Permanent Neow","Quick Restart","Relic Filter","Replay The Spire","Spikes Relics","StSLib","Stuff the Spire","Synergy Search","The Bladedancer","The Bug Knight","The Construct","The Cursed","The Factory","The Forsaken","The Jungle","The Necromancer","The Spell Scribe","The Trickster","Trackpad","slay the spire mod where everything is the same but ironclad has a cowboy hat","vexMod"],"gold_per_floor":[118,137,155,11,11,41,41,69,69,69,19,19,81,106,118,233,245,269,299,311,335,367,389,401,401],"floor_reached":24,"playtime":1475,"items_purged":[],"score":208,"play_id":"7d19b418-c0ec-43f7-be12-ae1aafa7cb3b","local_time":"20201218185111","is_ascension_mode":false,"campfire_choices":[{"floor":7.0,"key":"REST"},{"floor":10.0,"key":"REST"},{"data":"Poisoned Stab","floor":12.0,"key":"SMITH"},{"data":"Neutralize","floor":15.0,"key":"SMITH"}],"circlet_count":0,"master_deck":["Strike_G","Strike_G","Strike_G","Strike_G","Strike_G","Defend_G","Defend_G","Defend_G","Defend_G","Survivor","Neutralize+1","Dagger Throw","Dash+1","Prepared","Finesse","Poisoned Stab+1","Cloak And Dagger","Quick Slash","Outmaneuver","Bullet Time","Flying Knee","hubris:SlightOfHand+1","Quick Slash+1","ReplayTheSpireMod:Speed Training"],"relics":["SacredBark","Darkstone Periapt","Turnip","The Specimen","MawBank","Black Star"],"acts_visited":[],"potions_floor_usage":[22,23],"damage_taken":[{"damage":1.0,"enemies":"2 Louse","floor":1.0,"turns":3.0},{"damage":1.0,"enemies":"Jaw Worm","floor":2.0,"turns":4.0},{"damage":0.0,"enemies":"Small Slimes","floor":3.0,"turns":4.0},{"damage":15.0,"enemies":"Lagavulin","floor":6.0,"turns":8.0},{"damage":17.0,"enemies":"3 Sentries","floor":8.0,"turns":9.0},{"damage":6.0,"enemies":"3 Sentries","floor":13.0,"turns":8.0},{"damage":0.0,"enemies":"2 Fungi Beasts","floor":14.0,"turns":4.0},{"damage":38.0,"enemies":"Hexaghost","floor":16.0,"turns":13.0},{"damage":20.0,"enemies":"Spheric Guardian","floor":18.0,"turns":9.0},{"damage":13,"enemies":"Shell Parasite","floor":19,"turns":7},{"damage":14,"enemies":"Centurion and Healer","floor":21,"turns":8},{"damage":19,"enemies":"Snake Plant","floor":22,"turns":6},{"damage":3,"enemies":"Cultist and Chosen","floor":23,"turns":5},{"damage":16,"enemies":"Nightmare","floor":24,"turns":3}],"seed_played":"7034364118206782744","potions_obtained":[{"floor":2.0,"key":"SteroidPotion"},{"floor":3.0,"key":"ColorlessPotion"},{"floor":6.0,"key":"ColorlessPotion"},{"floor":16.0,"key":"Weak Potion"},{"floor":21,"key":"Toxic Potion"},{"floor":22,"key":"Energy Potion"}],"is_trial":false,"path_per_floor":["M","M","M","$","?","E","R","E","T","R","?","R","?","M","R","B",null,"M","M","?","M","M","M","NM"],"character_chosen":"THE_SILENT","items_purchased":["Finesse","Swift Potion"],"campfire_rested":2,"item_purchase_floors":[4,4],"current_hp_per_floor":[69,68,68,68,68,53,70,53,53,70,70,70,64,64,64,26,70,50,37,37,23,4,1,0,0],"gold":401,"neow_bonus":"BOSS_RELIC","is_daily":false,"chose_seed":false,"campfire_upgraded":2,"win_rate":0.0,"timestamp":1608346271,"path_taken":["M","M","M","$","?","E","R","E","T","R","?","R","?","M","R","BOSS","M","M","?","M","M","M","NM"],"items_purchased_type":["Card","Potion"],"build_version":"2020-12-13","purchased_purges":0,"victory":false,"max_hp_per_floor":[70,70,70,70,70,70,70,70,70,70,70,70,70,70,70,70,70,70,70,70,70,70,70,70,70],"card_choices":[{"not_picked":["Terror","Well Laid Plans"],"picked":"Dagger Throw","floor":1.0},{"not_picked":["Prepared","Underhanded Strike"],"picked":"Dash","floor":2.0},{"not_picked":["Underhanded Strike","Well Laid Plans"],"picked":"Prepared","floor":3.0},{"not_picked":["Well Laid Plans","Terror"],"picked":"Poisoned Stab","floor":6.0},{"not_picked":["Deflect","Reflex"],"picked":"Cloak And Dagger","floor":8.0},{"not_picked":["Infinite Blades","Caltrops"],"picked":"Quick Slash","floor":13.0},{"not_picked":["Quick Slash","Skewer"],"picked":"Outmaneuver","floor":14.0},{"not_picked":["Doppelganger","Wraith Form v2"],"picked":"Bullet Time","floor":16.0},{"not_picked":["Prepared+1","Accuracy"],"picked":"Flying Knee","floor":18.0},{"not_picked":["Sucker Punch","StuffTheSpire:ClusterCrunch"],"picked":"hubris:SlightOfHand+1","floor":19},{"not_picked":["Underhanded Strike","Prepared"],"picked":"Quick Slash+1","floor":21},{"not_picked":["Backflip","Underhanded Strike"],"picked":"ReplayTheSpireMod:Speed Training","floor":22},{"not_picked":["ShadowRift","StuffTheSpire:BrimstoneBlast+1","Flechettes"],"picked":"SKIP","floor":23}],"player_experience":1001017,"relics_obtained":[{"floor":6.0,"key":"Darkstone Periapt"},{"floor":8.0,"key":"Turnip"},{"floor":9.0,"key":"The Specimen"},{"floor":13.0,"key":"MawBank"}],"event_choices":[{"damage_healed":0.0,"max_hp_gain":0.0,"max_hp_loss":0.0,"gold_gain":0.0,"event_name":"Living Wall","player_choice":"Grow","floor":5.0,"gold_loss":0.0,"damage_taken":0.0,"cards_upgraded":["Dash"]},{"cards_removed":["Defend_G"],"damage_healed":0.0,"max_hp_gain":0.0,"max_hp_loss":0.0,"gold_gain":0.0,"event_name":"The Cleric","player_choice":"Card Removal","floor":11.0,"gold_loss":50.0,"damage_taken":0.0},{"damage_healed":0.0,"max_hp_gain":0.0,"max_hp_loss":0.0,"gold_gain":0.0,"event_name":"Dead Adventurer","player_choice":"Searched \u00271\u0027 times","floor":13.0,"gold_loss":0.0,"damage_taken":0.0},{"damage_healed":0,"gold_gain":0,"player_choice":"Ignored","damage_taken":0,"max_hp_gain":0,"max_hp_loss":0,"event_name":"Ghosts","floor":20,"gold_loss":0}],"is_beta":false,"boss_relics":[{"not_picked":["Busted Crown","Ectoplasm"],"picked":"Black Star"}],"items_purged_floors":[],"is_endless":false,"potions_floor_spawned":[2,3,6,16,21,22],"killed_by":"Nightmare","ascension_level":0}}