{"host":"u2grshebrc5rdzdn","time":1608416903,"event":{"mods":["AchievementEnabler","BaseMod","Minty Spire (QoL Compilation)","StSLib"],"gold_per_floor":[115,115,190,30,45,45,74,85,108,140,164,176,207,394,406,522,534,558,570,338,352,6,6,6,40,40,75,90,90,107,22,22,117,117,128,204,130,130,149,149,4,4,27,27,27,60,60,72,72,72],"floor_reached":51,"playtime":3499,"items_purged":["Strike_G","Strike_G","Strike_G"],"score":898,"play_id":"f92fb0fe-48af-45d7-b73a-b005ee3b9b94","local_time":"20201219232823","is_ascension_mode":true,"campfire_choices":[{"data":"Neutralize","floor":6,"key":"SMITH"},{"floor":12,"key":"REST"},{"data":"Accuracy","floor":15,"key":"SMITH"},{"data":"Footwork","floor":23,"key":"SMITH"},{"data":"A Thousand Cuts","floor":29,"key":"SMITH"},{"data":"Cloak And Dagger","floor":32,"key":"SMITH"},{"data":"Corpse Explosion","floor":40,"key":"SMITH"},{"floor":42,"key":"REST"},{"floor":49,"key":"REST"}],"circlet_count":0,"master_deck":["Strike_G+1","Strike_G+1","Defend_G","Defend_G","Defend_G","Defend_G","Defend_G","Survivor","Neutralize+1","Cloak And Dagger+1","Leg Sweep","Accuracy+1","Cloak And Dagger","Acrobatics","Terror","Blade Dance","A Thousand Cuts+1","Die Die Die","CurseOfTheBell","PiercingWail","Footwork+1","Corpse Explosion+1","Caltrops+1","Malaise","Infinite Blades+1","Panache+1","Infinite Blades+1","Envenom+1","Footwork+1"],"relics":["Ring of the Snake","Boot","MawBank","Calling Bell","Akabeko","Gremlin Horn","Thread and Needle","Tiny Chest","Chemical X","TungstenRod","Pear","Matryoshka","Frozen Egg 2","Bronze Scales","SlaversCollar","Sundial","Bottled Tornado","Regal Pillow","Ancient Tea Set","Whetstone","Bottled Lightning"],"acts_visited":["TheCity","TheBeyond"],"potions_floor_usage":[33,33,33,50],"damage_taken":[{"damage":0,"enemies":"Jaw Worm","floor":1,"turns":5},{"damage":2,"enemies":"2 Louse","floor":5,"turns":3},{"damage":47,"enemies":"Lagavulin","floor":7,"turns":14},{"damage":1,"enemies":"Cultist","floor":8,"turns":4},{"damage":2,"enemies":"Blue Slaver","floor":10,"turns":5},{"damage":3,"enemies":"Looter","floor":11,"turns":3},{"damage":0,"enemies":"Red Slaver","floor":13,"turns":3},{"damage":16,"enemies":"Hexaghost","floor":16,"turns":10},{"damage":3,"enemies":"3 Byrds","floor":18,"turns":4},{"damage":3,"enemies":"Shell Parasite","floor":21,"turns":3},{"damage":0,"enemies":"Gremlin Leader","floor":25,"turns":5},{"damage":16,"enemies":"Book of Stabbing","floor":27,"turns":8},{"damage":5,"enemies":"Chosen and Byrds","floor":28,"turns":6},{"damage":4,"enemies":"Snake Plant","floor":30,"turns":6},{"damage":40,"enemies":"Automaton","floor":33,"turns":9},{"damage":8,"enemies":"3 Shapes","floor":35,"turns":6},{"damage":8,"enemies":"3 Darklings","floor":39,"turns":3},{"damage":42,"enemies":"Giant Head","floor":46,"turns":7},{"damage":56,"enemies":"Transient","floor":48,"turns":5},{"damage":44,"enemies":"Donu and Deca","floor":50,"turns":10}],"seed_played":"-8155501436383080160","potions_obtained":[{"floor":10,"key":"PowerPotion"},{"floor":11,"key":"DistilledChaos"},{"floor":13,"key":"SteroidPotion"},{"floor":25,"key":"SpeedPotion"},{"floor":28,"key":"Fire Potion"},{"floor":39,"key":"FairyPotion"},{"floor":46,"key":"Strength Potion"}],"is_trial":false,"path_per_floor":["M","?","?","$","M","R","E","M","T","M","M","R","M","?","R","B",null,"M","?","$","M","$","R","?","E","T","E","M","R","M","?","R","B",null,"M","T","$","?","M","R","$","R","T","$","?","E","T","M","R","B",null],"character_chosen":"THE_SILENT","items_purchased":["Accuracy","Cloak And Dagger","Tiny Chest","Footwork","Chemical X","Infinite Blades+1","Envenom+1"],"campfire_rested":3,"item_purchase_floors":[4,4,20,22,22,37,41],"current_hp_per_floor":[70,75,64,64,62,62,15,14,14,12,9,31,31,31,31,15,75,72,72,72,69,69,69,69,79,79,63,58,58,54,54,54,14,85,77,77,77,77,69,69,69,85,85,85,78,36,36,14,54,10],"gold":72,"neow_bonus":"THREE_CARDS","is_daily":false,"chose_seed":false,"campfire_upgraded":6,"win_rate":0.0,"timestamp":1608416903,"path_taken":["M","?","?","?","M","R","E","M","T","M","M","R","?","?","R","BOSS","M","?","$","?","$","R","?","E","T","E","M","R","M","?","R","BOSS","M","?","$","?","?","R","$","R","T","$","?","E","?","M","R","BOSS"],"items_purchased_type":["Card","Card","Relic","Card","Relic","Card","Card"],"build_version":"2020-12-13","purchased_purges":3,"victory":true,"max_hp_per_floor":[70,75,75,75,75,75,75,75,75,75,75,75,75,75,75,75,75,75,75,75,75,75,75,75,85,85,85,85,85,85,85,85,85,85,85,85,85,85,85,85,85,85,85,85,85,85,85,85,85,85],"card_choices":[{"not_picked":["Blade Dance","Bane"],"picked":"Cloak And Dagger","floor":0},{"not_picked":["Deflect","Accuracy"],"picked":"Leg Sweep","floor":1},{"not_picked":["Reflex","Concentrate","Flying Knee"],"picked":"SKIP","floor":5},{"not_picked":["Outmaneuver","Calculated Gamble"],"picked":"Acrobatics","floor":7},{"not_picked":["Bane","Quick Slash"],"picked":"Terror","floor":8},{"not_picked":["Caltrops","Bane","Dagger Spray"],"picked":"SKIP","floor":10},{"not_picked":["Expertise","Poisoned Stab"],"picked":"Blade Dance","floor":11},{"not_picked":["Predator","Sucker Punch"],"picked":"A Thousand Cuts","floor":13},{"not_picked":["Night Terror","Venomology"],"picked":"Die Die Die","floor":16},{"not_picked":["Backflip","Cloak And Dagger"],"picked":"PiercingWail","floor":18},{"not_picked":["Poisoned Stab+1","Predator+1","Skewer"],"picked":"SKIP","floor":21},{"not_picked":["Riddle With Holes","Deflect+1","Outmaneuver"],"picked":"SKIP","floor":25},{"not_picked":["Prepared+1","Cloak And Dagger+1"],"picked":"Corpse Explosion","floor":27},{"not_picked":["Poisoned Stab","Dagger Throw"],"picked":"Caltrops+1","floor":28},{"not_picked":["Dagger Spray","All Out Attack","Flying Knee"],"picked":"SKIP","floor":30},{"not_picked":["Tools of the Trade+1","Venomology"],"picked":"Malaise","floor":33},{"not_picked":["Prepared+1","Quick Slash","Underhanded Strike"],"picked":"SKIP","floor":35},{"not_picked":["Dramatic Entrance","Forethought"],"picked":"Panache+1","floor":38},{"not_picked":["Underhanded Strike+1","Slice"],"picked":"Infinite Blades+1","floor":39},{"not_picked":["Outmaneuver","Sucker Punch+1","Deflect"],"picked":"SKIP","floor":46},{"not_picked":["Outmaneuver+1","Dodge and Roll+1"],"picked":"Footwork+1","floor":48}],"player_experience":310231,"relics_obtained":[{"floor":7,"key":"Boot"},{"floor":9,"key":"MawBank"},{"floor":17,"key":"Akabeko"},{"floor":17,"key":"Gremlin Horn"},{"floor":17,"key":"Thread and Needle"},{"floor":25,"key":"Pear"},{"floor":26,"key":"Matryoshka"},{"floor":27,"key":"Frozen Egg 2"},{"floor":36,"key":"Sundial"},{"floor":36,"key":"Bottled Tornado"},{"floor":43,"key":"Regal Pillow"},{"floor":43,"key":"Ancient Tea Set"},{"floor":46,"key":"Whetstone"},{"floor":47,"key":"Bottled Lightning"}],"event_choices":[{"damage_healed":0,"gold_gain":0,"player_choice":"Donut","damage_taken":0,"max_hp_gain":5,"max_hp_loss":0,"event_name":"Big Fish","floor":2,"gold_loss":0},{"damage_healed":0,"gold_gain":75,"player_choice":"Gather Gold","damage_taken":11,"max_hp_gain":0,"max_hp_loss":0,"event_name":"World of Goop","floor":3,"gold_loss":0},{"damage_healed":0,"gold_gain":175,"player_choice":"AGREE","damage_taken":0,"max_hp_gain":0,"max_hp_loss":0,"event_name":"Liars Game","floor":14,"gold_loss":0,"cards_obtained":["Doubt"]},{"cards_removed":["Doubt"],"damage_healed":0,"gold_gain":0,"player_choice":"Removed Curses","damage_taken":0,"max_hp_gain":0,"max_hp_loss":0,"event_name":"Fountain of Cleansing","floor":19,"gold_loss":0},{"damage_healed":0,"gold_gain":0,"player_choice":"Opened","damage_taken":0,"relics_obtained":["TungstenRod"],"max_hp_gain":0,"max_hp_loss":0,"event_name":"The Mausoleum","floor":24,"gold_loss":0},{"damage_healed":0,"gold_gain":0,"player_choice":"Obtained Relic","damage_taken":0,"relics_obtained":["Bronze Scales"],"max_hp_gain":0,"max_hp_loss":0,"event_name":"Addict","floor":31,"gold_loss":85},{"damage_healed":0,"gold_gain":0,"player_choice":"Memory 1","damage_taken":0,"max_hp_gain":0,"max_hp_loss":0,"event_name":"SensoryStone","floor":38,"gold_loss":0},{"damage_healed":0,"gold_gain":0,"player_choice":"Damaged","damage_taken":8,"max_hp_gain":0,"max_hp_loss":0,"event_name":"Wheel of Change","floor":45,"gold_loss":0}],"is_beta":false,"boss_relics":[{"not_picked":["Cursed Key","Busted Crown"],"picked":"Calling Bell"},{"not_picked":["Astrolabe","Pandora\u0027s Box"],"picked":"SlaversCollar"}],"items_purged_floors":[4,20,22],"is_endless":false,"potions_floor_spawned":[10,11,13,25,27,28,39,46],"ascension_level":4}}