{"host":"daa8jqyg4gqfaysm","time":1608391550,"event":{"mods":["BaseMod","Colored Powertips","Minty Spire (QoL Compilation)","StSLib"],"gold_per_floor":[117,117,117,117,136,136,155,181,234,234,259,278,297,331,331,408,408,420,420,28,28,28,28,55,70,70,89,89,120,137,37,37,112,112,131,1130,1130,1130,197,197,197],"floor_reached":40,"playtime":1163,"items_purged":["Strike_R","Strike_R","Normality"],"score":905,"play_id":"39ee7559-e3c0-494a-8b76-68b89e7c2e51","local_time":"20201219232550","is_ascension_mode":true,"campfire_choices":[{"data":"Pommel Strike","floor":6,"key":"SMITH"},{"floor":10,"key":"REST"},{"data":"Inflame","floor":15,"key":"SMITH"},{"floor":23,"key":"REST"},{"floor":28,"key":"RECALL"},{"floor":32,"key":"REST"}],"circlet_count":0,"master_deck":["AscendersBane","Strike_R+1","Strike_R+1","Defend_R+1","Defend_R+1","Defend_R","Bash+1","Shrug It Off","Pommel Strike+1","Inflame+1","Power Through","Cleave","Reaper","Hemokinesis","Exhume","Uppercut","Havoc+1","Heavy Blade+1","Spot Weakness","Demon Form","True Grit+1","Thinking Ahead","Panacea"],"relics":["Burning Blood","NeowsBlessing","FaceOfCleric","Omamori","Bronze Scales","Bag of Preparation","War Paint","Fusion Hammer","CaptainsWheel","Gremlin Horn","Bag of Marbles","Question Card","Empty Cage","StrikeDummy","WingedGreaves","Strange Spoon"],"acts_visited":["Exordium","TheCity","TheBeyond"],"potions_floor_usage":[8,16,24,29],"damage_taken":[{"damage":0,"enemies":"Jaw Worm","floor":1,"turns":1},{"damage":0,"enemies":"2 Louse","floor":5,"turns":1},{"damage":0,"enemies":"Cultist","floor":7,"turns":1},{"damage":30,"enemies":"3 Sentries","floor":8,"turns":8},{"damage":12,"enemies":"Lagavulin","floor":11,"turns":6},{"damage":0,"enemies":"Large Slime","floor":12,"turns":4},{"damage":3,"enemies":"Exordium Thugs","floor":13,"turns":5},{"damage":22,"enemies":"3 Sentries","floor":14,"turns":6},{"damage":87,"enemies":"Slime Boss","floor":16,"turns":11},{"damage":16,"enemies":"2 Thieves","floor":18,"turns":4},{"damage":33,"enemies":"Book of Stabbing","floor":24,"turns":5},{"damage":6,"enemies":"3 Byrds","floor":25,"turns":2},{"damage":16,"enemies":"Sentry and Sphere","floor":27,"turns":4},{"damage":7,"enemies":"Slavers","floor":29,"turns":2},{"damage":4,"enemies":"Cultist and Chosen","floor":30,"turns":4},{"damage":55,"enemies":"Automaton","floor":33,"turns":8},{"damage":18,"enemies":"Orb Walker","floor":35,"turns":3},{"damage":83,"enemies":"Reptomancer","floor":40,"turns":3}],"seed_played":"-3213387436836581830","potions_obtained":[{"floor":7,"key":"Block Potion"},{"floor":8,"key":"Swift Potion"},{"floor":12,"key":"LiquidMemories"},{"floor":16,"key":"AttackPotion"},{"floor":18,"key":"AttackPotion"},{"floor":30,"key":"EssenceOfSteel"},{"floor":33,"key":"BlessingOfTheForge"}],"is_trial":false,"path_per_floor":["M","?","?","?","M","R","M","E","T","R","E","M","M","E","R","B",null,"M","?","$","?","$","R","E","M","T","M","R","E","M","$","R","B",null,"M","?","T","?","$","E"],"character_chosen":"IRONCLAD","items_purchased":["CaptainsWheel","WingedGreaves","Thinking Ahead","Panacea","Strange Spoon"],"campfire_rested":3,"item_purchase_floors":[20,39,39,39,39],"current_hp_per_floor":[74,51,51,51,58,58,65,42,42,65,60,67,71,68,68,9,65,64,64,64,64,64,84,61,71,71,68,68,68,88,88,89,41,78,67,67,67,67,67,0,0],"gold":197,"neow_bonus":"THREE_ENEMY_KILL","is_daily":false,"chose_seed":false,"campfire_upgraded":2,"win_rate":0.0,"timestamp":1608391550,"path_taken":["M","?","?","?","M","R","M","E","T","R","E","?","M","E","R","BOSS","M","?","?","?","?","R","E","M","T","?","R","E","M","?","R","BOSS","M","?","?","?","$","E"],"items_purchased_type":["Relic","Relic","Card","Card","Relic"],"build_version":"2020-12-13","purchased_purges":3,"victory":false,"max_hp_per_floor":[75,75,75,75,76,76,77,78,78,78,79,80,81,82,82,83,83,84,84,84,84,84,84,85,86,86,87,87,88,89,89,89,90,90,91,91,91,91,91,91,91],"card_choices":[{"not_picked":["True Grit","Clash"],"picked":"Shrug It Off","floor":1},{"not_picked":["Havoc","Thunderclap"],"picked":"Pommel Strike","floor":5},{"not_picked":["Sentinel","Searing Blow"],"picked":"Inflame","floor":7},{"not_picked":["True Grit","Rage"],"picked":"Power Through","floor":8},{"not_picked":["Armaments","Rampage"],"picked":"Cleave","floor":11},{"not_picked":["Entrench","Rupture"],"picked":"Reaper","floor":12},{"not_picked":["Clash","Reckless Charge","Armaments"],"picked":"SKIP","floor":13},{"not_picked":["Warcry","Anger"],"picked":"Hemokinesis","floor":14},{"not_picked":["Bludgeon","Juggernaut"],"picked":"Exhume","floor":16},{"not_picked":["Warcry","Searing Blow"],"picked":"Uppercut","floor":18},{"not_picked":["Combust","Iron Wave","Hemokinesis"],"picked":"SKIP","floor":24},{"not_picked":["Flex","Sword Boomerang"],"picked":"Havoc+1","floor":25},{"not_picked":["Uppercut","Armaments"],"picked":"Heavy Blade+1","floor":27},{"not_picked":["Juggernaut","Immolate"],"picked":"Spot Weakness","floor":29},{"not_picked":["Rupture","Clash","Heavy Blade","Clothesline"],"picked":"SKIP","floor":30},{"not_picked":["Exhume","Fiend Fire","Juggernaut"],"picked":"Demon Form","floor":33},{"not_picked":["Body Slam+1","Perfected Strike","Blood for Blood"],"picked":"True Grit+1","floor":35}],"player_experience":701991,"relics_obtained":[{"floor":8,"key":"Omamori"},{"floor":9,"key":"Bronze Scales"},{"floor":11,"key":"Bag of Preparation"},{"floor":14,"key":"War Paint"},{"floor":24,"key":"Bag of Marbles"},{"floor":29,"key":"Question Card"},{"floor":37,"key":"StrikeDummy"}],"event_choices":[{"damage_healed":0,"gold_gain":0,"player_choice":"Entered Light","damage_taken":23,"max_hp_gain":0,"max_hp_loss":0,"event_name":"Shining Light","floor":2,"gold_loss":0,"cards_upgraded":["Strike_R","Strike_R"]},{"damage_healed":0,"gold_gain":0,"player_choice":"Grow","damage_taken":0,"max_hp_gain":0,"max_hp_loss":0,"event_name":"Living Wall","floor":3,"gold_loss":0,"cards_upgraded":["Bash"]},{"damage_healed":0,"gold_gain":0,"player_choice":"Trade","damage_taken":0,"relics_obtained":["FaceOfCleric"],"max_hp_gain":0,"max_hp_loss":0,"event_name":"FaceTrader","floor":4,"gold_loss":0},{"damage_healed":0,"gold_gain":0,"player_choice":"Copied","damage_taken":0,"max_hp_gain":0,"max_hp_loss":0,"event_name":"Duplicator","floor":19,"gold_loss":0,"cards_obtained":["Inflame"]},{"damage_healed":0,"gold_gain":0,"player_choice":"Opened","damage_taken":0,"relics_obtained":["Gremlin Horn"],"max_hp_gain":0,"max_hp_loss":0,"event_name":"The Mausoleum","floor":21,"gold_loss":0,"cards_obtained":["Writhe"]},{"damage_healed":0,"gold_gain":999,"player_choice":"Gold","damage_taken":0,"max_hp_gain":0,"max_hp_loss":0,"event_name":"MindBloom","floor":36,"gold_loss":0,"cards_obtained":["Normality","Normality"]},{"cards_removed":["Inflame"],"damage_healed":0,"gold_gain":0,"player_choice":"Removed Power","damage_taken":0,"max_hp_gain":0,"max_hp_loss":0,"event_name":"Falling","floor":38,"gold_loss":0}],"is_beta":false,"boss_relics":[{"not_picked":["Black Star","Snecko Eye"],"picked":"Fusion Hammer"},{"not_picked":["Runic Dome","Black Blood"],"picked":"Empty Cage"}],"items_purged_floors":[20,31,39],"is_endless":false,"potions_floor_spawned":[7,8,12,16,18,30,33],"killed_by":"Reptomancer","ascension_level":20}}