{"host":"5gc11emcm5chfr5t","time":1608349333,"event":{"mods":["2.2 Compatiblity","AchievementEnabler","BaseMod","Bestiary","Better Note","Colored Map","Colored Powertips","Downfall","Googly Eyes","Minty Spire (QoL Compilation)","Rare Cards Sparkle","StSLib"],"gold_per_floor":[99,127,137,237,687,612,612,638,658,583,600,611,628,24,43,119,119,119,151,426,441,469,484,484,1,1,27,41,20,20,34,48,122,122,47,47,47,1046,650,675,675,675,707,707,727,336,350,428,445,445,445,474,6,6,6],"floor_reached":56,"playtime":3714,"items_purged":["Regret","Normality","Normality"],"score":2264,"play_id":"ffd8b959-390a-4271-8da4-f66db158cfd9","local_time":"20201218224213","is_ascension_mode":true,"campfire_choices":[{"floor":1,"key":"RECALL"},{"floor":6,"key":"REST"},{"floor":10,"key":"REST"},{"data":"sneckomod:Restock","floor":18,"key":"SMITH"},{"data":"sneckomod:Unknown3Cost","floor":26,"key":"SMITH"},{"data":"sneckomod:UnknownRarePower","floor":35,"key":"SMITH"},{"data":"expansioncontent:DefensiveStance","floor":37,"key":"SMITH"},{"floor":42,"key":"REST"},{"data":"sneckomod:UnknownUncommonPower","floor":44,"key":"SMITH"},{"floor":54,"key":"REST"}],"circlet_count":0,"master_deck":["AscendersBane","sneckomod:Strike","sneckomod:Strike","sneckomod:Strike","sneckomod:Defend","sneckomod:Defend","sneckomod:Defend","sneckomod:TailWhip","sneckomod:SnekBite+1","sneckomod:Unknown+1","sneckomod:Unknown","sneckomod:UnknownColorless+1","sneckomod:UnknownBlock","sneckomod:QuickMove","Slimebound:Icky","Slimebound:Icky","Slimebound:Icky","sneckomod:UnknownStrength","sneckomod:IronFang+1","sneckomod:SnakeSap","sneckomod:Nope","sneckomod:UnknownUncommonPower+1","sneckomod:Cheat","sneckomod:WideSting","sneckomod:Restock+1","sneckomod:UnknownStrike","sneckomod:UnknownVulnerable","sneckomod:Unknown3Cost","sneckomod:SoulRoll","sneckomod:Unknown3Cost+1","sneckomod:UnknownRareAttack","sneckomod:ImprovisedGuard","sneckomod:UnknownStrength","Shame","sneckomod:UnknownClassPURPLE","sneckomod:UnknownStrength","sneckomod:UnknownRarePower+1","expansioncontent:DefensiveStance+1","expansioncontent:DecasProtection","expansioncontent:AwakenDeath","Sadistic Nature","sneckomod:Unknown3Cost","sneckomod:MixItUp","sneckomod:SoulRoll","sneckomod:CheapStock","Sadistic Nature","sneckomod:SoulRoll","Magnetism"],"relics":["sneckomod:SneckoSoul","HornCleat","downfall:HeartBlessingRed","War Paint","sneckomod:ConfusingCodex","downfall:HeartBlessingGreen","Chemical X","TungstenRod","Bronze Scales","Snecko Eye","Mercury Hourglass","Whetstone","Bottled Tornado","Orichalcum","Smiling Mask","Pear","Philosopher\u0027s Stone","downfall:HeartBlessingBlue","Omamori","Pen Nib","Bottled Lightning","Regal Pillow","Pantograph","HandDrill","InkBottle","Eternal Feather","Kunai"],"acts_visited":["Exordium","TheCity","TheBeyond","TheEnding"],"potions_floor_usage":[8,16,19,27,29,32,33,50,50,55],"damage_taken":[{"damage":40,"enemies":"Lagavulin","floor":2,"turns":6},{"damage":0,"enemies":"Cultist","floor":3,"turns":4},{"damage":16,"enemies":"3 Sentries","floor":8,"turns":6},{"damage":0,"enemies":"Jaw Worm","floor":9,"turns":3},{"damage":1,"enemies":"Small Slimes","floor":11,"turns":3},{"damage":0,"enemies":"2 Fungi Beasts","floor":12,"turns":3},{"damage":0,"enemies":"Gremlin Gang","floor":13,"turns":6},{"damage":0,"enemies":"downfall:FleeingMerchant","floor":14,"turns":4},{"damage":15,"enemies":"Exordium Thugs","floor":15,"turns":4},{"damage":16,"enemies":"downfall:Watcher","floor":16,"turns":6},{"damage":4,"enemies":"Book of Stabbing","floor":19,"turns":4},{"damage":8,"enemies":"Shell Parasite","floor":21,"turns":2},{"damage":0,"enemies":"Slavers","floor":22,"turns":1},{"damage":0,"enemies":"Spheric Guardian","floor":23,"turns":3},{"damage":2,"enemies":"downfall:FleeingMerchant","floor":25,"turns":4},{"damage":6,"enemies":"Gremlin Leader","floor":27,"turns":4},{"damage":0,"enemies":"Shelled Parasite and Fungi","floor":28,"turns":4},{"damage":0,"enemies":"downfall:FleeingMerchant","floor":29,"turns":5},{"damage":0,"enemies":"3 Cultists","floor":31,"turns":4},{"damage":3,"enemies":"Cultist and Chosen","floor":32,"turns":6},{"damage":40,"enemies":"downfall:Ironclad","floor":33,"turns":8},{"damage":0,"enemies":"downfall:FleeingMerchant","floor":39,"turns":1},{"damage":60,"enemies":"Nemesis","floor":40,"turns":7},{"damage":0,"enemies":"Giant Head","floor":43,"turns":8},{"damage":0,"enemies":"3 Shapes","floor":45,"turns":3},{"damage":0,"enemies":"Orb Walker","floor":47,"turns":2},{"damage":2,"enemies":"Transient","floor":49,"turns":5},{"damage":42,"enemies":"downfall:Silent","floor":50,"turns":9},{"damage":133,"enemies":"downfall:CharBossMerchant","floor":52,"turns":8},{"damage":51,"enemies":"downfall:NeowBoss","floor":55,"turns":28}],"seed_played":"3002654423754583144","potions_obtained":[{"floor":3,"key":"Fire Potion"},{"floor":12,"key":"Energy Potion"},{"floor":15,"key":"LiquidBronze"},{"floor":16,"key":"AttackPotion"},{"floor":21,"key":"Block Potion"},{"floor":27,"key":"Slimebound:ThreeZeroPotion"},{"floor":32,"key":"sneckomod:OffclassReductionPotion"},{"floor":33,"key":"SteroidPotion"}],"is_trial":false,"path_per_floor":["R","E","M","?","?","R","T","E","M","R","M","M","M","$","M","B",null,"R","E","?","M","E","M","T","$","R","E","M","$","?","M","M","B",null,"R","?","R","?","?","E","T","R","E","R","M","$","M","T","M","B",null,"E","$","R","B",null],"character_chosen":"THE_SNECKO","items_purchased":["Chemical X","TungstenRod","Bronze Scales","Bottled Tornado","Orichalcum","Sadistic Nature","Omamori","Pen Nib","sneckomod:Unknown3Cost","Guardian:BlockOnCardUsePotion","HandDrill","Sadistic Nature","Kunai","Magnetism","SteroidPotion"],"campfire_rested":4,"item_purchase_floors":[14,14,14,25,25,39,39,39,39,39,46,46,53,53,53],"current_hp_per_floor":[55,16,16,16,16,41,41,26,33,58,57,57,58,58,64,48,77,77,74,74,67,68,68,68,67,67,62,62,63,73,74,72,33,88,98,89,89,89,90,30,30,80,80,80,80,80,80,80,78,66,108,10,10,88,64],"gold":6,"neow_bonus":"THREE_RARE_CARDS","is_daily":false,"chose_seed":false,"campfire_upgraded":5,"win_rate":0.0,"timestamp":1608349333,"path_taken":["R","E","?","?","?","R","T","E","M","R","M","M","M","$","M","BOSS","R","E","?","M","E","?","T","$","R","E","M","$","?","M","M","BOSS","R","?","R","?","?","E","T","R","E","R","M","$","?","?","M","BOSS","E","$","R","BOSS"],"items_purchased_type":["Relic","Relic","Relic","Relic","Relic","Card","Relic","Relic","Card","Potion","Relic","Card","Relic","Card","Potion"],"build_version":"2020-12-13","purchased_purges":3,"victory":true,"max_hp_per_floor":[84,85,85,85,85,85,85,86,86,86,86,86,87,87,87,87,87,87,88,88,89,90,90,90,91,91,92,92,93,103,104,105,106,106,116,116,116,116,117,117,117,117,117,117,117,117,117,117,117,122,122,122,122,122,122],"card_choices":[{"not_picked":["sneckomod:SerpentMind","sneckomod:Mudshield"],"picked":"sneckomod:UnknownColorless","floor":0},{"not_picked":["sneckomod:DiceBlock","sneckomod:UnknownCommonSkill"],"picked":"sneckomod:UnknownBlock","floor":2},{"not_picked":["sneckomod:MixItUp","sneckomod:IronFang"],"picked":"sneckomod:QuickMove","floor":3},{"not_picked":["sneckomod:UnknownExhaust","sneckomod:UnknownWeak"],"picked":"sneckomod:UnknownStrength","floor":8},{"not_picked":["sneckomod:SoulDraw","sneckomod:UnknownClassBLUE"],"picked":"sneckomod:IronFang","floor":9},{"not_picked":["sneckomod:UnknownStrike","sneckomod:DefensiveFlair"],"picked":"sneckomod:SnakeSap","floor":11},{"not_picked":["sneckomod:RainOfDice","sneckomod:SoulDraw"],"picked":"sneckomod:Nope","floor":12},{"not_picked":["sneckomod:Rotation","sneckomod:DiceBlock"],"picked":"sneckomod:UnknownUncommonPower","floor":13},{"not_picked":["sneckomod:UnknownStrike","sneckomod:UnknownWeak"],"picked":"sneckomod:Cheat","floor":14},{"not_picked":["sneckomod:DiceBoulder","sneckomod:QuickMove"],"picked":"sneckomod:WideSting","floor":15},{"not_picked":["sneckomod:Mudshield","sneckomod:SoulExchange"],"picked":"sneckomod:Restock","floor":16},{"not_picked":["sneckomod:DiceCrush","sneckomod:Unknown1Cost"],"picked":"sneckomod:UnknownStrike","floor":19},{"not_picked":["sneckomod:UnknownClassGUARDIAN","sneckomod:Unknown0Cost"],"picked":"sneckomod:UnknownVulnerable","floor":21},{"not_picked":["sneckomod:Unknown1Cost","sneckomod:Nope"],"picked":"sneckomod:Unknown3Cost","floor":22},{"not_picked":["sneckomod:UnknownClassTHE_CHAMP_GRAY","sneckomod:UnknownClassHEXA_GHOST_PURPLE"],"picked":"sneckomod:SoulRoll","floor":23},{"not_picked":["sneckomod:UnknownCommonSkill","sneckomod:Nope"],"picked":"sneckomod:Unknown3Cost","floor":25},{"not_picked":["sneckomod:ImprovisedGuard","sneckomod:SoulDraw+1"],"picked":"sneckomod:UnknownRareAttack","floor":27},{"not_picked":["sneckomod:RainOfDice","sneckomod:UnknownClassHEXA_GHOST_PURPLE"],"picked":"sneckomod:ImprovisedGuard","floor":28},{"not_picked":["sneckomod:SoulRoll","sneckomod:UnknownClassSLIMEBOUND"],"picked":"sneckomod:UnknownStrength","floor":29},{"not_picked":["sneckomod:DiceCrush","sneckomod:UnknownStrike"],"picked":"sneckomod:UnknownClassPURPLE","floor":31},{"not_picked":["sneckomod:UnknownClassGUARDIAN+1","sneckomod:WideSting"],"picked":"sneckomod:UnknownStrength","floor":32},{"not_picked":["sneckomod:SoulExchange","sneckomod:Cheat"],"picked":"sneckomod:UnknownRarePower","floor":33},{"not_picked":["expansioncontent:Torchfire","expansioncontent:GuardianWhirl"],"picked":"expansioncontent:DefensiveStance","floor":36},{"not_picked":["expansioncontent:DefensiveStance","expansioncontent:DarkVoid"],"picked":"expansioncontent:DecasProtection","floor":36},{"not_picked":["expansioncontent:ManipulateTime","expansioncontent:DecasProtection"],"picked":"expansioncontent:AwakenDeath","floor":36},{"not_picked":["sneckomod:UnknownStrike","sneckomod:IronFang+1","sneckomod:UnknownClassHEXA_GHOST_PURPLE+1"],"picked":"SKIP","floor":39},{"not_picked":["sneckomod:UnknownClassHEXA_GHOST_PURPLE+1","sneckomod:UnknownClassBLUE"],"picked":"sneckomod:MixItUp","floor":40},{"not_picked":["sneckomod:UnknownClassPURPLE","sneckomod:UnknownBlock+1"],"picked":"sneckomod:SoulRoll","floor":43},{"not_picked":["sneckomod:UnknownVulnerable","sneckomod:QuickBite"],"picked":"sneckomod:CheapStock","floor":45},{"not_picked":["sneckomod:Nope","sneckomod:UnknownUncommonAttack","sneckomod:DiceBlock"],"picked":"SKIP","floor":47},{"not_picked":["sneckomod:Nope+1","sneckomod:UnknownCommonAttack","sneckomod:UnknownEthereal"],"picked":"SKIP","floor":49},{"not_picked":["sneckomod:IronFang","sneckomod:UnknownCommonSkill"],"picked":"sneckomod:SoulRoll","floor":52}],"player_experience":430427,"relics_obtained":[{"floor":2,"key":"HornCleat"},{"floor":7,"key":"War Paint"},{"floor":8,"key":"sneckomod:ConfusingCodex"},{"floor":19,"key":"Mercury Hourglass"},{"floor":22,"key":"Whetstone"},{"floor":27,"key":"Smiling Mask"},{"floor":40,"key":"Bottled Lightning"},{"floor":41,"key":"Regal Pillow"},{"floor":43,"key":"Pantograph"},{"floor":48,"key":"InkBottle"},{"floor":52,"key":"Eternal Feather"}],"event_choices":[{"damage_healed":0,"gold_gain":0,"player_choice":"Stole Relic","damage_taken":0,"relics_obtained":["Pear"],"max_hp_gain":0,"max_hp_loss":0,"event_name":"Addict","floor":30,"gold_loss":0,"cards_obtained":["Shame"]}],"is_beta":false,"boss_relics":[{"not_picked":["Sozu","Runic Pyramid"],"picked":"Snecko Eye"},{"not_picked":["Empty Cage","Velvet Choker"],"picked":"Philosopher\u0027s Stone"}],"items_purged_floors":[25,39,46],"is_endless":false,"potions_floor_spawned":[3,12,15,16,21,27,32,33,45,47],"ascension_level":14}}