{"host":"llpusn9usp8rznkj","time":1608342153,"event":{"mods":["2.2 Compatiblity","BaseMod","Colored Map","Colored Powertips","Conspire","Downfall","Hubris","Minty Spire (QoL Compilation)","Rare Cards Sparkle","Replay The Spire","StSLib","The Cursed"],"gold_per_floor":[110,110,35,35,52,52,83,83,83,83,102,102,134,51,51,125,125,147,147,29,29,29,33,33],"floor_reached":23,"playtime":814,"items_purged":[],"score":436,"play_id":"c669d8de-ab51-4059-ace8-0b3a140c0591","local_time":"20201218204233","is_ascension_mode":true,"campfire_choices":[{"data":"hubris:PowerSurge","floor":6,"key":"SMITH"},{"data":"Reinforced Body","floor":10,"key":"SMITH"},{"data":"Glacier","floor":12,"key":"SMITH"},{"floor":15,"key":"REST"}],"circlet_count":0,"master_deck":["AscendersBane","Strike_B","Strike_B","Defend_B","Defend_B","Defend_B","Defend_B","Zap+1","Dualcast","hubris:PowerSurge+1","Storm+1","Reinforced Body+1","ReplayTheSpireMod:System Scan","Glacier+1","Time Bomb","Self Repair","Fission","Force Field+1","Cold Snap"],"relics":["Cracked Core","NeowsBlessing","Replay:Bandana","Prayer Wheel","Orichalcum","hubris:Backtick","Mummified Hand"],"acts_visited":["Exordium","TheCity"],"potions_floor_usage":[13,16,16],"damage_taken":[{"damage":0,"enemies":"Jaw Worm","floor":1,"turns":1},{"damage":0,"enemies":"Small Slimes","floor":5,"turns":1},{"damage":0,"enemies":"Lagavulin","floor":7,"turns":1},{"damage":0,"enemies":"Cultist","floor":11,"turns":3},{"damage":33,"enemies":"Gremlin Nob","floor":13,"turns":5},{"damage":42,"enemies":"Fading Forest","floor":16,"turns":13},{"damage":5,"enemies":"Spheric Guardian","floor":18,"turns":7},{"damage":12,"enemies":"2 Thieves","floor":20,"turns":5},{"damage":56,"enemies":"Slavers","floor":23,"turns":4}],"seed_played":"7347112494248664664","potions_obtained":[{"floor":1,"key":"Explosive Potion"},{"floor":5,"key":"Slimebound:ThreeZeroPotion"},{"floor":13,"key":"Explosive Potion"},{"floor":18,"key":"LiquidBronze"}],"is_trial":false,"path_per_floor":["M","?","$","?","M","R","E","?","T","R","M","R","E","$","R","B",null,"M","?","M","?","?","E"],"character_chosen":"DEFECT","items_purchased":["Storm","Self Repair"],"campfire_rested":1,"item_purchase_floors":[3,14],"current_hp_per_floor":[64,57,57,57,57,57,57,57,57,57,57,57,24,24,45,10,56,58,58,53,53,49,0,0],"gold":33,"neow_bonus":"THREE_ENEMY_KILL","is_daily":false,"chose_seed":false,"campfire_upgraded":3,"win_rate":0.0,"timestamp":1608342153,"path_taken":["M","?","$","?","M","R","E","?","T","R","M","R","E","$","R","BOSS","M","?","?","?","?","E"],"items_purchased_type":["Card","Card"],"build_version":"2020-12-13","purchased_purges":0,"victory":false,"max_hp_per_floor":[71,71,71,71,71,71,71,71,71,71,71,71,71,71,71,71,71,71,71,71,71,71,71,71],"card_choices":[{"not_picked":["Beam Cell","Coolheaded"],"picked":"hubris:PowerSurge","floor":1},{"not_picked":["Reprogram","ReplayTheSpireMod:Repulse"],"picked":"Reinforced Body","floor":5},{"not_picked":["Tempest","Streamline","ReplayTheSpireMod:System Scan"],"picked":"SKIP","floor":7},{"not_picked":["Cold Snap","Rip and Tear"],"picked":"Glacier","floor":11},{"not_picked":["Cold Snap","Stack"],"picked":"Time Bomb","floor":11},{"not_picked":["Beam Cell","BasicCrystalCard","Rebound"],"picked":"SKIP","floor":13},{"not_picked":["All For One","Rainbow"],"picked":"Fission","floor":16},{"not_picked":["Hologram","Streamline+1"],"picked":"Force Field+1","floor":18},{"not_picked":["Conserve Battery","Turbo","Gash"],"picked":"SKIP","floor":18},{"not_picked":["conspire:SharedLibrary","Turbo"],"picked":"Cold Snap","floor":20},{"not_picked":["Turbo","ReplaySort","Sweeping Beam+1"],"picked":"SKIP","floor":20}],"player_experience":1084248,"relics_obtained":[{"floor":7,"key":"Replay:Bandana"},{"floor":9,"key":"Prayer Wheel"},{"floor":13,"key":"Orichalcum"}],"event_choices":[{"cards_removed":["Strike_B"],"damage_healed":0,"gold_gain":0,"player_choice":"Card Removal","damage_taken":7,"max_hp_gain":0,"max_hp_loss":0,"event_name":"Golden Wing","floor":2,"gold_loss":0},{"damage_healed":0,"gold_gain":0,"cards_transformed":["Strike_B"],"player_choice":"Transformed","damage_taken":0,"max_hp_gain":0,"max_hp_loss":0,"event_name":"Transmorgrifier","floor":8,"gold_loss":0,"cards_obtained":["ReplayTheSpireMod:System Scan"]},{"damage_healed":0,"gold_gain":0,"player_choice":"Forge","damage_taken":0,"max_hp_gain":0,"max_hp_loss":0,"event_name":"Accursed Blacksmith","floor":19,"gold_loss":0,"cards_upgraded":["Storm"]},{"damage_healed":0,"gold_gain":0,"player_choice":"Ignored","damage_taken":0,"max_hp_gain":0,"max_hp_loss":0,"event_name":"Ghosts","floor":21,"gold_loss":0},{"damage_healed":0,"gold_gain":0,"player_choice":"Leave","damage_taken":0,"max_hp_gain":0,"max_hp_loss":0,"event_name":"conspire:Investor","floor":22,"gold_loss":0}],"is_beta":false,"boss_relics":[{"not_picked":["hubris:VirtuousBlindfold","Black Star"],"picked":"hubris:Backtick"}],"items_purged_floors":[],"is_endless":false,"potions_floor_spawned":[1,5,13,18],"killed_by":"Slavers","ascension_level":20}}