{"host":"7cfzm0fn42wwm7gf","time":1608364125,"event":{"mods":["Alarm Clock","BaseMod","Colored Powertips","Highlight Path","Minty Spire (QoL Compilation)","Quick Restart","Relic Stats","Waifu the Spire"],"gold_per_floor":[116,116,116,130,210,210,228,228,253,6,16,46,59,78,78,78,78],"floor_reached":16,"playtime":770,"items_purged":[],"score":173,"play_id":"1d7ec5af-e8f7-426f-9bb9-515ccb7c9e24","local_time":"20201219154845","is_ascension_mode":true,"campfire_choices":[{"data":"Neutralize","floor":6.0,"key":"SMITH"},{"floor":8.0,"key":"REST"},{"floor":15.0,"key":"REST"}],"circlet_count":0,"master_deck":["AscendersBane","Strike_G","Strike_G","Strike_G","Strike_G","Strike_G","Defend_G","Defend_G","Defend_G+1","Defend_G","Defend_G","Survivor+1","Neutralize+1","PiercingWail","Dagger Spray","Endless Agony","Blur","Riddle With Holes","Bouncing Flask","Reflex","Terror"],"relics":["Ring of the Snake","Dream Catcher","Sundial","War Paint","Frozen Egg 2","Smiling Mask"],"acts_visited":["Exordium"],"potions_floor_usage":[16,16],"damage_taken":[{"damage":2.0,"enemies":"Cultist","floor":1.0,"turns":4.0},{"damage":3.0,"enemies":"Small Slimes","floor":4.0,"turns":5.0},{"damage":5.0,"enemies":"Jaw Worm","floor":7.0,"turns":4.0},{"damage":21.0,"enemies":"Red Slaver","floor":11.0,"turns":5.0},{"damage":34.0,"enemies":"3 Sentries","floor":12.0,"turns":12.0},{"damage":0.0,"enemies":"3 Louse","floor":13.0,"turns":1.0},{"damage":0.0,"enemies":"Large Slime","floor":14.0,"turns":5.0},{"damage":45,"enemies":"Slime Boss","floor":16,"turns":10}],"seed_played":"1112765408016679198","potions_obtained":[{"floor":1.0,"key":"SneckoOil"},{"floor":4.0,"key":"FearPotion"},{"floor":12.0,"key":"Explosive Potion"},{"floor":13.0,"key":"Dexterity Potion"},{"floor":14.0,"key":"AttackPotion"}],"is_trial":false,"path_per_floor":["M","?","?","M","T","R","M","R","T","$","M","E","M","M","R","B"],"character_chosen":"THE_SILENT","items_purchased":["Frozen Egg 2"],"campfire_rested":2,"item_purchase_floors":[10],"current_hp_per_floor":[63,68,61,58,58,58,53,76,76,76,55,21,21,21,44,0,0],"gold":78,"neow_bonus":"TEN_PERCENT_HP_BONUS","is_daily":false,"chose_seed":false,"campfire_upgraded":1,"win_rate":0.0,"timestamp":1608364125,"path_taken":["M","?","?","M","?","R","M","R","T","$","?","E","M","M","R","BOSS"],"items_purchased_type":["Relic"],"build_version":"2020-12-13","purchased_purges":0,"victory":false,"max_hp_per_floor":[72,77,77,77,77,77,77,77,77,77,77,77,77,77,77,77,77],"relic_stats":{"Dream Catcher":2,"counters":[8,46],"Sundial":[6],"War Paint":["Survivor","Defend_G"],"Smiling Mask":0,"obtain_stats":[{"Dream Catcher":3,"Sundial":5,"War Paint":9,"Frozen Egg 2":10,"Smiling Mask":12,"Ring of the Snake":0},{"Dream Catcher":1,"Sundial":2,"War Paint":3,"Frozen Egg 2":3,"Smiling Mask":5,"Ring of the Snake":0},{"Dream Catcher":4,"Sundial":9,"War Paint":13,"Frozen Egg 2":13,"Smiling Mask":30,"Ring of the Snake":0}],"Ring of the Snake":[16]},"card_choices":[{"not_picked":["Flechettes","Setup"],"picked":"PiercingWail","floor":1.0},{"not_picked":["Choke","Finisher"],"picked":"Dagger Spray","floor":4.0},{"not_picked":["Dodge and Roll","Caltrops"],"picked":"Endless Agony","floor":7.0},{"not_picked":["Poisoned Stab","Heel Hook"],"picked":"Blur","floor":11.0},{"not_picked":["Prepared","Slice"],"picked":"Riddle With Holes","floor":12.0},{"not_picked":["Cloak And Dagger","Terror"],"picked":"Bouncing Flask","floor":13.0},{"not_picked":["Concentrate","Flying Knee"],"picked":"Reflex","floor":14.0},{"not_picked":["Slice","Noxious Fumes+1"],"picked":"Terror","floor":15.0}],"player_experience":105707,"relics_obtained":[{"floor":5.0,"key":"Sundial"},{"floor":9.0,"key":"War Paint"},{"floor":12.0,"key":"Smiling Mask"}],"event_choices":[{"damage_healed":0.0,"max_hp_gain":5.0,"max_hp_loss":0.0,"gold_gain":0.0,"event_name":"Big Fish","player_choice":"Donut","floor":2.0,"gold_loss":0.0,"damage_taken":0.0},{"damage_healed":0.0,"max_hp_gain":0.0,"max_hp_loss":0.0,"gold_gain":0.0,"event_name":"Scrap Ooze","player_choice":"Success","floor":3.0,"gold_loss":0.0,"damage_taken":7.0,"relics_obtained":["Dream Catcher"]}],"is_beta":false,"boss_relics":[],"items_purged_floors":[],"is_endless":false,"potions_floor_spawned":[1,4,12,13,14],"killed_by":"Slime Boss","ascension_level":14}}