{"host":"chv1qanoipyt46jc","time":1608358109,"event":{"mods":["2.2 Compatiblity","AchievementEnabler","BaseMod","BetterRewards","CapriCore","Card Filter","Conspire","Gold Saver","Grow up Mod","Kratos Character Expansion","Minty Spire (QoL Compilation)","Rare Cards Sparkle","Relic Filter","Remove Card Discount Mod","Reorder Act Four","StSLib"],"gold_per_floor":[882,882,902,902,902,902,821,852,852,867,1196,1196,1196,1210,1210,1313,1313,1325,1336,1336,1352,1370,1395,1406,1440,1490,1509,1542,1555,1654,1670,1670,1773,1773,1785,1804,1816,1816,1816,1816,1844,1860,1906,1938,1938,1954,1954,1970,1970,1970,1970,1968,1968,1993,1993],"floor_reached":56,"playtime":879,"items_purged":["KratosMod:Strike_K","KratosMod:Strike_K","KratosMod:Strike_K","KratosMod:Defend_K","KratosMod:Defend_K","KratosMod:Strike_K","KratosMod:Defend_K","KratosMod:Defend_K","KratosMod:BladeWhip","KratosMod:BladeWhip","KratosMod:BladeWhip+1"],"score":1906,"play_id":"d44d4134-8720-437c-90a3-f702f2ec4fc4","local_time":"20201219000829","is_ascension_mode":false,"campfire_choices":[{"data":"KratosMod:BladeWhip","floor":6,"key":"SMITH"},{"floor":15,"key":"RECALL"},{"data":"KratosMod:BladeWhip","floor":32,"key":"SMITH"},{"data":"KratosMod:cyclone","floor":40,"key":"SMITH"},{"data":"KratosMod:BladeWhip","floor":45,"key":"SMITH"}],"circlet_count":0,"master_deck":["KratosMod:cyclone+1","KratosMod:AthenaBane","KratosMod:BladeWhip+1","KratosMod:Revenge+1","KratosMod:BladeWhip+1"],"relics":["KratosMod:eagle","Singing Bowl","TungstenRod","Orrery","Vajra","InkBottle","Old Coin","Coffee Dripper","Blue Candle","Potion Belt","Dream Catcher","Bottled Lightning","Black Star","Toxic Egg 2","conspire:TopHat","War Paint","KratosMod:eagle","Eternal Feather","Du-Vu Doll","Boot"],"acts_visited":["Exordium","TheCity","TheBeyond","TheEnding"],"potions_floor_usage":[],"damage_taken":[{"damage":10,"enemies":"Jaw Worm","floor":1,"turns":2},{"damage":0,"enemies":"Small Slimes","floor":3,"turns":2},{"damage":24,"enemies":"3 Sentries","floor":8,"turns":4},{"damage":0,"enemies":"Cultist","floor":10,"turns":2},{"damage":0,"enemies":"Gremlin Nob","floor":11,"turns":2},{"damage":12,"enemies":"Lots of Slimes","floor":14,"turns":2},{"damage":0,"enemies":"Slime Boss","floor":16,"turns":2},{"damage":9,"enemies":"2 Thieves","floor":18,"turns":2},{"damage":0,"enemies":"3 Byrds","floor":19,"turns":2},{"damage":0,"enemies":"3 Cultists","floor":21,"turns":2},{"damage":0,"enemies":"Snake Plant","floor":22,"turns":1},{"damage":10,"enemies":"Book of Stabbing","floor":23,"turns":2},{"damage":0,"enemies":"Snecko","floor":24,"turns":1},{"damage":0,"enemies":"Gremlin Leader","floor":25,"turns":1},{"damage":0,"enemies":"Cultist and Chosen","floor":27,"turns":1},{"damage":12,"enemies":"Slavers","floor":28,"turns":2},{"damage":0,"enemies":"Centurion and Healer","floor":29,"turns":1},{"damage":0,"enemies":"3 Cultists","floor":31,"turns":2},{"damage":0,"enemies":"conspire:MysteriousRune","floor":33,"turns":1},{"damage":0,"enemies":"Orb Walker","floor":35,"turns":1},{"damage":10,"enemies":"3 Shapes","floor":36,"turns":2},{"damage":4,"enemies":"Sphere and 2 Shapes","floor":37,"turns":1},{"damage":18,"enemies":"Nemesis","floor":41,"turns":3},{"damage":0,"enemies":"Transient","floor":42,"turns":2},{"damage":0,"enemies":"Reptomancer","floor":44,"turns":1},{"damage":0,"enemies":"Writhing Mass","floor":46,"turns":1},{"damage":0,"enemies":"Sphere and 2 Shapes","floor":48,"turns":2},{"damage":0,"enemies":"Donu and Deca","floor":50,"turns":1},{"damage":0,"enemies":"Shield and Spear","floor":54,"turns":2},{"damage":85,"enemies":"The Heart","floor":55,"turns":4}],"seed_played":"-1135609660706572137","potions_obtained":[{"floor":1,"key":"Explosive Potion"},{"floor":14,"key":"Ancient Potion"},{"floor":16,"key":"Ancient Potion"},{"floor":21,"key":"LiquidBronze"},{"floor":25,"key":"SpeedPotion"},{"floor":27,"key":"EntropicBrew"}],"is_trial":false,"path_per_floor":["M","?","M","$","?","R","$","E","T","M","E","?","?","M","R","B",null,"M","M","$","M","M","E","M","E","T","M","E","M","?","M","R","B",null,"M","M","M","?","?","R","E","M","T","E","R","M","?","M","R","B",null,"$","R","E","B",null],"character_chosen":"KRATOS","items_purchased":["Singing Bowl","KratosMod:BladeWhip","KratosMod:BladeWhip","TungstenRod","Orrery","Vajra","KratosMod:Revenge"],"campfire_rested":0,"item_purchase_floors":[0,0,0,0,0,0,7],"current_hp_per_floor":[42,52,64,74,89,99,109,97,107,119,131,141,151,151,161,173,265,268,280,290,302,314,316,328,340,350,362,362,374,384,396,406,418,459,471,473,481,493,503,513,505,515,525,537,550,562,572,584,597,607,643,653,663,675,600],"gold":1993,"neow_bonus":"","is_daily":false,"chose_seed":false,"campfire_upgraded":4,"win_rate":0.0,"timestamp":1608358109,"path_taken":["M","?","M","$","?","R","$","E","T","M","E","?","?","M","R","BOSS","M","?","$","?","M","E","M","E","T","M","E","M","?","M","R","BOSS","M","M","M","?","?","R","E","M","T","E","R","?","?","M","R","BOSS","$","R","E","BOSS"],"items_purchased_type":["Relic","Card","Card","Relic","Relic","Relic","Card"],"build_version":"2020-12-13","purchased_purges":11,"victory":true,"max_hp_per_floor":[88,98,110,120,135,145,155,167,177,189,201,211,221,233,243,255,265,277,289,299,311,323,335,347,359,369,381,393,405,415,427,437,449,459,471,483,495,507,517,527,537,547,557,569,579,591,601,613,623,633,643,653,663,675,685],"card_choices":[{"not_picked":["KratosMod:Endure","KratosMod:Tempor"],"picked":"KratosMod:BladeWhip","floor":0},{"not_picked":["KratosMod:ShieldBash","KratosMod:Tempor","KratosMod:Roll"],"picked":"Singing Bowl","floor":0},{"not_picked":["KratosMod:clawsofhades","KratosMod:Endure","KratosMod:settle"],"picked":"Singing Bowl","floor":0},{"not_picked":["KratosMod:Endure","KratosMod:conjuresoul"],"picked":"KratosMod:BladeWhip","floor":0},{"not_picked":["KratosMod:conjuresoul","KratosMod:clawsofhades","KratosMod:ShieldBash"],"picked":"Singing Bowl","floor":0},{"not_picked":["KratosMod:clawsofhades","KratosMod:rattle","KratosMod:Roll"],"picked":"Singing Bowl","floor":1},{"not_picked":["KratosMod:ShieldBash","KratosMod:settle","KratosMod:conjuresoul"],"picked":"Singing Bowl","floor":3},{"not_picked":["KratosMod:blades","KratosMod:Tempor","KratosMod:BladeWhip"],"picked":"Singing Bowl","floor":8},{"not_picked":["KratosMod:BladeWhip","KratosMod:ShieldBash","KratosMod:Endure"],"picked":"Singing Bowl","floor":10},{"not_picked":["KratosMod:clawsofhades","KratosMod:blades","KratosMod:rattle"],"picked":"Singing Bowl","floor":11},{"not_picked":["KratosMod:Endure","KratosMod:BladeWhip","KratosMod:ShieldBash"],"picked":"Singing Bowl","floor":14},{"not_picked":["KratosMod:ablockalypse","KratosMod:kBerserk","KratosMod:blades"],"picked":"Singing Bowl","floor":16},{"not_picked":["KratosMod:settle","KratosMod:SmashStone","KratosMod:Endure"],"picked":"Singing Bowl","floor":18},{"not_picked":["KratosMod:clawsofhades+1","KratosMod:Tempor","KratosMod:settle"],"picked":"Singing Bowl","floor":19},{"not_picked":["KratosMod:conjuresoul","KratosMod:Endure+1","KratosMod:Tempor"],"picked":"Singing Bowl","floor":21},{"not_picked":["KratosMod:conjuresoul","KratosMod:rattle","KratosMod:settle"],"picked":"Singing Bowl","floor":22},{"not_picked":["KratosMod:Tempor+1","KratosMod:BladeWhip","KratosMod:Roll"],"picked":"Singing Bowl","floor":23},{"not_picked":["KratosMod:ShieldBash","KratosMod:Roll","KratosMod:Tempor"],"picked":"Singing Bowl","floor":24},{"not_picked":["KratosMod:Endure","KratosMod:settle+1","KratosMod:SmashStone"],"picked":"Singing Bowl","floor":25},{"not_picked":["KratosMod:Tempor","KratosMod:conjuresoul","KratosMod:ShieldBash"],"picked":"Singing Bowl","floor":27},{"not_picked":["KratosMod:Endure","KratosMod:Roll","KratosMod:BladeWhip"],"picked":"Singing Bowl","floor":28},{"not_picked":["KratosMod:ShieldBash+1","KratosMod:styx","KratosMod:BladeWhip+1"],"picked":"Singing Bowl","floor":29},{"not_picked":["KratosMod:ShieldBash+1","KratosMod:settle+1","KratosMod:Tempor"],"picked":"Singing Bowl","floor":31},{"not_picked":["KratosMod:ablockalypse","KratosMod:tartarusrage","KratosMod:styx"],"picked":"Singing Bowl","floor":33},{"not_picked":["KratosMod:Endure+1","KratosMod:rattle+1","KratosMod:Tempor"],"picked":"Singing Bowl","floor":35},{"not_picked":["KratosMod:BladeWhip","KratosMod:Roll","KratosMod:Endure"],"picked":"Singing Bowl","floor":36},{"not_picked":["KratosMod:SmashStone+1","KratosMod:Tempor+1","KratosMod:conjuresoul+1"],"picked":"Singing Bowl","floor":37},{"not_picked":["Sadistic Nature","Master of Strategy","Finesse"],"picked":"Singing Bowl","floor":38},{"not_picked":["KratosMod:Roll+1","KratosMod:Tempor+1"],"picked":"KratosMod:BladeWhip","floor":41},{"not_picked":["KratosMod:ShieldBash","KratosMod:Tempor+1"],"picked":"KratosMod:BladeWhip+1","floor":42},{"not_picked":["KratosMod:rattle","KratosMod:settle+1","KratosMod:SmashStone+1"],"picked":"Singing Bowl","floor":44},{"not_picked":["KratosMod:ShieldBash+1","KratosMod:Tempor+1","KratosMod:SmashStone+1"],"picked":"Singing Bowl","floor":46},{"not_picked":["KratosMod:SmashStone+1","KratosMod:settle+1","KratosMod:Tempor+1"],"picked":"Singing Bowl","floor":48},{"not_picked":["KratosMod:Roll+1","KratosMod:kBerserk","KratosMod:ShieldBash+1"],"picked":"Singing Bowl","floor":54}],"player_experience":294636,"relics_obtained":[{"floor":8,"key":"InkBottle"},{"floor":11,"key":"Old Coin"},{"floor":23,"key":"Blue Candle"},{"floor":25,"key":"Potion Belt"},{"floor":26,"key":"Dream Catcher"},{"floor":28,"key":"Bottled Lightning"},{"floor":41,"key":"Toxic Egg 2"},{"floor":41,"key":"conspire:TopHat"},{"floor":43,"key":"War Paint"},{"floor":44,"key":"KratosMod:eagle"},{"floor":44,"key":"Eternal Feather"},{"floor":54,"key":"Du-Vu Doll"},{"floor":54,"key":"Boot"}],"event_choices":[{"damage_healed":0,"gold_gain":0,"player_choice":"Leave","damage_taken":0,"max_hp_gain":0,"max_hp_loss":0,"event_name":"The Cleric","floor":2,"gold_loss":0},{"damage_healed":0,"gold_gain":0,"player_choice":"Donut","damage_taken":0,"max_hp_gain":5,"max_hp_loss":0,"event_name":"Big Fish","floor":5,"gold_loss":0},{"damage_healed":0,"gold_gain":0,"player_choice":"Leave","damage_taken":0,"max_hp_gain":0,"max_hp_loss":0,"event_name":"conspire:Investor","floor":12,"gold_loss":0},{"damage_healed":0,"gold_gain":0,"player_choice":"Forge","damage_taken":0,"max_hp_gain":0,"max_hp_loss":0,"event_name":"Accursed Blacksmith","floor":13,"gold_loss":0,"cards_upgraded":["KratosMod:Revenge"]},{"damage_healed":0,"gold_gain":99,"player_choice":"Stole From Cult","damage_taken":0,"max_hp_gain":0,"max_hp_loss":0,"event_name":"Nest","floor":30,"gold_loss":0},{"damage_healed":0,"gold_gain":0,"player_choice":"Memory 1","damage_taken":0,"max_hp_gain":0,"max_hp_loss":0,"event_name":"SensoryStone","floor":38,"gold_loss":0},{"cards_removed":["KratosMod:BladeWhip"],"damage_healed":0,"gold_gain":0,"player_choice":"Card Removal","damage_taken":0,"max_hp_gain":0,"max_hp_loss":0,"event_name":"Wheel of Change","floor":39,"gold_loss":0},{"damage_healed":0,"gold_gain":0,"player_choice":"Ignored","damage_taken":0,"max_hp_gain":0,"max_hp_loss":0,"event_name":"Tomb of Lord Red Mask","floor":47,"gold_loss":0}],"is_beta":false,"boss_relics":[{"not_picked":["Sozu","SlaversCollar"],"picked":"Coffee Dripper"},{"not_picked":["conspire:RoyalGoblet","conspire:SlowCooker"],"picked":"Black Star"}],"items_purged_floors":[0,0,0,0,0,0,0,0,0,7,52],"is_endless":false,"potions_floor_spawned":[1,3,14,16,21,25,27,28,29,35,37,44,48,54],"ascension_level":0}}