{"host":"nukjzc0ca34w6eem","time":1608417133,"event":{"mods":["2.2 Compatiblity","AchievementEnabler","BaseMod","Colored Powertips","Minty Spire (QoL Compilation)","StSLib","The Animator"],"gold_per_floor":[115,134,84,159,159,198,213,213,213,228,256,28,56,74,74,201,201,231,231,259,259,287,348,348,374,401,430,11,88,113,131,131,277,302,319,319,394,25,25,92,92,116,141,165,223,173,199,224,224,244],"floor_reached":51,"playtime":4227,"items_purged":["animator:Strike","animator:Defend","animator:Defend"],"score":1068,"play_id":"d7517992-f5d1-484a-a1ca-15d19ecd5d47","local_time":"20201219143213","is_ascension_mode":true,"campfire_choices":[{"data":"animator:LeleiLaLalena","floor":8.0,"key":"SMITH"},{"data":"animator:Aqua","floor":15.0,"key":"SMITH"},{"data":"animator:Saitama","floor":24.0,"key":"SMITH"},{"floor":32.0,"key":"REST"},{"data":"animator:Entoma+17","floor":41.0,"key":"SMITH"},{"data":"animator:Gilgamesh+8","floor":49,"key":"SMITH"}],"circlet_count":0,"master_deck":["animator:Strike_Katanagatari","animator:Defend_Katanagatari","animator:Azekura","animator:Emonzaemon","animator:Entoma+21","animator:Viivi","animator:Megumin+23","animator:LeleiLaLalena+1","animator:Aqua+1","animator:Chris","animator:Saitama+1","animator:ZankiKiguchi","animator:Genos","animator:GuildGirl+1","animator:Kazuma","animator:Gilgamesh+9","animator:SilverFang","Necronomicurse","animator:Eris","animator:HigakiRinne","animator:Ara"],"relics":["animator:VividPicture","animator:TheMissingPiece","animator:PurgingStone","NeowsBlessing","animator:Buoy","Red Skull","Thread and Needle","Lee\u0027s Waffle","Bottled Lightning","Happy Flower","Oddly Smooth Stone","Smiling Mask","Necronomicon","Busted Crown","FossilizedHelix","Red Mask","Darkstone Periapt","Blood Vial","Omamori"],"acts_visited":["Exordium","TheCity","TheBeyond"],"potions_floor_usage":[45,50,50],"damage_taken":[{"damage":0.0,"enemies":"Small Slimes","floor":1.0,"turns":1.0},{"damage":12.0,"enemies":"Jaw Worm","floor":2.0,"turns":2.0},{"damage":0.0,"enemies":"3 Sentries","floor":6.0,"turns":2.0},{"damage":1.0,"enemies":"Cultist","floor":7.0,"turns":4.0},{"damage":12.0,"enemies":"Red Slaver","floor":10.0,"turns":2.0},{"damage":4.0,"enemies":"Lagavulin","floor":11.0,"turns":5.0},{"damage":0.0,"enemies":"2 Fungi Beasts","floor":13.0,"turns":4.0},{"damage":0.0,"enemies":"3 Louse","floor":14.0,"turns":2.0},{"damage":10.0,"enemies":"The Guardian","floor":16.0,"turns":10.0},{"damage":6.0,"enemies":"2 Thieves","floor":18.0,"turns":3.0},{"damage":1.0,"enemies":"Chosen","floor":20.0,"turns":5.0},{"damage":28.0,"enemies":"Centurion and Healer","floor":22.0,"turns":6.0},{"damage":9.0,"enemies":"animator:HornedBat","floor":23.0,"turns":5.0},{"damage":3.0,"enemies":"Cultist and Chosen","floor":25.0,"turns":4.0},{"damage":10.0,"enemies":"Chosen and Byrds","floor":27.0,"turns":4.0},{"damage":0.0,"enemies":"Snecko","floor":31.0,"turns":2.0},{"damage":39.0,"enemies":"Champ","floor":33.0,"turns":10.0},{"damage":0.0,"enemies":"Orb Walker","floor":35.0,"turns":1.0},{"damage":0.0,"enemies":"Mind Bloom Boss Battle","floor":37.0,"turns":2.0},{"damage":3.0,"enemies":"Reptomancer","floor":40.0,"turns":4.0},{"damage":0,"enemies":"3 Darklings","floor":42,"turns":3},{"damage":0,"enemies":"Maw","floor":44,"turns":4},{"damage":49,"enemies":"Nemesis","floor":45,"turns":7},{"damage":0,"enemies":"Sphere and 2 Shapes","floor":47,"turns":2},{"damage":0,"enemies":"Jaw Worm Horde","floor":48,"turns":2},{"damage":2,"enemies":"Time Eater","floor":50,"turns":10}],"seed_played":"-1545989196288460157","potions_obtained":[{"floor":2.0,"key":"LiquidBronze"},{"floor":10.0,"key":"Energy Potion"},{"floor":13.0,"key":"animator:GrowthPotion"},{"floor":20.0,"key":"Explosive Potion"},{"floor":22.0,"key":"GamblersBrew"},{"floor":27.0,"key":"Fire Potion"},{"floor":33.0,"key":"Fruit Juice"},{"floor":42,"key":"ColorlessPotion"},{"floor":44,"key":"Energy Potion"},{"floor":45,"key":"Block Potion"},{"floor":48,"key":"Dexterity Potion"}],"is_trial":false,"path_per_floor":["M","M","?","?","?","E","M","R","T","M","E","$","M","M","R","B",null,"M","?","M","?","M","E","R","M","T","M","$","T","?","M","R","B",null,"M","?","?","?","?","E","R","M","T","M","E","$","M","M","R","B",null],"character_chosen":"THE_ANIMATOR","items_purchased":["Lee\u0027s Waffle","Oddly Smooth Stone","animator:Gilgamesh","animator:SilverFang"],"campfire_rested":1,"item_purchase_floors":[12,28,28,28],"current_hp_per_floor":[66,56,56,45,45,47,48,48,48,39,39,84,86,88,88,80,88,87,69,73,73,50,47,47,47,47,42,42,42,26,26,57,28,92,95,81,84,84,84,87,87,92,92,100,61,61,66,68,68,76],"gold":244,"neow_bonus":"THREE_ENEMY_KILL","is_daily":false,"chose_seed":false,"campfire_upgraded":5,"win_rate":0.0,"timestamp":1608417133,"path_taken":["M","M","?","?","?","E","M","R","T","M","E","$","M","?","R","BOSS","M","?","M","?","M","E","R","?","T","M","$","?","?","M","R","BOSS","M","?","?","?","?","E","R","M","T","M","E","$","M","M","R","BOSS"],"items_purchased_type":["Relic","Relic","Card","Card"],"build_version":"2020-12-13","purchased_purges":3,"victory":true,"max_hp_per_floor":[66,68,68,68,68,70,72,72,72,75,77,84,86,88,88,90,90,92,97,99,99,101,104,104,104,104,106,106,106,106,106,106,113,113,113,113,113,113,113,113,113,115,115,115,117,117,117,117,117,119],"card_choices":[{"not_picked":["animator:ShinjiMatou","animator:Spearman"],"picked":"animator:Entoma","floor":1.0},{"not_picked":["animator:KyokoSakura","animator:RoyMustang"],"picked":"animator:Viivi","floor":2.0},{"not_picked":["animator:Togame","animator:Alexander"],"picked":"animator:Megumin","floor":6.0},{"not_picked":["animator:Kuribayashi","animator:TukaLunaMarceau"],"picked":"animator:LeleiLaLalena","floor":7.0},{"not_picked":["animator:EmiyaShirou","animator:Vanir"],"picked":"animator:Aqua","floor":10.0},{"not_picked":["animator:Vesta","animator:ElricAlphonse"],"picked":"animator:Entoma","floor":11.0},{"not_picked":["animator:Fredrika","animator:Aisha"],"picked":"animator:Chris","floor":13.0},{"not_picked":["animator:Aqua","animator:Vanir"],"picked":"animator:Megumin","floor":14.0},{"not_picked":["animator:Boros","animator:Shiro"],"picked":"animator:Saitama","floor":16.0},{"not_picked":["animator:Jibril","animator:Archer"],"picked":"animator:ZankiKiguchi","floor":18.0},{"not_picked":["animator:Gillette","animator:DolaCouronne","animator:NarberalGamma"],"picked":"SKIP","floor":20.0},{"not_picked":["animator:ElricEdward","animator:Jibril"],"picked":"animator:GuildGirl+1","floor":22.0},{"not_picked":["animator:Darkness","animator:YunYun"],"picked":"animator:Kazuma","floor":23.0},{"not_picked":["animator:Verdia","animator:YaoHaDucy+1"],"picked":"animator:Entoma+1","floor":25.0},{"not_picked":["animator:Raven","animator:Yuuichirou"],"picked":"animator:Megumin+1","floor":27.0},{"not_picked":["animator:FielNirvalen","animator:Yoichi","animator:DwarfShaman"],"picked":"SKIP","floor":31.0},{"not_picked":["animator:ChaikaTrabant","animator:Saitama"],"picked":"animator:Eris","floor":33.0},{"not_picked":[],"picked":"animator:Ara","floor":40.0},{"not_picked":["animator:Evileye"],"picked":"SKIP","floor":42},{"not_picked":["animator:Souei"],"picked":"SKIP","floor":44},{"not_picked":["animator:CowGirl"],"picked":"SKIP","floor":47},{"not_picked":["animator:CowGirl"],"picked":"SKIP","floor":48}],"player_experience":309537,"relics_obtained":[{"floor":6.0,"key":"animator:Buoy"},{"floor":9.0,"key":"Red Skull"},{"floor":11.0,"key":"Thread and Needle"},{"floor":23.0,"key":"Bottled Lightning"},{"floor":26.0,"key":"Happy Flower"},{"floor":29.0,"key":"Smiling Mask"},{"floor":30.0,"key":"Necronomicon"},{"floor":37.0,"key":"FossilizedHelix"},{"floor":40.0,"key":"Darkstone Periapt"},{"floor":43,"key":"Blood Vial"},{"floor":45,"key":"Omamori"}],"event_choices":[{"cards_removed":["animator:Strike"],"damage_healed":0.0,"max_hp_gain":0.0,"max_hp_loss":0.0,"gold_gain":0.0,"event_name":"The Cleric","player_choice":"Card Removal","floor":3.0,"gold_loss":50.0,"damage_taken":0.0},{"damage_healed":0.0,"max_hp_gain":0.0,"max_hp_loss":0.0,"gold_gain":75.0,"event_name":"World of Goop","player_choice":"Gather Gold","floor":4.0,"gold_loss":0.0,"damage_taken":11.0},{"cards_removed":["animator:Strike"],"damage_healed":0.0,"max_hp_gain":0.0,"max_hp_loss":0.0,"gold_gain":0.0,"event_name":"Living Wall","player_choice":"Forget","floor":5.0,"gold_loss":0.0,"damage_taken":0.0},{"damage_healed":0.0,"max_hp_gain":5.0,"max_hp_loss":0.0,"gold_gain":0.0,"event_name":"Forgotten Altar","player_choice":"Shed Blood","floor":19.0,"gold_loss":0.0,"damage_taken":23.0},{"damage_healed":0.0,"max_hp_gain":0.0,"max_hp_loss":0.0,"gold_gain":0.0,"cards_transformed":["animator:Defend"],"event_name":"Transmorgrifier","player_choice":"Transformed","floor":21.0,"gold_loss":0.0,"damage_taken":0.0,"cards_obtained":["animator:Genos"]},{"damage_healed":0.0,"max_hp_gain":0.0,"max_hp_loss":0.0,"gold_gain":0.0,"event_name":"Cursed Tome","player_choice":"Obtained Book","floor":30.0,"gold_loss":0.0,"damage_taken":16.0},{"damage_healed":0.0,"max_hp_gain":0.0,"max_hp_loss":0.0,"gold_gain":0.0,"event_name":"Winding Halls","player_choice":"Embrace Madness","floor":36.0,"gold_loss":0.0,"damage_taken":14.0,"cards_obtained":["animator:HigakiRinne"]},{"damage_healed":0.0,"max_hp_gain":0.0,"max_hp_loss":0.0,"gold_gain":0.0,"event_name":"MindBloom","player_choice":"Fight","floor":37.0,"gold_loss":0.0,"damage_taken":0.0},{"damage_healed":0.0,"max_hp_gain":0.0,"max_hp_loss":0.0,"gold_gain":0.0,"event_name":"Tomb of Lord Red Mask","player_choice":"Paid","floor":38.0,"gold_loss":394.0,"damage_taken":0.0,"relics_obtained":["Red Mask"]},{"damage_healed":0.0,"max_hp_gain":0.0,"max_hp_loss":0.0,"gold_gain":0.0,"event_name":"SensoryStone","player_choice":"Memory 1","floor":39.0,"gold_loss":0.0,"damage_taken":0.0}],"is_beta":false,"boss_relics":[{"not_picked":["Mark of Pain","SlaversCollar"],"picked":"animator:VividPicture"},{"not_picked":["Mark of Pain","Calling Bell"],"picked":"Busted Crown"}],"items_purged_floors":[12,28,46],"is_endless":false,"potions_floor_spawned":[2,10,13,20,22,27,33,42,44,45,47,48],"ascension_level":5}}