{"host":"5dk97cf2ubw2v967","time":1608399332,"event":{"mods":["AlwaysNeverKeys","BaseMod","Better Altar","Better Vampires","Block Reminder","Colored Powertips","Downfall","Googly Eyes","Highlight Path","Minty Spire (QoL Compilation)","Permanent Neow","Potion Indicator Mod","Quick Restart","Relic Filter","Relic Stats","Say the Spire","Spicy Shops","StSLib","Waifu the Spire","everything is the same but u backflip on backflip"],"gold_per_floor":[19,38,54,54,204,204,240,240,266,310,310,344,344,423,423,522,522,540,540,556,556,4,4,4],"floor_reached":23,"playtime":1069,"items_purged":["Doubt"],"score":460,"play_id":"8d0b5e2e-ba61-4a60-9c92-ef22d391d427","local_time":"20201219173532","is_ascension_mode":true,"campfire_choices":[{"data":"Apotheosis","floor":6,"key":"SMITH"},{"floor":8,"key":"REST"},{"data":"Fire Breathing","floor":13,"key":"SMITH"},{"floor":15,"key":"REST"}],"circlet_count":0,"master_deck":["AscendersBane","Strike_R","Strike_R","Strike_R","Strike_R+1","Defend_R","Defend_R","Defend_R","Defend_R","Bash+1","Apotheosis+1","Fire Breathing+1","Havoc","Injury","Power Through","Wild Strike","Offering","Fiend Fire","CurseOfTheBell","Heavy Blade","Slimebound:CheckThePlaybook","Slimebound:Icky","Shrug It Off","Pommel Strike","Rupture","Barricade","Entrench"],"relics":["Burning Blood","Golden Idol","Whetstone","Bag of Preparation","Du-Vu Doll","The Courier","Calling Bell","Smiling Mask","Matryoshka","TungstenRod","Orrery","Meat on the Bone"],"acts_visited":["Exordium","TheCity"],"potions_floor_usage":[7,7,10,20,23],"damage_taken":[{"damage":3,"enemies":"Jaw Worm","floor":1,"turns":5},{"damage":4,"enemies":"Small Slimes","floor":2,"turns":4},{"damage":14,"enemies":"2 Louse","floor":3,"turns":3},{"damage":37,"enemies":"Gremlin Nob","floor":7,"turns":4},{"damage":0,"enemies":"Lagavulin","floor":10,"turns":7},{"damage":14,"enemies":"3 Sentries","floor":12,"turns":4},{"damage":11,"enemies":"Gremlin Nob","floor":14,"turns":3},{"damage":16,"enemies":"Hexaghost","floor":16,"turns":7},{"damage":49,"enemies":"2 Thieves","floor":18,"turns":4},{"damage":11,"enemies":"Shell Parasite","floor":20,"turns":4},{"damage":38,"enemies":"Slavers","floor":23,"turns":5}],"seed_played":"3741861250355429064","potions_obtained":[{"floor":2,"key":"AttackPotion"},{"floor":3,"key":"Swift Potion"},{"floor":7,"key":"SkillPotion"},{"floor":18,"key":"DuplicationPotion"}],"is_trial":false,"path_per_floor":["M","M","M","?","?","R","E","R","T","E","?","E","R","?","R","B",null,"M","?","M","?","$","E"],"character_chosen":"IRONCLAD","items_purchased":["Orrery","Meat on the Bone","BloodPotion","Barricade","Entrench"],"campfire_rested":2,"item_purchase_floors":[22,22,22,22,22],"current_hp_per_floor":[71,73,65,65,65,65,34,56,56,62,55,47,47,42,64,54,70,27,27,22,22,22,0,0],"gold":4,"neow_bonus":"RANDOM_COLORLESS_2","is_daily":false,"chose_seed":false,"campfire_upgraded":2,"win_rate":0.0,"timestamp":1608399332,"path_taken":["M","M","M","?","?","R","E","R","T","E","?","E","R","?","R","BOSS","M","?","M","?","$","E"],"items_purchased_type":["Relic","Relic","Potion","Card","Card"],"build_version":"2020-12-13","purchased_purges":1,"victory":false,"max_hp_per_floor":[75,75,75,75,75,75,75,75,75,75,75,75,75,75,75,75,75,75,75,75,75,75,75,75],"relic_stats":{"counters":[11,50],"Golden Idol":74,"Bag of Preparation":[14],"Whetstone":["Strike_R","Bash"],"Smiling Mask":10,"obtain_stats":[{"Du-Vu Doll":12,"Calling Bell":17,"Matryoshka":17,"Golden Idol":4,"Orrery":22,"The Courier":14,"Bag of Preparation":9,"Whetstone":7,"Smiling Mask":17,"Burning Blood":0,"TungstenRod":17,"Meat on the Bone":22},{"Du-Vu Doll":6,"Calling Bell":8,"Matryoshka":8,"Golden Idol":3,"Orrery":10,"The Courier":6,"Bag of Preparation":4,"Whetstone":4,"Smiling Mask":8,"Burning Blood":0,"TungstenRod":8,"Meat on the Bone":10},{"Du-Vu Doll":27,"Calling Bell":37,"Matryoshka":37,"Golden Idol":12,"Orrery":45,"The Courier":27,"Bag of Preparation":16,"Whetstone":16,"Smiling Mask":37,"Burning Blood":0,"TungstenRod":37,"Meat on the Bone":45}],"Burning Blood":60,"TungstenRod":17,"Meat on the Bone":0},"card_choices":[{"not_picked":["expansioncontent:QuickStudy","The Bomb"],"picked":"Apotheosis","floor":0},{"not_picked":["Armaments","Dual Wield"],"picked":"Fire Breathing","floor":1},{"not_picked":["Thunderclap","Anger"],"picked":"Havoc","floor":2},{"not_picked":["Anger","Carnage","Heavy Blade"],"picked":"SKIP","floor":3},{"not_picked":["Shrug It Off","Thunderclap"],"picked":"Power Through","floor":7},{"not_picked":["Shrug It Off","Spot Weakness","True Grit"],"picked":"SKIP","floor":10},{"not_picked":["Disarm","Twin Strike"],"picked":"Wild Strike","floor":12},{"not_picked":["Flex","Anger"],"picked":"Offering","floor":14},{"not_picked":["Berserk","Double Tap"],"picked":"Fiend Fire","floor":16},{"not_picked":["Burning Pact","Clothesline","Uppercut"],"picked":"SKIP","floor":18},{"not_picked":["Sentinel","Headbutt"],"picked":"Heavy Blade","floor":20},{"not_picked":["Armaments+1","Dual Wield"],"picked":"Shrug It Off","floor":22},{"not_picked":["Uppercut","Clash+1"],"picked":"Pommel Strike","floor":22},{"not_picked":["Flex","Whirlwind"],"picked":"Rupture","floor":22}],"player_experience":1243753,"relics_obtained":[{"floor":7,"key":"Whetstone"},{"floor":9,"key":"Bag of Preparation"},{"floor":12,"key":"Du-Vu Doll"},{"floor":17,"key":"Smiling Mask"},{"floor":17,"key":"Matryoshka"},{"floor":17,"key":"TungstenRod"}],"event_choices":[{"damage_healed":0,"gold_gain":0,"player_choice":"Take Wound","damage_taken":0,"relics_obtained":["Golden Idol"],"max_hp_gain":0,"max_hp_loss":0,"event_name":"Golden Idol","floor":4,"gold_loss":0,"cards_obtained":["Injury"]},{"damage_healed":0,"gold_gain":150,"player_choice":"AGREE","damage_taken":0,"max_hp_gain":0,"max_hp_loss":0,"event_name":"Liars Game","floor":5,"gold_loss":0,"cards_obtained":["Doubt"]},{"cards_removed":["Strike_R"],"damage_healed":0,"gold_gain":0,"player_choice":"Card Removal","damage_taken":7,"max_hp_gain":0,"max_hp_loss":0,"event_name":"Golden Wing","floor":11,"gold_loss":0},{"damage_healed":0,"gold_gain":0,"player_choice":"Searched \u00273\u0027 times","damage_taken":0,"relics_obtained":["The Courier"],"max_hp_gain":0,"max_hp_loss":0,"event_name":"Dead Adventurer","floor":14,"gold_loss":0},{"damage_healed":0,"gold_gain":0,"player_choice":"Ignored","damage_taken":0,"max_hp_gain":0,"max_hp_loss":0,"event_name":"Ghosts","floor":19,"gold_loss":0}],"is_beta":false,"boss_relics":[{"not_picked":["Philosopher\u0027s Stone","Coffee Dripper"],"picked":"Calling Bell"}],"items_purged_floors":[22],"is_endless":false,"potions_floor_spawned":[2,3,7,18],"killed_by":"Slavers","ascension_level":20}}