{"host":"tjq6rykv202u6iqx","time":1608355632,"event":{"mods":["AchievementEnabler","BaseMod","Minty Spire (QoL Compilation)","Rare Cards Sparkle","Relic Stats"],"gold_per_floor":[119,79,99,111,124,151,170,170,170,200,216,249,249,297,297,370,370,415,289,289,303,319,319,344,344,344,344,344,357,386,386,386,463,463,503,503,516,535,555,582,630,656,682,697,710,758,501,511,511,511,511,511,5,33,33,33],"floor_reached":55,"playtime":6736,"items_purged":["Strike_P","Crescendo","Indignation+1"],"score":1526,"play_id":"92f29d1e-0c3f-4ace-b814-0b7727429722","local_time":"20201218232712","is_ascension_mode":true,"campfire_choices":[{"data":"Vault","floor":8.0,"key":"SMITH"},{"data":"Wish","floor":13.0,"key":"SMITH"},{"data":"Halt","floor":15.0,"key":"SMITH"},{"data":"Meditate","floor":23.0,"key":"SMITH"},{"data":"Prostrate","floor":25.0,"key":"SMITH"},{"floor":27.0,"key":"REST"},{"floor":32.0,"key":"REST"},{"floor":49.0,"key":"RECALL"},{"data":"WaveOfTheHand","floor":52.0,"key":"SMITH"}],"circlet_count":0,"master_deck":["AscendersBane","Strike_P+1","Strike_P+1","Strike_P+1","Defend_P+1","Defend_P+1","Defend_P+1","Defend_P+1","Vault+1","EmptyFist","Halt+1","FlyingSleeves","Vengeance","BattleHymn","EmptyMind","Wish+1","JustLucky","Devotion","FlurryOfBlows+1","CutThroughFate+1","Meditate+1","Fasting2","Prostrate+1","Wallop","FearNoEvil+1","Prostrate+1","SpiritShield","DeusExMachina+1","Vault+1","TalkToTheHand+1","TalkToTheHand+1","WaveOfTheHand+1","Scrawl","Weave+1","Devotion","Master of Strategy"],"relics":["PureWater","GoldenEye","Incense Burner","HornCleat","Mango","Philosopher\u0027s Stone","Art of War","Happy Flower","Dream Catcher","Astrolabe","Ancient Tea Set","Strawberry","Whetstone","Sling","InkBottle"],"acts_visited":["TheBeyond","TheEnding"],"potions_floor_usage":[55,55],"damage_taken":[{"damage":7.0,"enemies":"2 Louse","floor":1.0,"turns":5.0},{"damage":1.0,"enemies":"Cultist","floor":3.0,"turns":3.0},{"damage":0.0,"enemies":"Jaw Worm","floor":4.0,"turns":2.0},{"damage":0.0,"enemies":"3 Louse","floor":5.0,"turns":4.0},{"damage":0.0,"enemies":"Gremlin Nob","floor":6.0,"turns":4.0},{"damage":5.0,"enemies":"Gremlin Gang","floor":7.0,"turns":4.0},{"damage":4.0,"enemies":"Lagavulin","floor":10.0,"turns":6.0},{"damage":0.0,"enemies":"Blue Slaver","floor":11.0,"turns":3.0},{"damage":4.0,"enemies":"3 Sentries","floor":12.0,"turns":4.0},{"damage":0.0,"enemies":"3 Louse","floor":14.0,"turns":7.0},{"damage":7.0,"enemies":"The Guardian","floor":16.0,"turns":14.0},{"damage":0.0,"enemies":"Chosen","floor":18.0,"turns":4.0},{"damage":22.0,"enemies":"2 Thieves","floor":21.0,"turns":3.0},{"damage":4.0,"enemies":"3 Cultists","floor":22.0,"turns":5.0},{"damage":24.0,"enemies":"Book of Stabbing","floor":24.0,"turns":5.0},{"damage":11.0,"enemies":"Sentry and Sphere","floor":29.0,"turns":7.0},{"damage":33.0,"enemies":"Slavers","floor":30.0,"turns":5.0},{"damage":1.0,"enemies":"Champ","floor":33.0,"turns":7.0},{"damage":0.0,"enemies":"3 Shapes","floor":35.0,"turns":6.0},{"damage":0.0,"enemies":"Orb Walker","floor":37.0,"turns":4.0},{"damage":9.0,"enemies":"Jaw Worm Horde","floor":38.0,"turns":6.0},{"damage":7.0,"enemies":"Transient","floor":39.0,"turns":7.0},{"damage":4.0,"enemies":"Nemesis","floor":40.0,"turns":7.0},{"damage":0.0,"enemies":"3 Darklings","floor":41.0,"turns":5.0},{"damage":11.0,"enemies":"Giant Head","floor":42.0,"turns":11.0},{"damage":14.0,"enemies":"Writhing Mass","floor":44.0,"turns":7.0},{"damage":0.0,"enemies":"Sphere and 2 Shapes","floor":45.0,"turns":5.0},{"damage":0.0,"enemies":"3 Darklings","floor":46.0,"turns":4.0},{"damage":13.0,"enemies":"Spire Growth","floor":48.0,"turns":5.0},{"damage":0.0,"enemies":"Donu and Deca","floor":50.0,"turns":9.0},{"damage":32.0,"enemies":"Shield and Spear","floor":54.0,"turns":5.0},{"damage":46,"enemies":"The Heart","floor":55,"turns":4}],"seed_played":"5205444900627195111","potions_obtained":[{"floor":2.0,"key":"EntropicBrew"},{"floor":2.0,"key":"Ambrosia"},{"floor":6.0,"key":"Dexterity Potion"},{"floor":11.0,"key":"AttackPotion"},{"floor":12.0,"key":"SteroidPotion"},{"floor":16.0,"key":"StancePotion"},{"floor":18.0,"key":"Fruit Juice"},{"floor":30.0,"key":"BottledMiracle"},{"floor":35.0,"key":"LiquidBronze"},{"floor":42.0,"key":"GamblersBrew"},{"floor":48.0,"key":"Ancient Potion"}],"is_trial":false,"path_per_floor":["M","?","M","M","M","E","M","R","T","E","M","E","R","M","R","B",null,"M","$","?","M","M","R","E","R","T","R","?","M","E","?","R","B",null,"M","?","M","M","M","E","M","E","T","M","M","M","$","M","R","B",null,"R","$","E","B"],"character_chosen":"WATCHER","items_purchased":["CutThroughFate","Whetstone","Master of Strategy","Sling"],"campfire_rested":2,"item_purchase_floors":[19,47,53,53],"current_hp_per_floor":[36,36,35,35,35,35,30,30,30,26,26,36,36,36,36,29,69,69,69,69,47,43,43,19,19,19,48,48,37,4,4,30,29,73,73,73,73,64,57,53,53,49,49,35,35,35,35,22,22,22,76,76,76,44,0,0],"gold":33,"neow_bonus":"THREE_RARE_CARDS","is_daily":false,"chose_seed":false,"campfire_upgraded":6,"win_rate":0.0,"timestamp":1608355632,"path_taken":["M","?","M","M","M","E","M","R","T","E","M","E","R","M","R","BOSS","M","$","?","M","M","R","E","R","T","R","?","M","E","?","R","BOSS","M","?","M","M","M","E","?","E","T","M","M","M","$","M","R","BOSS","R","$","E","BOSS"],"items_purchased_type":["Card","Relic","Card","Relic"],"build_version":"2020-12-13","purchased_purges":3,"victory":false,"max_hp_per_floor":[68,68,68,68,68,68,68,68,68,68,68,82,82,82,82,82,82,82,82,82,82,82,82,82,82,82,87,87,87,87,87,87,87,87,87,87,87,87,87,87,87,94,94,94,94,94,94,94,94,94,94,94,94,94,94,94],"relic_stats":{"Dream Catcher":0,"Happy Flower":[28],"counters":[14,85],"Astrolabe":["DeusExMachina","Indignation","Vault"],"Art of War":[8],"Whetstone":["FlurryOfBlows","CutThroughFate"],"GoldenEye":[59],"obtain_stats":[{"Happy Flower":0,"Astrolabe":34,"Mango":0,"Incense Burner":0,"Whetstone":47,"GoldenEye":0,"Ancient Tea Set":40,"Sling":53,"Dream Catcher":0,"HornCleat":0,"Strawberry":42,"Philosopher\u0027s Stone":0,"Art of War":0,"PureWater":0,"InkBottle":54},{"Happy Flower":0,"Astrolabe":0,"Mango":0,"Incense Burner":0,"Whetstone":10,"GoldenEye":0,"Ancient Tea Set":5,"Sling":12,"Dream Catcher":0,"HornCleat":0,"Strawberry":7,"Philosopher\u0027s Stone":0,"Art of War":0,"PureWater":0,"InkBottle":13},{"Happy Flower":0,"Astrolabe":0,"Mango":0,"Incense Burner":0,"Whetstone":62,"GoldenEye":0,"Ancient Tea Set":30,"Sling":76,"Dream Catcher":0,"HornCleat":0,"Strawberry":46,"Philosopher\u0027s Stone":0,"Art of War":0,"PureWater":0,"InkBottle":81}],"InkBottle":[2]},"card_choices":[{"not_picked":["MasterReality","DevaForm"],"picked":"Vault","floor":0.0},{"not_picked":["Sanctity","Prostrate"],"picked":"EmptyFist","floor":1.0},{"not_picked":["MentalFortress","Swivel"],"picked":"Halt","floor":3.0},{"not_picked":["Consecrate","SashWhip"],"picked":"FlyingSleeves","floor":4.0},{"not_picked":["Fasting2","EmptyBody"],"picked":"Crescendo","floor":5.0},{"not_picked":["Crescendo","Sanctity"],"picked":"CarveReality","floor":6.0},{"not_picked":["CrushJoints","Fasting2"],"picked":"Vengeance","floor":7.0},{"not_picked":["Consecrate","ThirdEye"],"picked":"BattleHymn","floor":10.0},{"not_picked":["Swivel","SignatureMove"],"picked":"EmptyMind","floor":11.0},{"not_picked":["Sanctity","JustLucky"],"picked":"Wish","floor":12.0},{"not_picked":["EmptyFist","PathToVictory"],"picked":"JustLucky","floor":14.0},{"not_picked":["ConjureBlade","DeusExMachina"],"picked":"Devotion","floor":16.0},{"not_picked":["SashWhip","SignatureMove+1"],"picked":"FlurryOfBlows","floor":18.0},{"not_picked":["ClearTheMind","FlurryOfBlows","CutThroughFate"],"picked":"SKIP","floor":21.0},{"not_picked":["FlyingSleeves","FollowUp"],"picked":"Fasting2","floor":22.0},{"not_picked":["EmptyBody","ForeignInfluence+1"],"picked":"Prostrate","floor":24.0},{"not_picked":["SashWhip","WreathOfFlame"],"picked":"Wallop","floor":29.0},{"not_picked":["Conclude","CarveReality"],"picked":"FearNoEvil+1","floor":30.0},{"not_picked":["JustLucky","Evaluate"],"picked":"Prostrate+1","floor":32.0},{"not_picked":["Devotion","Scrawl"],"picked":"SpiritShield","floor":33.0},{"not_picked":["WindmillStrike","Perseverance"],"picked":"TalkToTheHand+1","floor":35.0},{"not_picked":["BowlingBash+1","EmptyFist","TalkToTheHand"],"picked":"SKIP","floor":37.0},{"not_picked":["FlurryOfBlows+1","CarveReality"],"picked":"WaveOfTheHand","floor":38.0},{"not_picked":["SashWhip","FlyingSleeves","Halt+1"],"picked":"SKIP","floor":39.0},{"not_picked":["EmptyBody+1","WindmillStrike","Consecrate"],"picked":"SKIP","floor":40.0},{"not_picked":["Consecrate+1","SashWhip","EmptyBody"],"picked":"SKIP","floor":41.0},{"not_picked":["EmptyMind","EmptyBody+1"],"picked":"Scrawl","floor":42.0},{"not_picked":["FlyingSleeves+1","Meditate","PathToVictory"],"picked":"SKIP","floor":44.0},{"not_picked":["PathToVictory","EmptyBody"],"picked":"Weave+1","floor":45.0},{"not_picked":["InnerPeace","ForeignInfluence"],"picked":"Devotion","floor":46.0},{"not_picked":["SashWhip","Evaluate","Indignation+1"],"picked":"SKIP","floor":48.0},{"not_picked":["SignatureMove","InnerPeace","Prostrate"],"picked":"SKIP","floor":54.0}],"player_experience":730186,"relics_obtained":[{"floor":6.0,"key":"GoldenEye"},{"floor":9.0,"key":"Incense Burner"},{"floor":10.0,"key":"HornCleat"},{"floor":12.0,"key":"Mango"},{"floor":24.0,"key":"Art of War"},{"floor":26.0,"key":"Happy Flower"},{"floor":30.0,"key":"Dream Catcher"},{"floor":40.0,"key":"Ancient Tea Set"},{"floor":42.0,"key":"Strawberry"},{"floor":54.0,"key":"InkBottle"}],"event_choices":[{"damage_healed":0.0,"max_hp_gain":0.0,"max_hp_loss":0.0,"gold_gain":0.0,"event_name":"The Woman in Blue","player_choice":"Bought 3 Potions","floor":2.0,"gold_loss":0.0,"damage_taken":0.0},{"damage_healed":0.0,"max_hp_gain":0.0,"max_hp_loss":0.0,"gold_gain":0.0,"event_name":"The Library","player_choice":"Read","floor":20.0,"gold_loss":0.0,"damage_taken":0.0,"cards_obtained":["Meditate"]},{"damage_healed":0.0,"max_hp_gain":0.0,"max_hp_loss":0.0,"gold_gain":0.0,"event_name":"Back to Basics","player_choice":"Simplicity","floor":28.0,"gold_loss":0.0,"damage_taken":0.0,"cards_upgraded":["Strike_P","Strike_P","Strike_P","Defend_P","Defend_P","Defend_P","Defend_P"]},{"damage_healed":0.0,"max_hp_gain":0.0,"max_hp_loss":0.0,"gold_gain":0.0,"event_name":"The Mausoleum","player_choice":"Ignored","floor":31.0,"gold_loss":0.0,"damage_taken":0.0},{"damage_healed":0.0,"max_hp_gain":0.0,"max_hp_loss":0.0,"gold_gain":0.0,"event_name":"Duplicator","player_choice":"Copied","floor":36.0,"gold_loss":0.0,"damage_taken":0.0,"cards_obtained":["TalkToTheHand"]}],"is_beta":false,"boss_relics":[{"not_picked":["Tiny House","Ectoplasm"],"picked":"Philosopher\u0027s Stone"},{"not_picked":["Cursed Key","HolyWater"],"picked":"Astrolabe"}],"items_purged_floors":[19,47,53],"is_endless":false,"potions_floor_spawned":[5,6,11,12,16,18,30,33,35,38,39,42,44,48],"killed_by":"The Heart","ascension_level":16}}