{"host":"d0verjtbj2sjunpo","time":1608345822,"event":{"mods":["AchievementEnabler","Aspiration","BaseMod","Better Altar","Better Third Choice","BetterRewards","Downfall","Marisa????????","Minty Spire (QoL Compilation)","Replay The Spire","StSLib","The Cursed","The Servant 0.9.4"],"gold_per_floor":[359,534,534,89,89,121,46,46,99,41,76,91,91,91],"floor_reached":13,"playtime":744,"items_purged":["Languid"],"score":93,"play_id":"982626c1-884c-48d7-9211-42bc7c2e98a4","local_time":"20201218204342","is_ascension_mode":true,"campfire_choices":[],"circlet_count":0,"master_deck":["Strike_B","Strike_B","Strike_B","Strike_B","Defend_B","Defend_B","Defend_B","Defend_B","Zap","Dualcast","Leap","Doubt","Burn","expansioncontent:StudyTheSpire","Regret","Amplify","Self Repair","Self Repair","aspiration:Polymerization","BasicCrystalCard"],"relics":["Cracked Core","aspiration:HummingbirdHeart","Art of War","Replay:Antivirus Software","Dream Catcher"],"acts_visited":["Exordium"],"potions_floor_usage":[11,12],"damage_taken":[{"damage":2,"enemies":"Small Slimes","floor":1,"turns":4},{"damage":15,"enemies":"Replay:BlueRogue","floor":6,"turns":8},{"damage":51,"enemies":"3 Sentries","floor":11,"turns":13},{"damage":12,"enemies":"Jaw Worm","floor":12,"turns":6},{"damage":23,"enemies":"Replay:BlueRogue","floor":13,"turns":7}],"seed_played":"-7383456203220709543","potions_obtained":[{"floor":6,"key":"GamblersBrew"},{"floor":11,"key":"Weak Potion"}],"is_trial":false,"path_per_floor":["M","?","?","$","?","E","$","R","T","$","E","M","E"],"character_chosen":"DEFECT","items_purchased":["aspiration:HummingbirdHeart","expansioncontent:StudyTheSpire","Self Repair"],"campfire_rested":0,"item_purchase_floors":[4,4,10],"current_hp_per_floor":[73,73,73,73,73,58,58,58,58,58,21,23,0,0],"gold":91,"neow_bonus":"TWO_FIFTY_GOLD","is_daily":false,"chose_seed":false,"campfire_upgraded":0,"win_rate":0.0,"timestamp":1608345822,"path_taken":["M","?","?","?","?","E","$","R","T","$","E","M","E"],"items_purchased_type":["Relic","Card","Card"],"build_version":"2020-12-13","purchased_purges":1,"victory":false,"max_hp_per_floor":[75,75,75,75,75,75,75,75,75,75,75,75,75,75],"card_choices":[{"not_picked":["Lockon","Turbo"],"picked":"Leap","floor":1},{"not_picked":["Sunder","Ball Lightning"],"picked":"Amplify","floor":6},{"not_picked":["BasicCrystalCard","ReplayTheSpireMod:GoodbyeWorld"],"picked":"aspiration:Polymerization","floor":11},{"not_picked":["Barrage","Ball Lightning"],"picked":"BasicCrystalCard","floor":12}],"player_experience":180248,"relics_obtained":[{"floor":6,"key":"Replay:Antivirus Software"},{"floor":11,"key":"Dream Catcher"}],"event_choices":[{"damage_healed":0,"gold_gain":175,"player_choice":"AGREE","damage_taken":359,"max_hp_gain":0,"max_hp_loss":0,"event_name":"betterThird:BetterSerpent","floor":2,"gold_loss":0},{"damage_healed":73,"gold_gain":0,"player_choice":"Embrace Burn","damage_taken":0,"max_hp_gain":0,"max_hp_loss":75,"event_name":"betterThird:BetterShining","floor":3,"gold_loss":0},{"damage_healed":0,"gold_gain":0,"player_choice":"Box","damage_taken":0,"relics_obtained":["Art of War"],"max_hp_gain":0,"max_hp_loss":0,"event_name":"Big Fish","floor":5,"gold_loss":0,"cards_obtained":["Regret"]}],"is_beta":false,"boss_relics":[],"items_purged_floors":[7],"is_endless":false,"potions_floor_spawned":[6,11],"killed_by":"Replay:BlueRogue","ascension_level":1}}