{"host":"xr9kfrtt7uxz0mdc","time":1608384156,"event":{"mods":["AchievementEnabler","BaseMod","Highlight Path","Minty Spire (QoL Compilation)"],"gold_per_floor":[109,109,129,147,159,187,187,202,202,202,49,49,82,94,94,193,193,207,188,188,188,205,236,236,236,236,236,253,253,253],"floor_reached":29,"playtime":1271,"items_purged":[],"score":255,"play_id":"7942c2bd-4be7-43ee-b12d-1e9546da0921","local_time":"20201219142236","is_ascension_mode":false,"campfire_choices":[{"floor":7,"key":"REST"},{"floor":15,"key":"RECALL"},{"floor":24,"key":"REST"},{"floor":27,"key":"REST"}],"circlet_count":0,"master_deck":["Strike_P+1","Strike_P+1","Strike_P+1","Strike_P+1","Defend_P+1","Defend_P+1","Defend_P+1","Defend_P+1","Eruption","Vigilance+1","Brilliance","Consecrate","FlurryOfBlows","FlurryOfBlows","LessonLearned","Parasite","BattleHymn","Devotion+1","LikeWater","EmptyBody","Regret","Regret","EmptyFist+1"],"relics":["PureWater","Shuriken","WingedGreaves","StoneCalendar","Sling","Pantograph","Cursed Key","Orichalcum","MealTicket","Dead Branch"],"acts_visited":["Exordium","TheCity"],"potions_floor_usage":[16,16,23,23,23,23,23,23,23,23,23,23,23,23],"damage_taken":[{"damage":1,"enemies":"Jaw Worm","floor":1,"turns":2},{"damage":0,"enemies":"2 Louse","floor":3,"turns":2},{"damage":0,"enemies":"Cultist","floor":4,"turns":3},{"damage":7,"enemies":"Blue Slaver","floor":5,"turns":3},{"damage":21,"enemies":"Gremlin Nob","floor":6,"turns":4},{"damage":0,"enemies":"2 Fungi Beasts","floor":8,"turns":2},{"damage":26,"enemies":"Lagavulin","floor":13,"turns":6},{"damage":8,"enemies":"Exordium Thugs","floor":14,"turns":4},{"damage":36,"enemies":"Hexaghost","floor":16,"turns":7},{"damage":19,"enemies":"Shell Parasite","floor":18,"turns":6},{"damage":20,"enemies":"2 Thieves","floor":19,"turns":4},{"damage":20,"enemies":"Centurion and Healer","floor":22,"turns":6},{"damage":14,"enemies":"Book of Stabbing","floor":23,"turns":3},{"damage":47,"enemies":"3 Cultists","floor":28,"turns":6},{"damage":3,"enemies":"Gremlin Leader","floor":29,"turns":4}],"seed_played":"-3261184346966541969","potions_obtained":[{"floor":1,"key":"PowerPotion"},{"floor":6,"key":"EntropicBrew"},{"floor":13,"key":"ColorlessPotion"},{"floor":16,"key":"CultistPotion"},{"floor":18,"key":"LiquidBronze"}],"is_trial":false,"path_per_floor":["M","?","M","M","M","E","R","M","T","T","$","?","E","M","R","B",null,"M","M","T","?","M","E","R","?","T","R","M","E"],"character_chosen":"WATCHER","items_purchased":["Sling"],"campfire_rested":3,"item_purchase_floors":[11],"current_hp_per_floor":[71,64,64,64,57,36,57,57,57,57,57,72,46,38,38,27,72,53,33,33,33,13,8,29,29,29,50,3,0,0],"gold":253,"neow_bonus":"ONE_RANDOM_RARE_CARD","is_daily":false,"chose_seed":false,"campfire_upgraded":0,"win_rate":0.0,"timestamp":1608384156,"path_taken":["M","?","M","M","M","E","R","M","T","?","?","?","E","?","R","BOSS","M","M","?","?","M","E","R","?","T","R","M","E"],"items_purchased_type":["Relic"],"build_version":"2020-12-13","purchased_purges":0,"victory":false,"max_hp_per_floor":[72,72,72,72,72,72,72,72,72,72,72,72,72,72,72,72,72,72,72,72,72,72,72,72,72,72,72,72,72,72],"card_choices":[{"not_picked":["Tantrum","Crescendo"],"picked":"Consecrate","floor":1},{"not_picked":["Consecrate","EmptyBody"],"picked":"FlurryOfBlows","floor":3},{"not_picked":["CrushJoints","WaveOfTheHand","TalkToTheHand"],"picked":"SKIP","floor":4},{"not_picked":["Swivel","Evaluate"],"picked":"FlurryOfBlows","floor":5},{"not_picked":["SignatureMove","WaveOfTheHand","Protect"],"picked":"SKIP","floor":6},{"not_picked":["Vengeance","Protect"],"picked":"LessonLearned","floor":8},{"not_picked":["BowlingBash","Perseverance"],"picked":"BattleHymn","floor":13},{"not_picked":["ClearTheMind","CutThroughFate","Evaluate"],"picked":"SKIP","floor":14},{"not_picked":["Omniscience","Scrawl"],"picked":"Devotion","floor":16},{"not_picked":["Protect","PathToVictory"],"picked":"LikeWater","floor":18},{"not_picked":["Tantrum","Crescendo"],"picked":"EmptyBody","floor":19},{"not_picked":["EmptyMind","FollowUp","EmptyFist"],"picked":"SKIP","floor":22},{"not_picked":["Protect","Study","PathToVictory"],"picked":"SKIP","floor":23},{"not_picked":["CarveReality","LikeWater"],"picked":"EmptyFist+1","floor":28}],"player_experience":85324,"relics_obtained":[{"floor":6,"key":"WingedGreaves"},{"floor":9,"key":"StoneCalendar"},{"floor":13,"key":"Pantograph"},{"floor":20,"key":"Orichalcum"},{"floor":23,"key":"MealTicket"},{"floor":26,"key":"Dead Branch"}],"event_choices":[{"damage_healed":0,"gold_gain":0,"player_choice":"Success","damage_taken":7,"relics_obtained":["Shuriken"],"max_hp_gain":0,"max_hp_loss":0,"event_name":"Scrap Ooze","floor":2,"gold_loss":0},{"damage_healed":18,"gold_gain":0,"player_choice":"Healed and dodged fight","damage_taken":0,"max_hp_gain":0,"max_hp_loss":0,"event_name":"Mushrooms","floor":12,"gold_loss":0,"cards_obtained":["Parasite"]},{"damage_healed":0,"gold_gain":0,"player_choice":"Ignored","damage_taken":0,"max_hp_gain":0,"max_hp_loss":0,"event_name":"Vampires","floor":21,"gold_loss":0},{"damage_healed":0,"gold_gain":0,"player_choice":"Simplicity","damage_taken":0,"max_hp_gain":0,"max_hp_loss":0,"event_name":"Back to Basics","floor":25,"gold_loss":0,"cards_upgraded":["Strike_P","Strike_P","Strike_P","Defend_P","Defend_P","Defend_P","Defend_P"]}],"is_beta":false,"boss_relics":[{"not_picked":["VioletLotus","Sozu"],"picked":"Cursed Key"}],"items_purged_floors":[],"is_endless":false,"potions_floor_spawned":[1,6,13,14,16,18,22],"killed_by":"Gremlin Leader","ascension_level":0}}