{"host":"z9grmtg2w0nmz8n1","time":1608342147,"event":{"mods":["Aspiration","Bard","BaseMod","Beaked The Cultist","Better Altar","Better Match","Better Note","Better Sensory Stone","Better Skull","Better Third Choice","BetterRewards","CCEM","Colored Map","Conspire","Downfall","GifTheSpireLib","Googly Eyes","Halation","Hermit","Highlight Path","Hubris","Hunter ??","Jedi Mod","Jorbs\u0027s Wanderer Trilogy","Mad Scientist","Marisa????????","Minty Spire (QoL Compilation)","Permanent Neow","Replay The Spire","Shade Mod","Shop Mod","Spicy Shops","StSLib","Stuff the Spire","The Bug Knight","The Construct","The Necromancer","The Runesmith"],"gold_per_floor":[115,130,130,55,66,66,92,92,92,126,141,161,180,278,278,278,278],"floor_reached":16,"playtime":901,"items_purged":["Runesmith:Strike_RS"],"score":112,"play_id":"47d16c09-2352-42ed-80ad-1982b35f144a","local_time":"20201218234227","is_ascension_mode":false,"campfire_choices":[{"floor":6,"key":"RECALL"},{"data":"Runesmith:RunicBlueprint","floor":8,"key":"SMITH"},{"floor":15,"key":"REST"}],"circlet_count":0,"master_deck":["Runesmith:Strike_RS","Runesmith:Strike_RS","Runesmith:Strike_RS","Runesmith:Defend_RS","Runesmith:Defend_RS","Runesmith:Defend_RS","Runesmith:Defend_RS","Runesmith:CraftFirestone","Runesmith:Fortify","Runesmith:ChaoticBlast","Runesmith:RunicBlueprint+1","Runesmith:CraftMagma","Runesmith:ChiselStab","Runesmith:CraftIncendium","Runesmith:HeatedChisel","ReplayTheSpireMod:Splinters","Runesmith:HeatedChisel"],"relics":["Runesmith:BrokenRuby","halation:PinkSoulGem","jedi:Pinwheel","StuffTheSpire:OldFever"],"acts_visited":["Exordium"],"potions_floor_usage":[7,10,12,16],"damage_taken":[{"damage":1,"enemies":"2 Louse","floor":1,"turns":3},{"damage":3,"enemies":"Jaw Worm","floor":2,"turns":4},{"damage":2,"enemies":"Small Slimes","floor":5,"turns":4},{"damage":11,"enemies":"3 Sentries","floor":7,"turns":4},{"damage":30,"enemies":"Gremlin Nob","floor":10,"turns":6},{"damage":0,"enemies":"2 Fungi Beasts","floor":11,"turns":2},{"damage":0,"enemies":"Lots of Slimes","floor":12,"turns":2},{"damage":3,"enemies":"3 Louse","floor":13,"turns":3},{"damage":43,"enemies":"The Guardian","floor":16,"turns":8}],"seed_played":"4204945660029247399","potions_obtained":[{"floor":1,"key":"Weak Potion"},{"floor":2,"key":"Fire Potion"},{"floor":7,"key":"Strength Potion"},{"floor":11,"key":"Block Potion"},{"floor":13,"key":"LiquidBronze"}],"is_trial":false,"path_per_floor":["M","M","?","$","M","R","E","R","T","E","M","M","M","?","R","B"],"character_chosen":"RUNESMITH_CLASS","items_purchased":[],"campfire_rested":1,"item_purchase_floors":[],"current_hp_per_floor":[69,66,66,66,64,64,53,53,53,23,23,23,20,20,41,0,0],"gold":278,"neow_bonus":"THREE_CARDS","is_daily":false,"chose_seed":false,"campfire_upgraded":1,"win_rate":0.0,"timestamp":1608342147,"path_taken":["M","M","?","?","M","R","E","R","T","E","M","M","M","?","R","BOSS"],"items_purchased_type":[],"build_version":"2020-12-13","purchased_purges":1,"victory":false,"max_hp_per_floor":[70,70,70,70,70,70,70,70,70,70,70,70,70,70,70,70,70],"card_choices":[{"not_picked":["Runesmith:MakeshiftArmor","Runesmith:Augment"],"picked":"Runesmith:ChaoticBlast","floor":0},{"not_picked":["Runesmith:HeatExchange","Runesmith:FrozenChisel"],"picked":"Runesmith:RunicBlueprint","floor":1},{"not_picked":["Runesmith:Overpower","Runesmith:MakeshiftArmor"],"picked":"Runesmith:CraftMagma","floor":2},{"not_picked":["Runesmith:ShiftingStrike","Runesmith:Firewall"],"picked":"Runesmith:ChiselStab","floor":5},{"not_picked":["Runesmith:MakeshiftArmor","Runesmith:ChiselStab","Runesmith:Terraform"],"picked":"SKIP","floor":7},{"not_picked":["Runesmith:Repurpose","Runesmith:DuctTape"],"picked":"Runesmith:CraftIncendium","floor":10},{"not_picked":["Runesmith:Repurpose","Runesmith:OneForEveryone","Runesmith:ChargedHammer"],"picked":"SKIP","floor":11},{"not_picked":["Runesmith:Reinforce","Runesmith:StaticCage"],"picked":"Runesmith:HeatedChisel","floor":12},{"not_picked":["Runesmith:Grindstone","Runesmith:FrozenChisel","Runesmith:BackupBattery"],"picked":"SKIP","floor":13},{"not_picked":["Runesmith:CraftMagma","Runesmith:Repurpose"],"picked":"Runesmith:HeatedChisel","floor":14}],"player_experience":597726,"relics_obtained":[{"floor":7,"key":"jedi:Pinwheel"},{"floor":10,"key":"StuffTheSpire:OldFever"}],"event_choices":[],"is_beta":false,"boss_relics":[],"items_purged_floors":[4],"is_endless":false,"potions_floor_spawned":[1,2,7,11,13],"killed_by":"The Guardian","ascension_level":0}}