{"host":"y3h3n3f7seyagppx","time":1608390374,"event":{"mods":["AlwaysNeverKeys","BaseMod","Better Vampires","Colored Powertips","DeckTracker","Emptier Cage","Minty Spire (QoL Compilation)","Permanent Neow","Quick Restart","Rare Cards Sparkle","Relic Sorter","Relic Stats","StSLib","Transform Curses"],"gold_per_floor":[113,113,131,178,191,191,217,229,266,310,322,352,374,400,412,498,510,532,544,526,813,11,40,40,67,93,120,120,134,134,160,160,231,231,242,257,276,1275,1275,1275,1302,875,900,927,235,250,250,264,264,264,264,264,264,37,64,64],"floor_reached":57,"playtime":124527,"items_purged":["Regret","Normality","Normality"],"score":2856,"play_id":"2d2b46a9-658f-4534-836b-4ea77b4c5d23","local_time":"20201219100614","is_ascension_mode":true,"campfire_choices":[{"data":"Uppercut","floor":6.0,"key":"SMITH"},{"data":"Anger","floor":8.0,"key":"SMITH"},{"data":"Flame Barrier","floor":11.0,"key":"SMITH"},{"data":"Disarm","floor":15.0,"key":"SMITH"},{"data":"Whirlwind","floor":24.0,"key":"SMITH"},{"data":"Fire Breathing","floor":28.0,"key":"SMITH"},{"data":"Fire Breathing","floor":30.0,"key":"SMITH"},{"data":"Power Through","floor":32.0,"key":"SMITH"},{"data":"Impervious","floor":40.0,"key":"SMITH"},{"data":"Dual Wield","floor":47.0,"key":"SMITH"},{"data":"Evolve","floor":49.0,"key":"SMITH"},{"data":"Shrug It Off","floor":53.0,"key":"SMITH"}],"circlet_count":0,"master_deck":["AscendersBane","Strike_R","Strike_R","Strike_R","Strike_R+1","Defend_R","Defend_R","Defend_R","Defend_R","Bash+1","Anger+1","Uppercut+1","Flame Barrier+1","Power Through+1","Disarm+1","Impervious+1","Whirlwind+1","Feed","Fire Breathing+1","Fire Breathing+1","Shrug It Off+1","Reaper","Offering","Feel No Pain","Shrug It Off+1","Shockwave","Evolve+1","Dual Wield+1","Shrug It Off","Flame Barrier+1"],"relics":["Burning Blood","Unceasing Top","Lantern","MawBank","Tiny Chest","White Beast Statue","Mark of Pain","Enchiridion","Sling","Oddly Smooth Stone","Whetstone","Orichalcum","Toy Ornithopter","Potion Belt","Ginger","Bag of Preparation","Philosopher\u0027s Stone","Blood Vial","Brimstone","Nunchaku","Anchor","Akabeko","TungstenRod","Strange Spoon","Bronze Scales","Centennial Puzzle"],"acts_visited":["Exordium","TheCity","TheBeyond","TheEnding"],"potions_floor_usage":[55,56,56,56],"damage_taken":[{"damage":7.0,"enemies":"Small Slimes","floor":1.0,"turns":3.0},{"damage":4.0,"enemies":"Jaw Worm","floor":3.0,"turns":4.0},{"damage":1.0,"enemies":"Cultist","floor":5.0,"turns":4.0},{"damage":35.0,"enemies":"3 Sentries","floor":7.0,"turns":7.0},{"damage":35.0,"enemies":"Lagavulin","floor":10.0,"turns":7.0},{"damage":4.0,"enemies":"Exordium Wildlife","floor":12.0,"turns":5.0},{"damage":19.0,"enemies":"Exordium Thugs","floor":13.0,"turns":7.0},{"damage":0.0,"enemies":"2 Fungi Beasts","floor":14.0,"turns":4.0},{"damage":21.0,"enemies":"The Guardian","floor":16.0,"turns":16.0},{"damage":0.0,"enemies":"Spheric Guardian","floor":18.0,"turns":8.0},{"damage":2.0,"enemies":"2 Thieves","floor":20.0,"turns":4.0},{"damage":18.0,"enemies":"Book of Stabbing","floor":23.0,"turns":5.0},{"damage":0.0,"enemies":"Slavers","floor":25.0,"turns":1.0},{"damage":0.0,"enemies":"Gremlin Leader","floor":27.0,"turns":5.0},{"damage":0.0,"enemies":"Centurion and Healer","floor":29.0,"turns":5.0},{"damage":31.0,"enemies":"Collector","floor":33.0,"turns":7.0},{"damage":42.0,"enemies":"3 Darklings","floor":35.0,"turns":4.0},{"damage":1.0,"enemies":"3 Shapes","floor":36.0,"turns":3.0},{"damage":26.0,"enemies":"3 Darklings","floor":37.0,"turns":5.0},{"damage":14.0,"enemies":"Nemesis","floor":41.0,"turns":7.0},{"damage":14.0,"enemies":"Giant Head","floor":44.0,"turns":5.0},{"damage":16.0,"enemies":"4 Shapes","floor":46.0,"turns":4.0},{"damage":0.0,"enemies":"Writhing Mass","floor":48.0,"turns":7.0},{"damage":96.0,"enemies":"Awakened One","floor":50.0,"turns":11.0},{"damage":37.0,"enemies":"Donu and Deca","floor":51.0,"turns":6.0},{"damage":48,"enemies":"Shield and Spear","floor":55,"turns":5},{"damage":82,"enemies":"The Heart","floor":56,"turns":8}],"seed_played":"-5083903991295428490","potions_obtained":[{"floor":7.0,"key":"FairyPotion"},{"floor":10.0,"key":"BloodPotion"},{"floor":12.0,"key":"SkillPotion"},{"floor":13.0,"key":"ColorlessPotion"},{"floor":14.0,"key":"SteroidPotion"},{"floor":16.0,"key":"PowerPotion"},{"floor":18.0,"key":"Dexterity Potion"},{"floor":20.0,"key":"Energy Potion"},{"floor":23.0,"key":"AttackPotion"},{"floor":27.0,"key":"EssenceOfSteel"},{"floor":29.0,"key":"ElixirPotion"},{"floor":33.0,"key":"Energy Potion"},{"floor":35.0,"key":"AttackPotion"},{"floor":36.0,"key":"AttackPotion"},{"floor":37.0,"key":"DuplicationPotion"},{"floor":41.0,"key":"Weak Potion"},{"floor":44.0,"key":"AttackPotion"},{"floor":46.0,"key":"FairyPotion"},{"floor":48.0,"key":"BlessingOfTheForge"},{"floor":55,"key":"Weak Potion"}],"is_trial":false,"path_per_floor":["M","?","M","T","M","R","E","R","T","E","R","M","M","M","R","B",null,"M","?","M","?","$","E","R","E","T","E","R","M","R","T","R","B",null,"M","M","M","?","?","R","E","$","T","E","$","M","R","M","R","B","B",null,"R","$","E","B",null],"character_chosen":"IRONCLAD","items_purchased":["Sling","Oddly Smooth Stone","Feed","Whetstone","Fire Breathing","Brimstone","Nunchaku","TungstenRod","BloodPotion","Strange Spoon","Bronze Scales","Energy Potion"],"campfire_rested":0,"item_purchase_floors":[22,22,22,22,22,42,42,45,45,45,54,54],"current_hp_per_floor":[49,42,44,44,49,49,20,20,20,28,28,30,32,38,38,23,62,68,47,51,51,51,39,39,45,45,56,56,62,62,62,62,55,70,34,39,39,39,39,39,36,36,36,69,69,81,81,81,81,81,61,76,76,76,59,68],"gold":64,"neow_bonus":"ONE_RARE_RELIC","is_daily":false,"chose_seed":false,"campfire_upgraded":12,"win_rate":0.0,"timestamp":1608390374,"path_taken":["M","?","M","?","M","R","E","R","T","E","R","M","M","M","R","BOSS","M","?","M","?","$","E","R","E","T","E","R","?","R","?","R","BOSS","M","?","M","?","?","R","E","$","T","E","$","M","R","M","R","BOSS","BOSS","R","$","E","BOSS"],"items_purchased_type":["Relic","Relic","Card","Relic","Card","Relic","Relic","Relic","Potion","Relic","Relic","Potion"],"build_version":"2020-12-13","purchased_purges":3,"victory":true,"max_hp_per_floor":[75,75,75,75,75,75,75,75,75,75,75,75,75,75,75,75,75,75,75,75,75,75,75,75,75,75,75,75,75,75,75,75,75,75,75,75,78,78,78,78,78,78,78,78,78,81,81,81,81,81,81,81,81,81,81,81],"relic_stats":{"counters":[27,157],"Bag of Preparation":[24],"Whetstone":["Bash","Strike_R"],"Ginger":[10],"Orichalcum":[108],"MawBank":180,"Burning Blood":150,"Blood Vial":8,"Strange Spoon":[21],"Nunchaku":[7],"Centennial Puzzle":[3],"Bronze Scales":[117],"Tiny Chest":1,"obtain_stats":[{"Lantern":4,"Enchiridion":19,"Bag of Preparation":31,"Whetstone":22,"Ginger":27,"Sling":22,"Burning Blood":0,"Blood Vial":41,"Nunchaku":42,"Centennial Puzzle":55,"Tiny Chest":9,"Philosopher\u0027s Stone":34,"Potion Belt":26,"Oddly Smooth Stone":22,"Orichalcum":23,"MawBank":7,"White Beast Statue":10,"Akabeko":44,"Strange Spoon":45,"Anchor":43,"Brimstone":42,"Bronze Scales":54,"Mark of Pain":17,"Unceasing Top":0,"Toy Ornithopter":25,"TungstenRod":45},{"Lantern":2,"Enchiridion":10,"Bag of Preparation":15,"Whetstone":11,"Ginger":14,"Sling":11,"Burning Blood":0,"Blood Vial":20,"Nunchaku":20,"Centennial Puzzle":26,"Tiny Chest":4,"Philosopher\u0027s Stone":16,"Potion Belt":13,"Oddly Smooth Stone":11,"Orichalcum":12,"MawBank":4,"White Beast Statue":5,"Akabeko":21,"Strange Spoon":21,"Anchor":20,"Brimstone":20,"Bronze Scales":25,"Mark of Pain":9,"Unceasing Top":0,"Toy Ornithopter":13,"TungstenRod":21},{"Lantern":7,"Enchiridion":65,"Bag of Preparation":85,"Whetstone":69,"Ginger":80,"Sling":69,"Burning Blood":0,"Blood Vial":111,"Nunchaku":111,"Centennial Puzzle":149,"Tiny Chest":18,"Philosopher\u0027s Stone":92,"Potion Belt":75,"Oddly Smooth Stone":69,"Orichalcum":74,"MawBank":18,"White Beast Statue":25,"Akabeko":116,"Strange Spoon":116,"Anchor":111,"Brimstone":111,"Bronze Scales":144,"Mark of Pain":57,"Unceasing Top":0,"Toy Ornithopter":75,"TungstenRod":116}],"Unceasing Top":[2],"Toy Ornithopter":42,"TungstenRod":58},"card_choices":[{"not_picked":["Perfected Strike","Havoc"],"picked":"Anger","floor":1.0},{"not_picked":["Sword Boomerang","Sentinel"],"picked":"Uppercut","floor":3.0},{"not_picked":["Blood for Blood","Perfected Strike","Entrench"],"picked":"SKIP","floor":5.0},{"not_picked":["Uppercut","Blood for Blood","Burning Pact"],"picked":"SKIP","floor":7.0},{"not_picked":["Power Through","Headbutt"],"picked":"Flame Barrier","floor":10.0},{"not_picked":["Body Slam","Wild Strike"],"picked":"Power Through","floor":12.0},{"not_picked":["Clash","Cleave","Flex"],"picked":"SKIP","floor":13.0},{"not_picked":["Iron Wave","Twin Strike"],"picked":"Disarm","floor":14.0},{"not_picked":["Corruption","Berserk"],"picked":"Impervious","floor":16.0},{"not_picked":["Clash","Perfected Strike"],"picked":"Whirlwind","floor":18.0},{"not_picked":["Cleave","Combust","Whirlwind"],"picked":"SKIP","floor":20.0},{"not_picked":["Warcry","Cleave"],"picked":"Fire Breathing","floor":23.0},{"not_picked":["Ghostly Armor","Warcry"],"picked":"Shrug It Off","floor":25.0},{"not_picked":["Shrug It Off","Pummel"],"picked":"Reaper","floor":27.0},{"not_picked":["Reckless Charge+1","Havoc","Twin Strike"],"picked":"SKIP","floor":29.0},{"not_picked":["Limit Break","Immolate"],"picked":"Offering","floor":33.0},{"not_picked":["Flame Barrier","Shrug It Off"],"picked":"Feel No Pain","floor":35.0},{"not_picked":["Clash","Sword Boomerang"],"picked":"Shrug It Off+1","floor":36.0},{"not_picked":["Anger+1","Dark Embrace","Wild Strike"],"picked":"SKIP","floor":37.0},{"not_picked":["Flex+1","Cleave"],"picked":"Shockwave","floor":41.0},{"not_picked":["Power Through+1","Shockwave"],"picked":"Evolve","floor":44.0},{"not_picked":["Inflame","Flex"],"picked":"Dual Wield","floor":46.0},{"not_picked":["Clash","Immolate"],"picked":"Shrug It Off","floor":48.0},{"not_picked":["Warcry","Hemokinesis+1"],"picked":"Flame Barrier+1","floor":55}],"player_experience":20008268,"relics_obtained":[{"floor":4.0,"key":"Lantern"},{"floor":7.0,"key":"MawBank"},{"floor":9.0,"key":"Tiny Chest"},{"floor":10.0,"key":"White Beast Statue"},{"floor":19.0,"key":"Enchiridion"},{"floor":23.0,"key":"Orichalcum"},{"floor":25.0,"key":"Toy Ornithopter"},{"floor":26.0,"key":"Potion Belt"},{"floor":27.0,"key":"Ginger"},{"floor":31.0,"key":"Bag of Preparation"},{"floor":41.0,"key":"Blood Vial"},{"floor":43.0,"key":"Anchor"},{"floor":44.0,"key":"Akabeko"},{"floor":55,"key":"Centennial Puzzle"}],"event_choices":[{"cards_removed":["Strike_R"],"damage_healed":0.0,"max_hp_gain":0.0,"max_hp_loss":0.0,"gold_gain":0.0,"event_name":"Golden Wing","player_choice":"Card Removal","floor":2.0,"gold_loss":0.0,"damage_taken":7.0},{"damage_healed":0.0,"max_hp_gain":0.0,"max_hp_loss":0.0,"gold_gain":0.0,"event_name":"Cursed Tome","player_choice":"Obtained Book","floor":19.0,"gold_loss":0.0,"damage_taken":21.0},{"damage_healed":0.0,"max_hp_gain":0.0,"max_hp_loss":0.0,"gold_gain":275.0,"event_name":"Golden Shrine","player_choice":"Desecrate","floor":21.0,"gold_loss":0.0,"damage_taken":0.0,"cards_obtained":["Regret"]},{"damage_healed":0.0,"max_hp_gain":0.0,"max_hp_loss":0.0,"gold_gain":999.0,"event_name":"MindBloom","player_choice":"Gold","floor":38.0,"gold_loss":0.0,"damage_taken":0.0,"cards_obtained":["Normality","Normality"]},{"damage_healed":0.0,"max_hp_gain":0.0,"max_hp_loss":0.0,"gold_gain":0.0,"event_name":"The Moai Head","player_choice":"Ignored","floor":39.0,"gold_loss":0.0,"damage_taken":0.0}],"is_beta":false,"boss_relics":[{"not_picked":["Ectoplasm","Calling Bell"],"picked":"Mark of Pain"},{"not_picked":["Black Blood","Empty Cage"],"picked":"Philosopher\u0027s Stone"}],"items_purged_floors":[22,42,45],"is_endless":false,"potions_floor_spawned":[7,10,12,13,14,16,18,20,23,25,27,29,33,35,36,37,41,44,46,48,55],"ascension_level":20}}