{"host":"vjkx177ju3wjmzef","time":1608372678,"event":{"mods":["BaseMod","Block Reminder","Colored Map","Colored Powertips","DeckTracker","Googly Eyes","Highlight Path","Minty Spire (QoL Compilation)","Quick Restart","Random Character Button","Relic Stats","StSLib"],"gold_per_floor":[116,135,25,25,36,36,53,53,53,53,66,84,32,32,32,134,134,115,134,233,133,133,133,167,177,254,267,267,287,300,22,22,122,122,134,234,246,26,41,41,53,53,53,72,72,72],"floor_reached":45,"playtime":2302,"items_purged":["Strike_G","Strike_G","Defend_G","Defend_G"],"score":454,"play_id":"340c1c76-0c0c-447c-bdb4-5985adbc5ec5","local_time":"20201219041118","is_ascension_mode":false,"campfire_choices":[{"data":"Noxious Fumes","floor":6,"key":"SMITH"},{"data":"Bouncing Flask","floor":8,"key":"SMITH"},{"data":"Dodge and Roll","floor":10,"key":"SMITH"},{"data":"Dodge and Roll","floor":15,"key":"SMITH"},{"data":"Bane","floor":23,"key":"SMITH"},{"data":"Apotheosis","floor":32,"key":"SMITH"},{"data":"Envenom","floor":40,"key":"SMITH"},{"data":"Dodge and Roll","floor":42,"key":"SMITH"}],"circlet_count":0,"master_deck":["Strike_G","Strike_G","Defend_G","Defend_G","Survivor","Neutralize","Noxious Fumes+1","Bouncing Flask+1","Dodge and Roll+1","Dodge and Roll+1","Bane+1","Deadly Poison","Poisoned Stab","Malaise","Endless Agony","Terror+1","Deflect","Dodge and Roll+1","Apotheosis+1","Deflect","Envenom+1","Bane","Bouncing Flask+1","Dodge and Roll"],"relics":["Ring of the Snake","NeowsBlessing","Question Card","Velvet Choker","Enchiridion","Orichalcum","The Courier","Sozu","Membership Card","Mercury Hourglass"],"acts_visited":["Exordium","TheCity","TheBeyond"],"potions_floor_usage":[7,11,24,25,30,33,33,41],"damage_taken":[{"damage":0,"enemies":"2 Louse","floor":1,"turns":1},{"damage":0,"enemies":"Jaw Worm","floor":2,"turns":1},{"damage":0,"enemies":"Cultist","floor":5,"turns":1},{"damage":13,"enemies":"Exordium Thugs","floor":7,"turns":5},{"damage":3,"enemies":"Large Slime","floor":11,"turns":6},{"damage":3,"enemies":"Blue Slaver","floor":12,"turns":4},{"damage":14,"enemies":"Hexaghost","floor":16,"turns":8},{"damage":3,"enemies":"2 Thieves","floor":18,"turns":4},{"damage":1,"enemies":"Chosen","floor":19,"turns":4},{"damage":13,"enemies":"Gremlin Leader","floor":24,"turns":7},{"damage":6,"enemies":"Snake Plant","floor":25,"turns":3},{"damage":0,"enemies":"Centurion and Healer","floor":27,"turns":5},{"damage":10,"enemies":"Shelled Parasite and Fungi","floor":29,"turns":5},{"damage":2,"enemies":"Cultist and Chosen","floor":30,"turns":5},{"damage":22,"enemies":"Champ","floor":33,"turns":10},{"damage":0,"enemies":"3 Shapes","floor":35,"turns":3},{"damage":5,"enemies":"Orb Walker","floor":37,"turns":4},{"damage":16,"enemies":"3 Darklings","floor":39,"turns":5},{"damage":4,"enemies":"Maw","floor":41,"turns":6},{"damage":4,"enemies":"Spire Growth","floor":44,"turns":5},{"damage":47,"enemies":"Reptomancer","floor":45,"turns":2}],"seed_played":"-5248063962470328919","potions_obtained":[{"floor":1,"key":"BlessingOfTheForge"},{"floor":7,"key":"Weak Potion"},{"floor":18,"key":"DistilledChaos"},{"floor":25,"key":"EntropicBrew"},{"floor":29,"key":"ColorlessPotion"},{"floor":30,"key":"Swift Potion"}],"is_trial":false,"path_per_floor":["M","M","$","?","M","R","M","R","T","R","M","M","$","?","R","B",null,"M","M","?","$","?","R","E","M","T","M","?","M","M","$","R","B",null,"M","?","M","$","M","R","M","R","T","M","E"],"character_chosen":"THE_SILENT","items_purchased":["Bouncing Flask","Poisoned Stab","Apotheosis","Deflect","Membership Card","Bane"],"campfire_rested":0,"item_purchase_floors":[3,13,31,31,38,38],"current_hp_per_floor":[70,70,70,70,70,70,57,57,57,57,54,51,51,51,51,37,70,67,66,66,66,50,50,37,31,31,31,54,44,42,42,42,20,70,70,70,65,65,49,49,45,45,45,41,0,0],"gold":72,"neow_bonus":"THREE_ENEMY_KILL","is_daily":false,"chose_seed":false,"campfire_upgraded":8,"win_rate":0.0,"timestamp":1608372678,"path_taken":["M","M","$","?","M","R","M","R","T","R","M","M","$","?","R","BOSS","M","?","?","$","?","R","E","M","T","M","?","M","M","$","R","BOSS","M","?","?","$","M","R","M","R","T","M","E"],"items_purchased_type":["Card","Card","Card","Card","Relic","Card"],"build_version":"2020-12-13","purchased_purges":4,"victory":false,"max_hp_per_floor":[70,70,70,70,70,70,70,70,70,70,70,70,70,70,70,70,70,70,70,70,70,70,70,70,70,70,70,70,70,70,70,70,70,70,70,70,70,70,70,70,70,70,70,70,70,70],"relic_stats":{"Sozu":2,"counters":[21,94],"Orichalcum":[30],"Question Card":16,"obtain_stats":[{"Sozu":34,"NeowsBlessing":0,"Velvet Choker":17,"Enchiridion":22,"The Courier":26,"Membership Card":38,"Orichalcum":24,"Question Card":9,"Ring of the Snake":0,"Mercury Hourglass":43},{"Sozu":15,"NeowsBlessing":0,"Velvet Choker":7,"Enchiridion":9,"The Courier":11,"Membership Card":17,"Orichalcum":10,"Question Card":4,"Ring of the Snake":0,"Mercury Hourglass":19},{"Sozu":69,"NeowsBlessing":0,"Velvet Choker":26,"Enchiridion":34,"The Courier":44,"Membership Card":76,"Orichalcum":41,"Question Card":8,"Ring of the Snake":0,"Mercury Hourglass":87}],"Ring of the Snake":[45],"Mercury Hourglass":[36]},"card_choices":[{"not_picked":["Endless Agony","Blade Dance"],"picked":"Noxious Fumes","floor":1},{"not_picked":["Reflex","Tactician","Eviscerate"],"picked":"SKIP","floor":2},{"not_picked":["Dagger Spray","Sucker Punch"],"picked":"Dodge and Roll","floor":5},{"not_picked":["Bane","Predator"],"picked":"Dodge and Roll","floor":7},{"not_picked":["Caltrops","Outmaneuver","Backflip"],"picked":"Bane","floor":11},{"not_picked":["Poisoned Stab","Predator","Dash"],"picked":"Deadly Poison","floor":12},{"not_picked":["Grand Finale","Night Terror","Storm of Steel"],"picked":"Malaise","floor":16},{"not_picked":["Prepared","Underhanded Strike","Dagger Throw"],"picked":"Endless Agony","floor":18},{"not_picked":["Quick Slash","Accuracy","Infinite Blades","Flying Knee"],"picked":"SKIP","floor":19},{"not_picked":["Slice","Dagger Spray","Acrobatics+1"],"picked":"Terror+1","floor":24},{"not_picked":["Sucker Punch+1","Cloak And Dagger","Storm of Steel","Flying Knee"],"picked":"SKIP","floor":25},{"not_picked":["Masterful Stab","PiercingWail","Outmaneuver+1","Flying Knee+1"],"picked":"SKIP","floor":27},{"not_picked":["Expertise","Predator","Backflip"],"picked":"Deflect","floor":29},{"not_picked":["Backflip","Expertise","Poisoned Stab"],"picked":"Dodge and Roll","floor":30},{"not_picked":["Venomology","Bullet Time","Doppelganger"],"picked":"Envenom","floor":33},{"not_picked":["Heel Hook+1","Dagger Spray","Acrobatics","Deadly Poison+1"],"picked":"SKIP","floor":35},{"not_picked":["Doppelganger","Deadly Poison+1","Concentrate","Sucker Punch"],"picked":"SKIP","floor":37},{"not_picked":["Flying Knee","Setup","Skewer+1"],"picked":"Bouncing Flask+1","floor":39},{"not_picked":["Riddle With Holes","Backflip+1","Prepared+1"],"picked":"Dodge and Roll","floor":41},{"not_picked":["Blade Dance","Dagger Spray","Flying Knee+1","Dagger Throw"],"picked":"SKIP","floor":44}],"player_experience":120072,"relics_obtained":[{"floor":9,"key":"Question Card"},{"floor":22,"key":"Enchiridion"},{"floor":24,"key":"Orichalcum"},{"floor":26,"key":"The Courier"},{"floor":43,"key":"Mercury Hourglass"}],"event_choices":[{"cards_removed":["Strike_G"],"damage_healed":0,"gold_gain":0,"player_choice":"Forget","damage_taken":0,"max_hp_gain":0,"max_hp_loss":0,"event_name":"Living Wall","floor":4,"gold_loss":0},{"cards_removed":["Defend_G"],"damage_healed":0,"gold_gain":0,"player_choice":"Purged","damage_taken":0,"max_hp_gain":0,"max_hp_loss":0,"event_name":"Purifier","floor":14,"gold_loss":0},{"damage_healed":0,"gold_gain":99,"player_choice":"Stole From Cult","damage_taken":0,"max_hp_gain":0,"max_hp_loss":0,"event_name":"Nest","floor":20,"gold_loss":0},{"damage_healed":0,"gold_gain":0,"player_choice":"Obtained Book","damage_taken":16,"max_hp_gain":0,"max_hp_loss":0,"event_name":"Cursed Tome","floor":22,"gold_loss":0},{"damage_healed":23,"gold_gain":0,"player_choice":"Heal","damage_taken":0,"max_hp_gain":0,"max_hp_loss":0,"event_name":"The Library","floor":28,"gold_loss":0},{"damage_healed":0,"gold_gain":100,"player_choice":"Pray","damage_taken":0,"max_hp_gain":0,"max_hp_loss":0,"event_name":"Golden Shrine","floor":36,"gold_loss":0}],"is_beta":false,"boss_relics":[{"not_picked":["SacredBark","WristBlade"],"picked":"Velvet Choker"},{"not_picked":["Snecko Eye","Pandora\u0027s Box"],"picked":"Sozu"}],"items_purged_floors":[3,21,31,38],"is_endless":false,"potions_floor_spawned":[1,7,18,25,29,30,41,44],"killed_by":"Reptomancer","ascension_level":0}}