{"host":"o3b7ow6d1xe49css","time":1608350148,"event":{"mods":["2.2 Compatiblity","Act Like it!","Aspiration","BaseMod","Bestiary","Better Altar","Better Match","Better Note","Better Sensory Stone","Better Skull","Better Third Choice","Colored Powertips","Conspire","Elementarium","Energized Spire","Force Act Four","GifTheSpireLib","Halation","Hermit","Hubris","Infinite Spire","Lobotomy","Minty Spire (QoL Compilation)","Quick Restart","Replay The Spire","Spicy Shops","Spikes Relics","StSLib","Stuff the Spire","The Blue Laboratory","The Jungle","Wandering Minibosses","vexMod"],"gold_per_floor":[114,127,139,159,175,175,210,210,210,241,23,56,56,56,56,154,154,167,183,183,193,193,223,223,251,332,361,14,14,14,46,46,141,141,159,175,185,185,185,185,212,241,266,266,266,43,43,54,54,54,54,54,3,29,29],"floor_reached":56,"playtime":1602,"items_purged":["Strike_R","Strike_R","Strike_R","Pain"],"score":1749,"play_id":"b988afe0-7ddb-41e7-8fea-1ceb31f55bae","local_time":"20201218185548","daily_mods":["Heirloom","Flight"],"is_ascension_mode":true,"campfire_choices":[{"data":"Uppercut","floor":6,"key":"SMITH"},{"data":"StuffTheSpire:Slingshot","floor":8,"key":"SMITH"},{"floor":13,"key":"RECALL"},{"data":"Bash","floor":15,"key":"SMITH"},{"floor":24,"key":"REST"},{"floor":29,"key":"REST"},{"data":"Limit Break","floor":32,"key":"SMITH"},{"data":"StuffTheSpire:BrainWave","floor":40,"key":"SMITH"},{"floor":44,"key":"REST"},{"floor":45,"key":"REST"},{"data":"conspire:HitWhereItHurts","floor":49,"key":"SMITH"},{"data":"Limit Break","floor":52,"key":"SMITH"}],"circlet_count":0,"master_deck":["Strike_R+2","Defend_R","Defend_R+1","Defend_R","Defend_R","Bash+1","Sword Boomerang","Hemokinesis","StuffTheSpire:Slingshot+1","True Grit","Uppercut+1","Pommel Strike+1","Limit Break+1","Immolate","ReplayTheSpireMod:Muscle Training","Bloodletting","BarbarianYell","Limit Break+1","hubris:ReadiedAction","Pummel+1","StuffTheSpire:BrainWave+1","conspire:HitWhereItHurts+1","Rupture+1"],"relics":["Burning Blood","Ring of Chaos","vexMod:PlasmaPancake","BrokenLever","infinitespire:CursedDice","SpikesRelics:SneckoPlush","Simple Rune","vexMod:BigBerry","aspiration:FrozenJewel","Smiling Mask","Whetstone","StuffTheSpire:RubySignet","Counterbalance","Medical Kit","Bronze Scales","Rawhide","ReplayTheSpireMod:Spearhead","Black Star","halation:PrussianBluePaint","Potion Belt","Replay:Rubber Ducky","BlackRope","aspiration:TomeofQuesting","Lantern","hubris:MobiusCoin","hubris:ToyBattleship"],"acts_visited":["Exordium","TheCity","TheBeyond","TheEnding"],"potions_floor_usage":[18,18,23,27,29,37,41,42,48,50,55],"damage_taken":[{"damage":0,"enemies":"conspire:RoseBush","floor":1,"turns":3},{"damage":0,"enemies":"Cultist","floor":2,"turns":2},{"damage":0,"enemies":"Small Slimes","floor":3,"turns":1},{"damage":0,"enemies":"Gremlin Gang","floor":4,"turns":3},{"damage":2,"enemies":"Looter","floor":5,"turns":1},{"damage":0,"enemies":"Gremlin Nob","floor":7,"turns":2},{"damage":12,"enemies":"3 Sentries","floor":10,"turns":4},{"damage":0,"enemies":"Gremlin Nob","floor":12,"turns":2},{"damage":2,"enemies":"Slime Boss","floor":16,"turns":4},{"damage":36,"enemies":"Spheric Guardian","floor":18,"turns":5},{"damage":8,"enemies":"Chosen","floor":19,"turns":2},{"damage":0,"enemies":"Sentry and Sphere","floor":21,"turns":2},{"damage":23,"enemies":"Gremlin Leader","floor":23,"turns":4},{"damage":29,"enemies":"Replay:Snechameleon","floor":25,"turns":5},{"damage":26,"enemies":"Nightmare","floor":27,"turns":6},{"damage":6,"enemies":"conspire:Head Lice","floor":31,"turns":2},{"damage":94,"enemies":"conspire:MysteriousRune","floor":33,"turns":7},{"damage":3,"enemies":"3 Shapes","floor":35,"turns":2},{"damage":6,"enemies":"Orb Walker","floor":36,"turns":1},{"damage":11,"enemies":"Writhing Mass","floor":37,"turns":4},{"damage":42,"enemies":"Giant Head","floor":41,"turns":6},{"damage":37,"enemies":"Reptomancer","floor":42,"turns":4},{"damage":7,"enemies":"3 Darklings","floor":48,"turns":4},{"damage":44,"enemies":"hubris:GrandSnecko","floor":50,"turns":5},{"damage":7,"enemies":"Shield and Spear","floor":54,"turns":2},{"damage":98,"enemies":"The Heart","floor":55,"turns":8}],"seed_played":"4796277328467723898","potions_obtained":[{"floor":4,"key":"blueLaboratory:PhilterOfMotion"},{"floor":10,"key":"blueLaboratory:NullPotion"},{"floor":12,"key":"blueLaboratory:BubblePotion"},{"floor":19,"key":"PowerPotion"},{"floor":25,"key":"BlessingOfTheForge"},{"floor":27,"key":"blueLaboratory:EnragingPotion"},{"floor":35,"key":"LifebloodPotion"},{"floor":37,"key":"blueLaboratory:SavagePotion"}],"is_trial":true,"path_per_floor":["M","M","M","M","M","R","E","R","T","E","$","E","R","$","R","B",null,"M","M","?","M","?","E","R","E","T","NM","$","R","AVR","E","R","B",null,"M","M","M","AVR","?","R","E","E","T","R","R","$","?","M","R","B",null,"R","$","E","B",null],"character_chosen":"IRONCLAD","items_purchased":["SpikesRelics:SneckoPlush","BarbarianYell","Medical Kit","Bronze Scales","Fruit Juice","Adrenaline Potion","SkillPotion","conspire:HitWhereItHurts","Adrenaline Potion"],"campfire_rested":4,"item_purchase_floors":[11,28,28,28,28,46,46,46,53],"current_hp_per_floor":[86,86,86,86,86,86,86,86,86,80,80,86,86,86,86,86,116,86,84,84,90,90,73,107,84,84,64,64,103,103,103,103,15,95,98,98,99,99,99,99,63,32,32,64,96,96,96,95,95,61,97,97,97,96,45],"gold":29,"neow_bonus":"","is_daily":false,"chose_seed":false,"campfire_upgraded":7,"win_rate":0.0,"timestamp":1608350148,"path_taken":["M","M","M","?","M","R","E","R","T","E","?","E","R","$","R","BOSS","M","M","?","M","?","E","R","E","T","NM","$","R","AVR","E","R","BOSS","M","M","?","AVR","?","R","E","E","T","R","R","$","?","?","R","BOSS","R","$","E","BOSS"],"items_purchased_type":["Relic","Card","Relic","Relic","Potion","Potion","Potion","Card","Potion"],"build_version":"2020-12-13","purchased_purges":4,"victory":true,"max_hp_per_floor":[86,86,86,86,86,86,86,86,86,86,86,86,86,86,86,86,116,116,116,116,116,116,116,116,116,116,116,116,121,121,121,121,121,121,121,121,121,121,109,109,109,109,109,109,109,109,109,109,109,109,109,109,109,109,109],"card_choices":[{"not_picked":["Wild Strike","Anger"],"picked":"Sword Boomerang","floor":1},{"not_picked":["Twin Strike","Power Through"],"picked":"Hemokinesis","floor":2},{"not_picked":["Sword Boomerang","Flex"],"picked":"StuffTheSpire:Slingshot","floor":3},{"not_picked":["Run Through","Entrench"],"picked":"True Grit","floor":4},{"not_picked":["Havoc","Ghostly Armor"],"picked":"Uppercut","floor":5},{"not_picked":["Impervious","StuffTheSpire:RockThrow"],"picked":"Pommel Strike","floor":7},{"not_picked":["Life Link","Clothesline"],"picked":"Limit Break","floor":10},{"not_picked":["Iron Wave","Perfected Strike","Body Slam"],"picked":"SKIP","floor":12},{"not_picked":["Fiend Fire","Juggernaut"],"picked":"Immolate","floor":16},{"not_picked":["ReplayTheSpireMod:Corrosion Curse","Pommel Strike","Wild Strike"],"picked":"SKIP","floor":18},{"not_picked":["Anger","Intimidate","hubris:SharpeningStone"],"picked":"SKIP","floor":19},{"not_picked":["Armaments","ReplayTheSpireMod:Corrosion Curse"],"picked":"ReplayTheSpireMod:Muscle Training","floor":21},{"not_picked":["StuffTheSpire:Incineration","Body Slam+1"],"picked":"Bloodletting","floor":23},{"not_picked":["StuffTheSpire:Pyroclast+1","Warcry","Replay:Undeath\u0027s Touch"],"picked":"SKIP","floor":25},{"not_picked":["Evolve","Warcry","hubris:ReadiedAction"],"picked":"SKIP","floor":27},{"not_picked":["Flex","ReplayTheSpireMod:Limb From Limb"],"picked":"Hemokinesis+1","floor":31},{"not_picked":["Juggernaut","Feed"],"picked":"Limit Break","floor":33},{"not_picked":["Shockwave","Seeing Red+1"],"picked":"hubris:ReadiedAction","floor":35},{"not_picked":["StuffTheSpire:Slingshot+1","Run Through"],"picked":"Pummel+1","floor":36},{"not_picked":["Flex+1","Evolve","Pummel"],"picked":"SKIP","floor":37},{"not_picked":["Dark Embrace+1","Twin Strike+1","StuffTheSpire:Incineration"],"picked":"SKIP","floor":41},{"not_picked":["Anger+1","Iron Wave+1","Clothesline"],"picked":"SKIP","floor":42},{"not_picked":["Thunderclap+1","Warcry+1"],"picked":"Rupture+1","floor":48},{"not_picked":["Havoc+1","ReplayTheSpireMod:Strike From Hell","Perfected Strike+1"],"picked":"SKIP","floor":54}],"player_experience":1740057,"relics_obtained":[{"floor":7,"key":"BrokenLever"},{"floor":10,"key":"infinitespire:CursedDice"},{"floor":12,"key":"Simple Rune"},{"floor":23,"key":"Smiling Mask"},{"floor":25,"key":"Whetstone"},{"floor":26,"key":"StuffTheSpire:RubySignet"},{"floor":27,"key":"Counterbalance"},{"floor":31,"key":"ReplayTheSpireMod:Spearhead"},{"floor":41,"key":"Potion Belt"},{"floor":41,"key":"Replay:Rubber Ducky"},{"floor":42,"key":"BlackRope"},{"floor":42,"key":"aspiration:TomeofQuesting"},{"floor":43,"key":"Lantern"},{"floor":54,"key":"hubris:MobiusCoin"},{"floor":54,"key":"hubris:ToyBattleship"}],"event_choices":[{"cards_removed":["Strike_R"],"damage_healed":0,"gold_gain":0,"player_choice":"Give","damage_taken":0,"max_hp_gain":0,"max_hp_loss":0,"event_name":"betterNote:BetterNote","floor":20,"gold_loss":0,"cards_obtained":["Strike_P"]},{"damage_healed":0,"gold_gain":0,"player_choice":"Gave Potion","damage_taken":0,"relics_obtained":["aspiration:FrozenJewel"],"max_hp_gain":0,"max_hp_loss":0,"event_name":"WeMeetAgain","floor":22,"gold_loss":0},{"cards_removed":["Hemokinesis"],"damage_healed":0,"gold_gain":0,"player_choice":"Purged","damage_taken":0,"max_hp_gain":0,"max_hp_loss":0,"event_name":"Purifier","floor":47,"gold_loss":0}],"is_beta":false,"boss_relics":[{"not_picked":["hubris:RunicObelisk","Coffee Dripper"],"picked":"vexMod:BigBerry"},{"not_picked":["energizedSpire:NeverEndingSparkler","Electric Blood"],"picked":"Black Star"}],"items_purged_floors":[11,30,38,46],"is_endless":false,"potions_floor_spawned":[4,10,12,16,19,25,27,35,37],"ascension_level":5}}