{"host":"qljq6nt1bltq73k9","time":1608356860,"event":{"mods":["BaseMod","Colored Map","Colored Powertips","Downfall","Lobotomy","Minty Spire (QoL Compilation)","Quick Restart","Replay The Spire","StSLib"],"gold_per_floor":[99999,100059,99030,99045,98174,98174,98204,98164,98210,98236,98248,98265,98265,98282,98282,98387,98387,98404,98423,97549,97459,96838,96838,96873,96873,96900,96900,95859,95877,95889,95902,95902,96001,96001,96016,96033,96033,96044,95258,95258,95281,95293,95305,95350,95362,95392,95436,95464,95476,95488],"floor_reached":51,"playtime":2452,"items_purged":["ReplayTheSpireMod:Splinters","Defend_B","Defend_B","Strike_B","Strike_B","Defend_B"],"score":1735,"play_id":"8e420c83-afa4-4f8e-867f-bd72c313e2e7","local_time":"20201219134740","is_ascension_mode":false,"campfire_choices":[{"data":"Loop","floor":6,"key":"SMITH"},{"data":"Barrage","floor":13,"key":"SMITH"},{"data":"Loop","floor":15,"key":"SMITH"},{"data":"Storm","floor":23,"key":"SMITH"},{"data":"Static Discharge","floor":27,"key":"SMITH"},{"data":"Buffer","floor":32,"key":"SMITH"},{"data":"ReplayTheSpireMod:Faulty Equipment","floor":40,"key":"SMITH"},{"data":"DevaForm","floor":45,"key":"SMITH"},{"floor":49,"key":"DIG"}],"circlet_count":0,"master_deck":["Strike_B+1","Strike_B+1","Zap","Dualcast","OSAHOGD","Go for the Eyes+1","Barrage+1","Static Discharge+1","Rip and Tear+1","Flash of Steel","VoidDream","Loop+1","Self Repair","expansioncontent:QuickStudy+1","ReplayTheSpireMod:Reroute Power+1","WallGazer","Time Bomb+1","Capacitor","FIFO Queue","SnowQueen","Loop+1","LongBird","Electrodynamics","Compile Driver","Time Bomb+1","Buffer+1","Loop","Panache","Static Discharge+1","Apotheosis+1","Storm+1","Consume+1","Panic Button+1","Juggernaut","Crystallizer","Thinking Ahead+1","sneckomod:Nope+1","Flex+1","RedEyes+1","sneckomod:SerpentIdol+1","Sweeping Beam+1","DevaForm+1","BodiesMountain","Finesse+1","Purity+1","RedShoes","Fire Breathing+1","champ:EndlessRage+1","VoidDream","Madness+1","Madness+1","Scarecrow","Flash of Steel","Replay:SS_forest_2"],"relics":["Cracked Core","CogitoBucket","RabbitCall","Divine Protection","Pet Ghost","Ginger","Guide Book","Toxic Egg 2","MealTicket","Strange Spoon","Prayer Wheel","Nunchaku","PreservedInsect","SkinProphecy","expansioncontent:StudyCardRelic","Replay:Mystery Machine","ReplayTheSpireMod:TigerMarble","PrismaticShard","BargainBundle","Art of War","Orichalcum","hexamod:BolsterEngine","Nilry\u0027s Codex","Replay:Wax Seal","Durian","Medical Kit","AdjustmentMirror","Prayer Wheel","Black Star","ChangeAnything","AtMidnight","ReplayTheSpireMod:Ring of Collecting","Ring of Peace","Turnip","Omamori","DollysMirror","ReplayTheSpireMod:Ring of Exchange","MawBank","Kunai","ReplayTheSpireMod:Ring of Addiction","SacredBark","White Beast Statue","DataDisk","Strawberry","CaptainsWheel","Happy Flower","Whetstone"],"acts_visited":["Exordium","TheCity","TheBeyond"],"potions_floor_usage":[10,12,19,28,29,36,44,47,50,51,51,51,51,51,51,51],"damage_taken":[{"damage":1,"enemies":"Jaw Worm","floor":1,"turns":3},{"damage":0,"enemies":"Cultist","floor":4,"turns":3},{"damage":8,"enemies":"Lagavulin","floor":7,"turns":6},{"damage":11,"enemies":"Gremlin Nob","floor":10,"turns":4},{"damage":0,"enemies":"2 Louse","floor":11,"turns":2},{"damage":0,"enemies":"Lots of Slimes","floor":12,"turns":4},{"damage":0,"enemies":"Red Slaver","floor":14,"turns":3},{"damage":39,"enemies":"The Guardian","floor":16,"turns":8},{"damage":32,"enemies":"3 Byrds","floor":18,"turns":3},{"damage":9,"enemies":"Chosen","floor":19,"turns":4},{"damage":0,"enemies":"Replay:Snechameleon","floor":24,"turns":3},{"damage":0,"enemies":"Centurion and Healer","floor":29,"turns":3},{"damage":0,"enemies":"Cultist and Chosen","floor":30,"turns":3},{"damage":3,"enemies":"Chosen and Byrds","floor":31,"turns":4},{"damage":8,"enemies":"Automaton","floor":33,"turns":6},{"damage":3,"enemies":"3 Darklings","floor":35,"turns":2},{"damage":0,"enemies":"Orb Walker","floor":36,"turns":3},{"damage":1,"enemies":"Sphere and 2 Shapes","floor":38,"turns":2},{"damage":0,"enemies":"Giant Head","floor":44,"turns":5},{"damage":0,"enemies":"3 Darklings","floor":46,"turns":3},{"damage":0,"enemies":"R_Hoarder","floor":47,"turns":3},{"damage":0,"enemies":"Maw","floor":48,"turns":5},{"damage":66,"enemies":"Awakened One","floor":50,"turns":7},{"damage":0,"enemies":"Malkuth","floor":51,"turns":4},{"damage":47,"enemies":"Yesod","floor":51,"turns":6},{"damage":40,"enemies":"Geburah","floor":51,"turns":8},{"damage":150,"enemies":"Binah","floor":51,"turns":10}],"seed_played":"4489812161191747215","potions_obtained":[{"floor":2,"key":"Regen Potion"},{"floor":11,"key":"SteroidPotion"},{"floor":12,"key":"Energy Potion"},{"floor":19,"key":"FearPotion"},{"floor":24,"key":"Flashbang"},{"floor":30,"key":"SpeedPotion"},{"floor":38,"key":"Explosive Potion"},{"floor":43,"key":"PowerPotion"},{"floor":46,"key":"Strength Potion"},{"floor":48,"key":"SmokeBomb"}],"is_trial":false,"path_per_floor":["M","?","$","M","$","R","E","?","T","E","M","M","R","M","R","B",null,"M","M","$","?","$","R","E","?","T","R","$","M","M","M","R","B",null,"M","M","?","M","$","R","T","?","T","E","R","M","E","M","R_BF","B",null],"character_chosen":"DEFECT","items_purchased":["Static Discharge","Pet Ghost","Ginger","Rip and Tear","Flash of Steel","Guide Book","Strength Potion","Regen Potion","Toxic Egg 2","MealTicket","Strange Spoon","Self Repair","expansioncontent:QuickStudy+1","Replay:Mystery Machine","ReplayTheSpireMod:TigerMarble","Panache","Static Discharge","PrismaticShard","EntropicBrew","BargainBundle","Art of War","Orichalcum","Apotheosis+1","Storm","Consume+1","Panic Button+1","Durian","Medical Kit","Fruit Juice","Crystallizer","Thinking Ahead+1","Guardian:BlockOnCardUsePotion","Turnip","Omamori","DollysMirror"],"campfire_rested":0,"item_purchase_floors":[3,3,3,3,3,3,3,3,5,5,5,5,5,20,20,20,20,20,20,22,22,22,22,22,22,22,28,28,28,28,28,28,39,39,39],"current_hp_per_floor":[74,74,74,74,74,74,73,73,73,71,71,75,75,77,77,41,79,50,56,71,71,83,83,79,63,63,63,88,80,76,69,69,57,105,105,103,103,102,113,113,113,99,99,122,122,124,126,128,128,132],"gold":95500,"neow_bonus":"","is_daily":false,"chose_seed":false,"campfire_upgraded":8,"win_rate":0.0,"timestamp":1608356860,"path_taken":["M","?","$","?","$","R","E","?","T","E","?","?","R","M","R","BOSS","M","M","$","?","?","R","E","?","T","R","$","M","M","M","R","BOSS","M","M","?","M","$","R","?","?","T","E","R","M","E","M","R_BF","BOSS"],"items_purchased_type":["Card","Relic","Relic","Card","Card","Relic","Potion","Potion","Relic","Relic","Relic","Card","Card","Relic","Relic","Card","Card","Relic","Potion","Relic","Relic","Relic","Card","Card","Card","Card","Relic","Relic","Potion","Card","Card","Potion","Relic","Relic","Relic"],"build_version":"2020-12-13","purchased_purges":6,"victory":true,"max_hp_per_floor":[75,75,75,75,75,75,75,75,75,75,75,75,75,77,77,79,79,81,83,83,83,83,83,85,85,85,85,95,99,101,103,103,105,105,107,111,111,113,113,113,113,113,113,122,122,124,126,128,128,132],"card_choices":[{"not_picked":["ShyLook","MeatLantern"],"picked":"OSAHOGD","floor":1},{"not_picked":["BootSequence","Force Field"],"picked":"Go for the Eyes","floor":1},{"not_picked":["Stack","Skim"],"picked":"Barrage","floor":2},{"not_picked":["LongBird","MHz"],"picked":"VoidDream","floor":4},{"not_picked":["Doom and Gloom","ReplayTheSpireMod:Repulse"],"picked":"Loop","floor":4},{"not_picked":["CherryBlossoms","Bloodbath","DespairKnight"],"picked":"Singing Bowl","floor":7},{"not_picked":["Undo+1","Sweeping Beam"],"picked":"ReplayTheSpireMod:Reroute Power+1","floor":7},{"not_picked":["Wellcheers","HeroicMonk","Murderer"],"picked":"Singing Bowl","floor":10},{"not_picked":["UniverseFragment","CherryBlossoms"],"picked":"WallGazer","floor":10},{"not_picked":["Conserve Battery+1","Hologram+1","ReplayTheSpireMod:Reroute Power+1"],"picked":"SKIP","floor":10},{"not_picked":["Bloodbath","Murderer","SingingMachine"],"picked":"Singing Bowl","floor":11},{"not_picked":["Gash","Cold Snap"],"picked":"Time Bomb+1","floor":11},{"not_picked":["Redo+1","Streamline","FTL"],"picked":"SKIP","floor":11},{"not_picked":["Funeral","BlackSwan","PunishingBird"],"picked":"Singing Bowl","floor":12},{"not_picked":["Sweeping Beam","Glacier+1"],"picked":"Capacitor","floor":12},{"not_picked":["Time Bomb+1","Stack+1"],"picked":"FIFO Queue","floor":12},{"not_picked":["MHz","Alriune"],"picked":"SnowQueen","floor":14},{"not_picked":["Coolheaded+1","Rebound"],"picked":"Loop","floor":14},{"not_picked":["Conserve Battery+1","Streamline","Turbo+1"],"picked":"SKIP","floor":14},{"not_picked":["Variant","Murderer"],"picked":"LongBird","floor":16},{"not_picked":["ReplayTheSpireMod:Fabricate Wheel+1","Thunder Strike"],"picked":"Electrodynamics","floor":16},{"not_picked":["BeautyBeast","LittleHelper","SingingMachine"],"picked":"Singing Bowl","floor":18},{"not_picked":["Conserve Battery+1","Leap+1"],"picked":"Compile Driver","floor":18},{"not_picked":["BootSequence+1","Sunder"],"picked":"Time Bomb+1","floor":18},{"not_picked":["MeltingLove","FairyFestival","ShyLook"],"picked":"Singing Bowl","floor":19},{"not_picked":["Gash+1","Sweeping Beam"],"picked":"Buffer","floor":19},{"not_picked":["Go for the Eyes","Sweeping Beam"],"picked":"Loop","floor":19},{"not_picked":["Yin","Variant","NakedNest"],"picked":"Singing Bowl","floor":24},{"not_picked":["Guardian:SpikerProtocol","Battle Trance+1"],"picked":"Juggernaut","floor":24},{"not_picked":["HappyTeddy","Scarecrow","QueenBee"],"picked":"Singing Bowl","floor":29},{"not_picked":["Slimebound:SplitBruiser+1","ScreamingWedge+1"],"picked":"sneckomod:Nope+1","floor":29},{"not_picked":["Wild Strike","Clothesline"],"picked":"Flex+1","floor":29},{"not_picked":["MHz","FairyFestival","SpiderBud"],"picked":"Singing Bowl","floor":30},{"not_picked":["hexamod:NightmareStrike+1","sneckomod:DiceBlock+1"],"picked":"RedEyes+1","floor":30},{"not_picked":["hexamod:NightmareGuise+1","hexamod:ExtraCrispy","EmptyBody+1"],"picked":"SKIP","floor":30},{"not_picked":["NothingThere","LaLuna","FairyFestival"],"picked":"Singing Bowl","floor":31},{"not_picked":["Slimebound:FinishingTackle","Slimebound:SplitMire+1"],"picked":"sneckomod:SerpentIdol+1","floor":31},{"not_picked":["Body Slam","expansioncontent:ManipulateTime+1"],"picked":"Sweeping Beam+1","floor":31},{"not_picked":["ShyLook","BigBird","BigBadWolf"],"picked":"Singing Bowl","floor":33},{"not_picked":["hexamod:EmpoweringStance","expansioncontent:StudyTheSpire"],"picked":"DevaForm","floor":33},{"not_picked":["Laetitia","GalaxyChild","Murderer"],"picked":"Singing Bowl","floor":35},{"not_picked":["Alriune","BlueStar"],"picked":"BodiesMountain","floor":35},{"not_picked":["Whirlwind+1","ThirdEye+1"],"picked":"Finesse+1","floor":35},{"not_picked":["Clash+1","expansioncontent:DashGenerateEvil"],"picked":"Purity+1","floor":35},{"not_picked":["sneckomod:QuickMove+1","Slimebound:SamplingLick+1","SandsOfTime+1"],"picked":"SKIP","floor":35},{"not_picked":["SilentOrchestra","LittleHelper"],"picked":"RedShoes","floor":36},{"not_picked":["ReplayTheSpireMod:Exploit Weakness+1","champ:PerfectedStrike+1"],"picked":"Fire Breathing+1","floor":36},{"not_picked":["Guardian:ShieldCharger+1","Massacre","Flex+1"],"picked":"SKIP","floor":36},{"not_picked":["hexamod:InspiringFlames+1","sneckomod:UnknownCommonSkill+1","champ:GutPunch"],"picked":"SKIP","floor":36},{"not_picked":["WhiteNight","NakedNest","Yin"],"picked":"Singing Bowl","floor":38},{"not_picked":["sneckomod:UnknownX+1","Slimebound:ComboTackle"],"picked":"champ:EndlessRage+1","floor":38},{"not_picked":["Brilliance","Replay:AtTheReady+1","Flex+1"],"picked":"SKIP","floor":38},{"not_picked":["champ:FalseCounter+1","Guardian:TemporalShield+1","Dodge and Roll+1"],"picked":"SKIP","floor":38},{"not_picked":["Murderer","LittlePrince"],"picked":"Scarecrow","floor":44},{"not_picked":["Sunder","expansioncontent:GoopSpray+1","Loneliness+1"],"picked":"SKIP","floor":44},{"not_picked":["SilentOrchestra","HappyTeddy","NothingThere"],"picked":"Singing Bowl","floor":46},{"not_picked":["Replay:Bootleg Shield Generator+1","Slimebound:RollThrough+1"],"picked":"Flash of Steel","floor":46},{"not_picked":["champ:PerfectedStrike","Guardian:StasisField+1","Blade Dance+1"],"picked":"SKIP","floor":46},{"not_picked":["ReplayTheSpireMod:System Scan+1","ReplaySolidLightProjector+1","Loneliness+1"],"picked":"SKIP","floor":46},{"not_picked":["BlackArmy","GreedKing","LaLuna"],"picked":"Singing Bowl","floor":47},{"not_picked":["sneckomod:UnknownDexterity+1","Run Through"],"picked":"Replay:SS_forest_2","floor":47},{"not_picked":["Funeral","GalaxyChild","BigBird"],"picked":"Singing Bowl","floor":48},{"not_picked":["Indignation+1","sneckomod:UnknownUncommonSkill+1","Beak+1"],"picked":"SKIP","floor":48},{"not_picked":["Catalyst+1","Deflect+1","Slimebound:SlimeSpikes+1"],"picked":"SKIP","floor":48},{"not_picked":["hexamod:Firestarter","Draining Mist+1","Replay:SS_hec_4"],"picked":"SKIP","floor":48}],"player_experience":391284,"relics_obtained":[{"floor":2,"key":"Divine Protection"},{"floor":7,"key":"Prayer Wheel"},{"floor":9,"key":"Nunchaku"},{"floor":10,"key":"PreservedInsect"},{"floor":24,"key":"hexamod:BolsterEngine"},{"floor":25,"key":"Nilry\u0027s Codex"},{"floor":26,"key":"Replay:Wax Seal"},{"floor":36,"key":"AtMidnight"},{"floor":37,"key":"ReplayTheSpireMod:Ring of Collecting"},{"floor":37,"key":"Ring of Peace"},{"floor":41,"key":"ReplayTheSpireMod:Ring of Exchange"},{"floor":41,"key":"MawBank"},{"floor":43,"key":"Kunai"},{"floor":43,"key":"ReplayTheSpireMod:Ring of Addiction"},{"floor":43,"key":"SacredBark"},{"floor":43,"key":"White Beast Statue"},{"floor":44,"key":"DataDisk"},{"floor":44,"key":"Strawberry"},{"floor":47,"key":"CaptainsWheel"},{"floor":47,"key":"Happy Flower"},{"floor":49,"key":"Whetstone"}],"event_choices":[{"damage_healed":0,"gold_gain":0,"player_choice":"Bought 3 Potions","damage_taken":0,"max_hp_gain":0,"max_hp_loss":0,"event_name":"The Woman in Blue","floor":8,"gold_loss":0},{"cards_removed":["Defend_B"],"damage_healed":0,"gold_gain":0,"player_choice":"Upgrade and Remove","damage_taken":0,"max_hp_gain":0,"max_hp_loss":0,"event_name":"Designer","floor":21,"gold_loss":90,"cards_upgraded":["Strike_B"]},{"damage_healed":0,"gold_gain":0,"player_choice":"Obtained Book","damage_taken":16,"max_hp_gain":0,"max_hp_loss":0,"event_name":"Cursed Tome","floor":25,"gold_loss":0},{"damage_healed":0,"gold_gain":0,"player_choice":"Embrace Madness","damage_taken":14,"max_hp_gain":0,"max_hp_loss":0,"event_name":"Winding Halls","floor":42,"gold_loss":0,"cards_obtained":["Madness","Madness"]}],"is_beta":false,"boss_relics":[{"not_picked":["Inserter","Busted Crown"],"picked":"expansioncontent:StudyCardRelic"},{"not_picked":["Cursed Key","Velvet Choker"],"picked":"Black Star"}],"items_purged_floors":[3,5,20,22,28,39],"is_endless":false,"potions_floor_spawned":[4,11,12,19,24,30,33,38,46,48,51,51,51,51],"ascension_level":0}}