{"host":"axuns55dzq466eei","time":1608376618,"event":{"mods":["BaseMod","Colored Map","Keyboard Shortcuts","Minty Spire (QoL Compilation)","StSLib","SuperFastMode"],"gold_per_floor":[115,265,276,37,37,37,68,68,68,68,68,88,88,100,100,100,100],"floor_reached":16,"playtime":353,"items_purged":["Doubt"],"score":196,"play_id":"356f6b3a-a93a-4353-9f69-a0ae720b65b7","local_time":"20201219201658","is_ascension_mode":true,"campfire_choices":[{"data":"Blade Dance","floor":6,"key":"SMITH"},{"data":"Well Laid Plans","floor":11,"key":"SMITH"},{"data":"Neutralize","floor":15,"key":"SMITH"}],"circlet_count":0,"master_deck":["AscendersBane","Strike_G","Strike_G","Strike_G","Defend_G","Defend_G","Defend_G","Defend_G","Survivor","Neutralize+1","Blade Dance+1","Predator","Well Laid Plans+1","Reflex","Acrobatics"],"relics":["Ring of the Snake","Mummified Hand","Shovel","Pen Nib"],"acts_visited":["Exordium"],"potions_floor_usage":[],"damage_taken":[{"damage":1,"enemies":"Small Slimes","floor":1,"turns":4},{"damage":4,"enemies":"Jaw Worm","floor":3,"turns":5},{"damage":42,"enemies":"3 Sentries","floor":7,"turns":12},{"damage":0,"enemies":"2 Louse","floor":12,"turns":2},{"damage":7,"enemies":"Large Slime","floor":14,"turns":4},{"damage":26,"enemies":"Hexaghost","floor":16,"turns":9}],"seed_played":"-3815905431712870693","potions_obtained":[{"floor":7,"key":"Weak Potion"},{"floor":12,"key":"Block Potion"}],"is_trial":false,"path_per_floor":["M","?","M","$","?","R","E","?","T","?","R","M","$","M","R","B"],"character_chosen":"THE_SILENT","items_purchased":["Predator","Well Laid Plans"],"campfire_rested":0,"item_purchase_floors":[4,4],"current_hp_per_floor":[58,58,54,54,54,54,12,32,32,32,32,32,32,25,25,0,0],"gold":100,"neow_bonus":"REMOVE_TWO","is_daily":false,"chose_seed":false,"campfire_upgraded":3,"win_rate":0.0,"timestamp":1608376618,"path_taken":["M","?","M","$","?","R","E","?","T","?","R","M","$","M","R","BOSS"],"items_purchased_type":["Card","Card"],"build_version":"2020-12-13","purchased_purges":1,"victory":false,"max_hp_per_floor":[60,60,60,60,60,60,60,60,60,60,60,60,60,60,60,60,60],"card_choices":[{"not_picked":["Underhanded Strike","Quick Slash"],"picked":"Blade Dance","floor":1},{"not_picked":["Flying Knee","Flechettes","Setup"],"picked":"SKIP","floor":3},{"not_picked":["Poisoned Stab","Underhanded Strike"],"picked":"Reflex","floor":7},{"not_picked":["Deadly Poison","Dodge and Roll","Reflex"],"picked":"SKIP","floor":12},{"not_picked":["Sucker Punch","Deflect"],"picked":"Acrobatics","floor":14}],"player_experience":1035927,"relics_obtained":[{"floor":7,"key":"Mummified Hand"},{"floor":9,"key":"Shovel"}],"event_choices":[{"damage_healed":0,"gold_gain":150,"player_choice":"AGREE","damage_taken":0,"max_hp_gain":0,"max_hp_loss":0,"event_name":"Liars Game","floor":2,"gold_loss":0,"cards_obtained":["Doubt"]},{"cards_removed":["Strike_G"],"damage_healed":0,"gold_gain":0,"player_choice":"Forget","damage_taken":0,"max_hp_gain":0,"max_hp_loss":0,"event_name":"Living Wall","floor":5,"gold_loss":0},{"damage_healed":20,"gold_gain":0,"player_choice":"Banana","damage_taken":0,"max_hp_gain":0,"max_hp_loss":0,"event_name":"Big Fish","floor":8,"gold_loss":0},{"damage_healed":0,"gold_gain":0,"player_choice":"Searched \u00271\u0027 times","damage_taken":0,"relics_obtained":["Pen Nib"],"max_hp_gain":0,"max_hp_loss":0,"event_name":"Dead Adventurer","floor":10,"gold_loss":0}],"is_beta":false,"boss_relics":[],"items_purged_floors":[4],"is_endless":false,"potions_floor_spawned":[7,12],"killed_by":"Hexaghost","ascension_level":20}}