{"host":"6affnl2vk6en9o4b","time":1608409482,"event":{"mods":["2.2 Compatiblity","AchievementEnabler","Aspiration","BaseMod","BetterRewards","Colored Powertips","Conspire","Downfall","Friendly Minions","Googly Eyes","Highlight Path","Hubris","Minty Spire (QoL Compilation)","Replay The Spire","StSLib","Trackpad","Unceasing Turn Reminder","vexMod"],"gold_per_floor":[99,116,116,132,144,156,201,51,63,101,121,30,59,53,81,189,189,189,216,216,237,84,103,136,168,177,222,322,322,56,56,56],"floor_reached":31,"playtime":1597,"items_purged":[],"score":309,"play_id":"3a0add0d-e05c-4ec7-8aae-5325312a002e","local_time":"20201219202442","is_ascension_mode":false,"campfire_choices":[{"floor":1.0,"key":"DIG"},{"floor":3,"key":"RECALL"},{"floor":8,"key":"REST"},{"floor":18,"key":"DIG"},{"data":"hexamod:SearingWound","floor":20,"key":"SMITH"},{"floor":26,"key":"REST"}],"circlet_count":0,"master_deck":["hexamod:Strike","hexamod:Strike","hexamod:Strike","hexamod:Strike","hexamod:Defend","hexamod:Defend","hexamod:Defend","hexamod:Defend","hexamod:Sear","hexamod:Float","hexamod:FourthSeal","hexamod:RainOfEmbers","hexamod:Incineration","hexamod:PhantomFireball","hexamod:SearingWound+1","hexamod:CatchUp","hexamod:FastForward","hexamod:Again","hexamod:FirstSeal","hexamod:Firestarter","hexamod:Firestarter","hexamod:ThermalTransfer","hexamod:PhantomCloak","hexamod:TimeOfNeed","hexamod:HexaLevel","hexamod:HeatMetal+1","hexamod:Rewind","hexamod:FifthSeal","hexamod:ExtraCrispy","hexamod:ShieldOfDarkness","Replay:Hysterical Blindness","hexamod:ThirdSeal","hexamod:DynamicBlow","hexamod:VolcanoVisage","hexamod:ThermalTransfer+1","hexamod:ChargedBarrage+1","hexamod:VolcanoVisage","hexamod:Again+1","hexamod:FastForward","hexamod:HeatCrush"],"relics":["hexamod:SpiritBrand","hubris:SlimyHat","downfall:HeartBlessingRed","downfall:HeartBlessingBlue","CeramicFish","Cursed Key","Dream Catcher","Replay:Wax Seal","Pen Nib","Du-Vu Doll","CultistMask","hexamod:MatchstickCase"],"acts_visited":["Exordium","TheCity"],"potions_floor_usage":[6,25,27,30],"damage_taken":[{"damage":4.0,"enemies":"Cultist","floor":2.0,"turns":4.0},{"damage":2,"enemies":"conspire:RoseBush","floor":4,"turns":3},{"damage":7,"enemies":"2 Louse","floor":5,"turns":3},{"damage":18,"enemies":"Gremlin Gang","floor":6,"turns":6},{"damage":0,"enemies":"3 Louse","floor":9,"turns":3},{"damage":14,"enemies":"Replay:BlueRogue","floor":10,"turns":5},{"damage":3,"enemies":"2 Fungi Beasts","floor":11,"turns":3},{"damage":4,"enemies":"downfall:FleeingMerchant","floor":12,"turns":4},{"damage":12,"enemies":"Large Slime","floor":13,"turns":7},{"damage":10,"enemies":"downfall:FleeingMerchant","floor":14,"turns":4},{"damage":4,"enemies":"3 Louse","floor":15,"turns":4},{"damage":19,"enemies":"downfall:Watcher","floor":16,"turns":8},{"damage":27,"enemies":"3 Byrds","floor":19,"turns":6},{"damage":31,"enemies":"Snake Plant","floor":21,"turns":5},{"damage":11,"enemies":"downfall:FleeingMerchant","floor":22,"turns":4},{"damage":22,"enemies":"Centurion and Healer","floor":23,"turns":7},{"damage":14,"enemies":"conspire:HollyBat","floor":25,"turns":6},{"damage":33,"enemies":"Book of Stabbing","floor":27,"turns":7},{"damage":9,"enemies":"downfall:FleeingMerchant","floor":30,"turns":4},{"damage":8,"enemies":"Snake Plant","floor":31,"turns":2}],"seed_played":"6053138033859046422","potions_obtained":[{"floor":4,"key":"Venom Potion"},{"floor":4,"key":"AttackPotion"},{"floor":5,"key":"hexamod:DoubleChargePotion"},{"floor":9,"key":"Slimebound:ThreeZeroPotion"},{"floor":11,"key":"CultistPotion"},{"floor":22,"key":"hexamod:DoubleChargePotion"},{"floor":25,"key":"Weak Potion"},{"floor":27,"key":"Venom Potion"}],"is_trial":false,"path_per_floor":["R","M","R","M","M","M","T","R","M","E","M","$","M","$","M","B",null,"R","M","R","M","$","M","T","M","R","E","?","?","$","M"],"character_chosen":"THE_SPIRIT","items_purchased":["hexamod:FirstSeal","hexamod:Firestarter","Replay:Wax Seal","hexamod:ExtraCrispy","hexamod:MatchstickCase","hexamod:FastForward","hexamod:HeatCrush"],"campfire_rested":2,"item_purchase_floors":[12,12,22,22,30,30,30],"current_hp_per_floor":[77,73,73,71,64,46,46,79,79,65,62,58,53,50,53,41,87,87,67,67,43,39,24,24,17,43,17,17,17,8,0,0],"gold":56,"neow_bonus":"TEN_PERCENT_HP_BONUS","is_daily":false,"chose_seed":false,"campfire_upgraded":1,"win_rate":0.0,"timestamp":1608409482,"path_taken":["R","M","R","?","M","M","T","R","M","E","?","$","M","?","M","BOSS","R","M","R","M","$","M","T","M","R","E","?","?","$","?"],"items_purchased_type":["Card","Card","Relic","Card","Relic","Card","Card"],"build_version":"2020-12-13","purchased_purges":0,"victory":false,"max_hp_per_floor":[77,77,77,77,77,77,77,87,87,87,87,87,87,87,87,87,87,87,87,87,87,87,87,87,87,87,87,87,87,87,87,87],"card_choices":[{"not_picked":["hexamod:GhostShield","hexamod:HauntingEcho"],"picked":"hexamod:FourthSeal","floor":2},{"not_picked":["hexamod:SpectersWail","hexamod:RecurringNightmare"],"picked":"hexamod:RainOfEmbers","floor":4},{"not_picked":["hexamod:FourthSeal","hexamod:BurningTouch"],"picked":"hexamod:Incineration","floor":5},{"not_picked":["hexamod:GhostLash","hexamod:DynamicBlow"],"picked":"hexamod:PhantomFireball","floor":6},{"not_picked":["hexamod:RainOfEmbers","hexamod:NightmareStrike"],"picked":"hexamod:SearingWound","floor":9},{"not_picked":["hexamod:SwordOfDarkness","hexamod:GhostOfSpirePresent"],"picked":"hexamod:CatchUp","floor":10},{"not_picked":["hexamod:StepThrough","hexamod:RetreatToShadows"],"picked":"hexamod:FastForward","floor":11},{"not_picked":["hexamod:RainOfEmbers","hexamod:NightmareGuise"],"picked":"hexamod:Again","floor":12},{"not_picked":["hexamod:HeatShield","hexamod:BacktrackSmack"],"picked":"hexamod:ThermalTransfer","floor":13},{"not_picked":["hexamod:Hexaguard","hexamod:GhostShield"],"picked":"hexamod:PhantomCloak","floor":14},{"not_picked":["hexamod:NightmareGuise","hexamod:GhostShield"],"picked":"hexamod:TimeOfNeed","floor":15},{"not_picked":["hexamod:ParanormalForm","hexamod:TimeWarp"],"picked":"hexamod:HexaLevel","floor":16},{"not_picked":["hexamod:InspiringFlames","hexamod:FourthSeal"],"picked":"hexamod:HeatMetal+1","floor":19},{"not_picked":["hexamod:FastForward","hexamod:ThermalTransfer"],"picked":"hexamod:Rewind","floor":21},{"not_picked":["hexamod:GhostflameBarrier+1","hexamod:TimeWarp"],"picked":"hexamod:FifthSeal","floor":22},{"not_picked":["hexamod:StepThrough+1","hexamod:NightmareStrike"],"picked":"hexamod:ShieldOfDarkness","floor":23},{"not_picked":["hexamod:FirstSeal","hexamod:SecondSeal"],"picked":"hexamod:ThirdSeal","floor":25},{"not_picked":["hexamod:FastForward","hexamod:RainOfEmbers+1"],"picked":"hexamod:DynamicBlow","floor":25},{"not_picked":["hexamod:PhantomFireball","hexamod:Firestarter+1"],"picked":"hexamod:VolcanoVisage","floor":26},{"not_picked":["hexamod:NightmareStrike+1","hexamod:GhostOfSpirePresent"],"picked":"hexamod:ThermalTransfer+1","floor":27},{"not_picked":["hexamod:RainOfEmbers","hexamod:InspiringFlames"],"picked":"hexamod:ChargedBarrage+1","floor":27},{"not_picked":["hexamod:HauntingEcho+1","hexamod:ExtraCrispy"],"picked":"hexamod:VolcanoVisage","floor":30},{"not_picked":["hexamod:NightmareGuise","hexamod:SoulSteal"],"picked":"hexamod:Again+1","floor":30}],"player_experience":186583,"relics_obtained":[{"floor":1.0,"key":"hubris:SlimyHat"},{"floor":10,"key":"CeramicFish"},{"floor":18,"key":"Dream Catcher"},{"floor":24,"key":"Pen Nib"},{"floor":27,"key":"Du-Vu Doll"}],"event_choices":[{"damage_healed":0,"gold_gain":0,"player_choice":"Trade","damage_taken":0,"relics_obtained":["CultistMask"],"max_hp_gain":0,"max_hp_loss":0,"event_name":"FaceTrader","floor":29,"gold_loss":0}],"is_beta":false,"boss_relics":[{"not_picked":["vexMod:MysteryBossChallenge","trackpad:Trackpad"],"picked":"Cursed Key"}],"items_purged_floors":[],"is_endless":false,"potions_floor_spawned":[4,5,10,11,16,23],"killed_by":"Snake Plant","ascension_level":0}}