{"host":"gx04ak8ofzo346nl","time":1608414922,"event":{"mods":["BaseMod","Colored Map","Googly Eyes","Highlight Path","Infinite Spire","Minty Spire (QoL Compilation)","Replay The Spire","StSLib"],"gold_per_floor":[111,111,161,161,173,206,225,242,242,259,259,270,304,320,320,422,422,437,536,594,612,632,632,632,632,632,649,668,668,66,79,79,176,226,239,255,255,267,267,267,267],"floor_reached":40,"playtime":3009,"items_purged":["Defend_P"],"score":578,"play_id":"d2d517d3-280c-4200-ad86-ec6fbc9a90b3","local_time":"20201219135522","is_ascension_mode":true,"campfire_choices":[{"data":"Prostrate","floor":11,"key":"SMITH"},{"data":"Pray","floor":11,"key":"SMITH"},{"data":"SandsOfTime","floor":15,"key":"SMITH"},{"data":"Replay:Hum","floor":15,"key":"SMITH"},{"floor":23,"key":"RECALL"},{"floor":29,"key":"REST"},{"data":"Prostrate","floor":32,"key":"SMITH"},{"data":"Omniscience","floor":32,"key":"SMITH"}],"circlet_count":0,"master_deck":["Strike_P","Strike_P","Strike_P","Strike_P+1","Defend_P","Defend_P","Defend_P","Eruption","Vigilance+1","Pray+1","CutThroughFate","SpiritShield","Prostrate+1","EmptyBody","FollowUp","ReachHeaven","SandsOfTime+1","Replay:Hum+1","ConjureBlade","CommonCold","Neutralize","Omniscience+1","ReplayTheSpireMod:Private Reserves","infinitespire:Menacing","Fasting2+1","DeusExMachina","Evaluate+1","Protect","infinitespire:Gouge","LessonLearned","Evaluate","Prostrate+1","Panacea","ClearTheMind","Judgement","ThirdEye+1","BattleHymn","Evaluate","SpiritShield"],"relics":["PureWater","NeowsBlessing","Juzu Bracelet","Replay:Wax Seal","Replay:Arrowhead","Quantum Egg","Vajra","ReplayTheSpireMod:SealedPack","Onion Ring","TungstenRod","Kunai","Tiny House","Peace Pipe"],"acts_visited":["Exordium","TheCity","TheBeyond"],"potions_floor_usage":[12,16,21,28,28,30,31,33,33,38,40],"damage_taken":[{"damage":0,"enemies":"Cultist","floor":1,"turns":1},{"damage":0,"enemies":"Jaw Worm","floor":5,"turns":1},{"damage":0,"enemies":"Lagavulin","floor":6,"turns":1},{"damage":5,"enemies":"2 Louse","floor":7,"turns":4},{"damage":2,"enemies":"Blue Slaver","floor":8,"turns":5},{"damage":0,"enemies":"Large Slime","floor":10,"turns":5},{"damage":9,"enemies":"3 Louse","floor":12,"turns":3},{"damage":0,"enemies":"Gremlin Nob","floor":13,"turns":2},{"damage":5,"enemies":"Looter","floor":14,"turns":2},{"damage":0,"enemies":"Fading Forest","floor":16,"turns":11},{"damage":28,"enemies":"2 Thieves","floor":18,"turns":4},{"damage":0,"enemies":"Spheric Guardian","floor":21,"turns":2},{"damage":6,"enemies":"Snake Plant","floor":22,"turns":4},{"damage":26,"enemies":"3 Cultists","floor":27,"turns":5},{"damage":2,"enemies":"Cultist and Chosen","floor":28,"turns":6},{"damage":4,"enemies":"Snake Plant","floor":31,"turns":3},{"damage":4,"enemies":"Collector","floor":33,"turns":7},{"damage":8,"enemies":"3 Shapes","floor":35,"turns":6},{"damage":35,"enemies":"3 Darklings","floor":36,"turns":7},{"damage":24,"enemies":"Writhing Mass","floor":38,"turns":6},{"damage":21,"enemies":"Nemesis","floor":40,"turns":4}],"seed_played":"7749358748393943064","potions_obtained":[{"floor":1,"key":"FearPotion"},{"floor":8,"key":"DistilledChaos"},{"floor":10,"key":"StancePotion"},{"floor":13,"key":"BlessingOfTheForge"},{"floor":14,"key":"Flashbang"},{"floor":18,"key":"Block Potion"},{"floor":22,"key":"Languid Potion"},{"floor":27,"key":"Block Potion"},{"floor":34,"key":"Weak Potion"},{"floor":35,"key":"Explosive Potion"},{"floor":38,"key":"SpeedPotion"}],"is_trial":false,"path_per_floor":["M","?","T","?","M","E","M","M","T","M","R","M","E","M","R","B",null,"M","?","?","M","M","R","?","AVR","T","M","M","R","$","M","R","B",null,"M","M","AVR","M","?","E"],"character_chosen":"WATCHER","items_purchased":["Kunai","Fruit Juice","Prostrate","Panacea","LifebloodPotion","Fire Potion"],"campfire_rested":1,"item_purchase_floors":[30,30,30,30,30,30],"current_hp_per_floor":[72,72,72,65,65,65,60,58,58,58,58,49,49,44,44,66,72,44,44,26,26,20,20,44,44,44,18,16,37,42,38,38,34,82,74,39,39,15,15,0,0],"gold":267,"neow_bonus":"THREE_ENEMY_KILL","is_daily":false,"chose_seed":false,"campfire_upgraded":6,"win_rate":0.0,"timestamp":1608414922,"path_taken":["M","?","?","?","M","E","M","M","T","M","R","M","E","M","R","BOSS","M","?","?","M","M","R","?","AVR","T","M","M","R","$","M","R","BOSS","M","M","AVR","M","?","E"],"items_purchased_type":["Relic","Potion","Card","Card","Potion","Potion"],"build_version":"2020-12-13","purchased_purges":1,"victory":false,"max_hp_per_floor":[72,72,72,72,72,72,72,72,72,72,72,72,72,72,72,72,72,72,72,72,72,72,72,72,72,72,72,72,72,77,77,77,77,82,82,82,82,82,82,82,82],"card_choices":[{"not_picked":["ThirdEye","Replay:ManipulateFuture"],"picked":"Pray","floor":1},{"not_picked":["Crescendo","Halt"],"picked":"CutThroughFate","floor":5},{"not_picked":["ClearTheMind","PathToVictory"],"picked":"SpiritShield","floor":6},{"not_picked":["BowlingBash","Wallop"],"picked":"Prostrate","floor":7},{"not_picked":["Halt","CrushJoints"],"picked":"EmptyBody","floor":8},{"not_picked":["Scrawl","Swivel"],"picked":"FollowUp","floor":10},{"not_picked":["ClearTheMind","Study"],"picked":"ReachHeaven","floor":12},{"not_picked":["Meditate","Vengeance"],"picked":"SandsOfTime","floor":13},{"not_picked":["ThirdEye","JustLucky"],"picked":"Replay:Hum","floor":14},{"not_picked":["Omniscience","Vault"],"picked":"ConjureBlade","floor":16},{"not_picked":["Survivor","Eruption"],"picked":"Neutralize","floor":17},{"not_picked":["Scrawl","SpiritShield"],"picked":"Omniscience","floor":17},{"not_picked":["Good Instincts","Specialist"],"picked":"ReplayTheSpireMod:Private Reserves","floor":17},{"not_picked":["infinitespire:TheBestDefense","infinitespire:Execution"],"picked":"infinitespire:Menacing","floor":17},{"not_picked":["Replay:Battleflow","Protect"],"picked":"Fasting2","floor":18},{"not_picked":["Evaluate","JustLucky+1"],"picked":"DeusExMachina","floor":20},{"not_picked":["Replay:Battleflow","CutThroughFate"],"picked":"Evaluate","floor":21},{"not_picked":["Consecrate","Replay:BluntJabs"],"picked":"Protect","floor":22},{"not_picked":["CutThroughFate","Halt+1"],"picked":"LessonLearned","floor":27},{"not_picked":["Replay:ManipulateFuture","JustLucky"],"picked":"Evaluate","floor":28},{"not_picked":["FlyingSleeves","Replay:BluntJabs+1"],"picked":"ClearTheMind","floor":31},{"not_picked":["SpiritShield","Wish"],"picked":"Judgement","floor":33},{"not_picked":["JustLucky","Sanctity+1"],"picked":"ThirdEye+1","floor":34},{"not_picked":["Replay:Vibes+1","Prostrate"],"picked":"BattleHymn","floor":35},{"not_picked":["WheelKick","Consecrate"],"picked":"Evaluate","floor":36},{"not_picked":["Consecrate","EmptyBody"],"picked":"SpiritShield","floor":38}],"player_experience":146293,"relics_obtained":[{"floor":3,"key":"Juzu Bracelet"},{"floor":6,"key":"Replay:Arrowhead"},{"floor":9,"key":"Quantum Egg"},{"floor":13,"key":"Vajra"},{"floor":20,"key":"Onion Ring"}],"event_choices":[{"damage_healed":0,"gold_gain":0,"player_choice":"Success","damage_taken":7,"relics_obtained":["Replay:Wax Seal"],"max_hp_gain":0,"max_hp_loss":0,"event_name":"Scrap Ooze","floor":4,"gold_loss":0},{"damage_healed":0,"gold_gain":99,"player_choice":"Stole From Cult","damage_taken":0,"max_hp_gain":0,"max_hp_loss":0,"event_name":"Nest","floor":19,"gold_loss":0},{"damage_healed":24,"gold_gain":0,"player_choice":"Heal","damage_taken":0,"max_hp_gain":0,"max_hp_loss":0,"event_name":"The Library","floor":24,"gold_loss":0},{"damage_healed":0,"gold_gain":0,"player_choice":"Ignored","damage_taken":0,"max_hp_gain":0,"max_hp_loss":0,"event_name":"Tomb of Lord Red Mask","floor":39,"gold_loss":0}],"is_beta":false,"boss_relics":[{"not_picked":["Velvet Choker","Replay:Bronze Core"],"picked":"ReplayTheSpireMod:SealedPack"},{"not_picked":["Fusion Hammer","Replay:Ancient Bell"],"picked":"Tiny House"}],"items_purged_floors":[37],"is_endless":false,"potions_floor_spawned":[1,8,10,13,14,18,22,27,35,38],"killed_by":"Nemesis","ascension_level":1}}