{"host":"pcbz64t4k17ey4z1","time":1608398985,"event":{"mods":["2.2 Compatiblity","AchievementEnabler","Act Like it!","Aspiration","BaseMod","Beaked The Cultist","Better Match","BetterRewards","Card Forge","Colored Map","Colored Powertips","Conspire","Disable Question Mark Monsters","Fireblade Mod","Friendly Minions","GifTheSpireLib","Glutton Mod","Googly Eyes","Hermit","Hubris","Infinite Spire","Koishi","Marisa????????","Minty Spire (QoL Compilation)","Permanent Neow","Potionbrewer","Quick Restart","Random Character Button","Rare Cards Sparkle","Relic Filter","Replay The Spire","Shade Mod","Shop Mod","Small Relic Pack","StSLib","Stuff the Spire","SuperFastMode","The Animator","The Cursed","The Druid","The Gatherer","The Hierophant","The IronCluck","The Runesmith","Waifu the Spire","Wandering Minibosses","vexMod"],"gold_per_floor":[119,119,137,152,164,197,197,230,230,230,264,280,946,958,958,1035,1035,1052,1066,1077,1093,1093,1093],"floor_reached":22,"playtime":1188,"items_purged":[],"score":757,"play_id":"6c2e7637-97ee-4215-8d2e-c2e6cc0ae8b5","local_time":"20201219172945","is_ascension_mode":true,"campfire_choices":[{"floor":7,"key":"REST"},{"floor":10,"key":"RECALL"},{"floor":15,"key":"REST"}],"circlet_count":0,"master_deck":["AscendersBane","Strike_P+1","Defend_P+1","Defend_P+1","Defend_P+1","Defend_P+1","Eruption+1","Vigilance+1","LikeWater+1","Replay:Anticipation+1","TalkToTheHand+1","WheelKick+1","ReplayTheSpireMod:Private Reserves+1","Replay:DivineShield","SandsOfTime+1","ReachHeaven","Indignation+1","DeusExMachina+1","Establishment","SpiritShield","DevaForm","Ragnarok","Ragnarok","Vault"],"relics":["PureWater","Hammer of Thor","Seething Fire","Anvil of the Gods","hubris:CrystalStatue","infinitespire:Satchel","Lee\u0027s Waffle","WarpedTongs","Iron Hammer","Gremlin Food","StuffTheSpire:Tea","infinitespire:Beetle Shell","vexMod:GildedClover","vexMod:RockOfEvil","Sozu"],"acts_visited":["TheCity"],"potions_floor_usage":[6,11,16,16],"damage_taken":[{"damage":0,"enemies":"Small Slimes","floor":1,"turns":2},{"damage":0,"enemies":"Cultist","floor":3,"turns":3},{"damage":0,"enemies":"2 Louse","floor":4,"turns":2},{"damage":6,"enemies":"Looter","floor":5,"turns":5},{"damage":0,"enemies":"3 Sentries","floor":6,"turns":4},{"damage":0,"enemies":"Lagavulin","floor":8,"turns":6},{"damage":0,"enemies":"Gremlin Nob","floor":11,"turns":3},{"damage":0,"enemies":"Blue Slaver","floor":12,"turns":1},{"damage":2,"enemies":"Large Slime","floor":14,"turns":3},{"damage":8,"enemies":"Hexaghost","floor":16,"turns":6},{"damage":0,"enemies":"3 Byrds","floor":18,"turns":6},{"damage":19,"enemies":"Spheric Guardian","floor":19,"turns":9},{"damage":48,"enemies":"Snake Plant","floor":20,"turns":4},{"damage":0,"enemies":"Centurion and Healer","floor":21,"turns":6},{"damage":25,"enemies":"Snecko","floor":22,"turns":4}],"seed_played":"9000774212195845067","potions_obtained":[{"floor":1,"key":"potionbrewer:NoxiousPotion"},{"floor":5,"key":"Fire Potion"},{"floor":6,"key":"potionbrewer:DiscountPotion"},{"floor":14,"key":"SkillPotion"}],"is_trial":false,"path_per_floor":["M","?","M","M","M","E","R","E","T","R","E","M","AVR","M","R","B",null,"M","M","M","M","M"],"character_chosen":"WATCHER","items_purchased":["hubris:CrystalStatue","infinitespire:Satchel","Lee\u0027s Waffle","LikeWater+1","Replay:Anticipation","TalkToTheHand","WheelKick","ReplayTheSpireMod:Private Reserves"],"campfire_rested":2,"item_purchase_floors":[0,0,0,0,0,0,0,0],"current_hp_per_floor":[75,75,75,75,69,69,75,75,75,75,75,75,75,73,75,67,73,73,54,6,6,0,0],"gold":1093,"neow_bonus":"","is_daily":false,"chose_seed":false,"campfire_upgraded":0,"win_rate":0.0,"timestamp":1608398985,"path_taken":["M","?","M","M","M","E","R","E","T","R","E","M","AVR","M","R","BOSS","M","M","M","?","M"],"items_purchased_type":["Relic","Relic","Relic","Card","Card","Card","Card","Card"],"build_version":"2020-12-13","purchased_purges":0,"victory":false,"max_hp_per_floor":[75,75,75,75,75,75,75,75,75,75,75,75,75,75,75,75,75,75,75,75,75,75,75],"card_choices":[{"not_picked":["CrushJoints","Crescendo"],"picked":"Replay:DivineShield","floor":1},{"not_picked":["BattleHymn","Replay:Cycle"],"picked":"SandsOfTime","floor":3},{"not_picked":["ClearTheMind","JustLucky"],"picked":"ReachHeaven","floor":4},{"not_picked":["WheelKick","ThirdEye"],"picked":"Indignation","floor":5},{"not_picked":["Worship","Replay:Anticipation"],"picked":"DeusExMachina","floor":6},{"not_picked":["Evaluate","BowlingBash","CutThroughFate"],"picked":"SKIP","floor":8},{"not_picked":["ClearTheMind","Evaluate"],"picked":"Replay:BluntJabs","floor":11},{"not_picked":["Replay:AtTheReady","Prostrate","DeceiveReality"],"picked":"SKIP","floor":12},{"not_picked":["Replay:AllIn","Omniscience"],"picked":"Establishment","floor":14},{"not_picked":["DeusExMachina","Judgement"],"picked":"SpiritShield","floor":16},{"not_picked":["Vault","Omniscience"],"picked":"DevaForm","floor":18},{"not_picked":["Judgement","DeusExMachina"],"picked":"Ragnarok","floor":19},{"not_picked":["DeusExMachina","Devotion"],"picked":"Ragnarok","floor":20},{"not_picked":["Blasphemy","Ragnarok"],"picked":"Vault","floor":21}],"player_experience":3730478,"relics_obtained":[{"floor":6,"key":"Iron Hammer"},{"floor":8,"key":"Gremlin Food"},{"floor":9,"key":"StuffTheSpire:Tea"},{"floor":11,"key":"infinitespire:Beetle Shell"}],"event_choices":[{"damage_healed":0,"gold_gain":0,"player_choice":"Rummage","damage_taken":0,"relics_obtained":["WarpedTongs"],"max_hp_gain":0,"max_hp_loss":0,"event_name":"Accursed Blacksmith","floor":2,"gold_loss":0,"cards_obtained":["Pain"]}],"is_beta":false,"boss_relics":[{"not_picked":["hubris:Backtick","Runesmith:UraniumAnvil"],"picked":"Sozu"}],"items_purged_floors":[],"is_endless":false,"potions_floor_spawned":[1,5,6,14,19,20],"killed_by":"Snecko","ascension_level":18}}