{"host":"daa8jqyg4gqfaysm","time":1608403820,"event":{"mods":["BaseMod","Colored Powertips","Minty Spire (QoL Compilation)","StSLib"],"gold_per_floor":[113,12,32,42,52,52,81,81,104,120,150,166,166,166,166,244,244,256,284,232,244,259,259,287,287,287,377,159,159,174,204,204,276,276,287,287,287,287,299,299,299,299],"floor_reached":41,"playtime":1182,"items_purged":["Strike_G","Strike_G"],"score":928,"play_id":"f7a4b5e4-6515-4f02-852c-d0e527b42b71","local_time":"20201220025020","is_ascension_mode":true,"campfire_choices":[{"data":"Poisoned Stab","floor":6.0,"key":"SMITH"},{"data":"Neutralize","floor":13.0,"key":"SMITH"},{"data":"Dagger Spray","floor":15.0,"key":"SMITH"},{"data":"Glass Knife","floor":23,"key":"SMITH"},{"data":"Noxious Fumes","floor":29,"key":"SMITH"},{"floor":32,"key":"REST"},{"data":"Adrenaline","floor":40,"key":"SMITH"}],"circlet_count":0,"master_deck":["AscendersBane","Strike_G+1","Strike_G+1","Strike_G","Defend_G","Defend_G","Defend_G","Defend_G","Defend_G","Survivor","Neutralize+1","Poisoned Stab+1","Dagger Spray+1","PiercingWail","Slice","Backstab","All Out Attack","Glass Knife+1","Deadly Poison","Dodge and Roll","Cloak And Dagger+1","Bouncing Flask","Dash","Noxious Fumes+1","Catalyst","Adrenaline+1","Blur"],"relics":["Black Star","Bag of Preparation","Bag of Marbles","Whetstone","Pear","Boot","SlaversCollar","Red Mask","Meat on the Bone","Tingsha","Ornamental Fan","MutagenicStrength","Shuriken","Anchor","Busted Crown"],"acts_visited":["Exordium","TheCity","TheBeyond"],"potions_floor_usage":[33,33],"damage_taken":[{"damage":11.0,"enemies":"Jaw Worm","floor":1.0,"turns":6.0},{"damage":0.0,"enemies":"2 Louse","floor":3.0,"turns":3.0},{"damage":2.0,"enemies":"Small Slimes","floor":4.0,"turns":4.0},{"damage":11.0,"enemies":"Red Slaver","floor":5.0,"turns":6.0},{"damage":44.0,"enemies":"Gremlin Nob","floor":7.0,"turns":5.0},{"damage":0.0,"enemies":"2 Fungi Beasts","floor":10.0,"turns":1.0},{"damage":17.0,"enemies":"3 Sentries","floor":11.0,"turns":8.0},{"damage":0.0,"enemies":"Large Slime","floor":12.0,"turns":3.0},{"damage":22.0,"enemies":"The Guardian","floor":16.0,"turns":13.0},{"damage":8.0,"enemies":"Spheric Guardian","floor":18.0,"turns":4.0},{"damage":0,"enemies":"Masked Bandits","floor":19,"turns":2},{"damage":5,"enemies":"2 Thieves","floor":21,"turns":3},{"damage":6,"enemies":"Centurion and Healer","floor":22,"turns":6},{"damage":10,"enemies":"Gremlin Leader","floor":24,"turns":5},{"damage":0,"enemies":"Snecko","floor":30,"turns":2},{"damage":0,"enemies":"Slavers","floor":31,"turns":3},{"damage":13,"enemies":"Champ","floor":33,"turns":8},{"damage":0,"enemies":"Orb Walker","floor":35,"turns":1},{"damage":0,"enemies":"3 Darklings","floor":39,"turns":3},{"damage":80,"enemies":"Giant Head","floor":41,"turns":6}],"seed_played":"-187440255508562998","potions_obtained":[{"floor":1.0,"key":"DuplicationPotion"},{"floor":5.0,"key":"FairyPotion"},{"floor":10.0,"key":"EssenceOfSteel"},{"floor":18.0,"key":"Explosive Potion"},{"floor":24,"key":"DistilledChaos"},{"floor":33,"key":"GamblersBrew"},{"floor":39,"key":"Ancient Potion"}],"is_trial":false,"path_per_floor":["M","$","M","M","M","R","E","?","T","M","E","M","R","?","R","B",null,"M","?","?","M","M","R","E","?","T","?","$","R","M","E","R","B",null,"M","?","?","?","M","R","E"],"character_chosen":"THE_SILENT","items_purchased":["Dagger Spray","Dash","Noxious Fumes"],"campfire_rested":1,"item_purchase_floors":[2,28,28],"current_hp_per_floor":[48,48,48,46,35,35,19,41,41,41,34,34,34,34,34,12,60,52,52,52,47,41,41,43,43,43,31,31,31,43,43,65,52,70,70,70,70,70,70,70,0,0],"gold":299,"neow_bonus":"BOSS_RELIC","is_daily":false,"chose_seed":false,"campfire_upgraded":6,"win_rate":0.0,"timestamp":1608403820,"path_taken":["M","$","M","M","M","R","E","?","T","M","E","M","R","?","R","BOSS","M","?","?","M","?","R","E","?","T","?","$","R","M","E","R","BOSS","M","?","?","?","M","R","E"],"items_purchased_type":["Card","Card","Card"],"build_version":"2020-12-13","purchased_purges":2,"victory":false,"max_hp_per_floor":[66,66,66,66,66,66,66,66,66,66,76,76,76,76,76,76,76,76,76,76,76,76,76,76,76,76,76,76,76,76,76,76,76,76,76,72,72,72,72,72,72,72],"card_choices":[{"not_picked":["Eviscerate","Skewer"],"picked":"Poisoned Stab","floor":1.0},{"not_picked":["Underhanded Strike","Acrobatics","Sucker Punch"],"picked":"SKIP","floor":3.0},{"not_picked":["Underhanded Strike","Accuracy"],"picked":"PiercingWail","floor":4.0},{"not_picked":["Underhanded Strike","Flying Knee"],"picked":"Slice","floor":5.0},{"not_picked":["Dodge and Roll","Backflip"],"picked":"Backstab","floor":7.0},{"not_picked":["Concentrate","Outmaneuver","Setup"],"picked":"SKIP","floor":10.0},{"not_picked":["Distraction","Masterful Stab","Flying Knee"],"picked":"SKIP","floor":11.0},{"not_picked":["Bullet Time","Flying Knee"],"picked":"All Out Attack","floor":12.0},{"not_picked":["Storm of Steel","Night Terror"],"picked":"Glass Knife","floor":16.0},{"not_picked":["Expertise","Dodge and Roll"],"picked":"Deadly Poison","floor":18.0},{"not_picked":["Deadly Poison","Cloak And Dagger"],"picked":"Dodge and Roll","floor":19},{"not_picked":["Poisoned Stab","Accuracy"],"picked":"Cloak And Dagger+1","floor":21},{"not_picked":["Cloak And Dagger","Skewer","Concentrate"],"picked":"SKIP","floor":22},{"not_picked":["Finisher","Dodge and Roll"],"picked":"Bouncing Flask","floor":24},{"not_picked":["Endless Agony","All Out Attack+1"],"picked":"Catalyst","floor":30},{"not_picked":["Cloak And Dagger+1","Flying Knee+1"],"picked":"Escape Plan","floor":31},{"not_picked":["Tools of the Trade","Night Terror"],"picked":"Adrenaline","floor":33},{"not_picked":["Flying Knee"],"picked":"SKIP","floor":35},{"not_picked":[],"picked":"Blur","floor":39}],"player_experience":706032,"relics_obtained":[{"floor":7.0,"key":"Bag of Preparation"},{"floor":7.0,"key":"Bag of Marbles"},{"floor":9.0,"key":"Whetstone"},{"floor":11.0,"key":"Pear"},{"floor":11.0,"key":"Boot"},{"floor":19,"key":"Red Mask"},{"floor":24,"key":"Tingsha"},{"floor":24,"key":"Ornamental Fan"},{"floor":31,"key":"Shuriken"},{"floor":31,"key":"Anchor"}],"event_choices":[{"damage_healed":22.0,"max_hp_gain":0.0,"max_hp_loss":0.0,"gold_gain":0.0,"event_name":"Big Fish","player_choice":"Banana","floor":8.0,"gold_loss":0.0,"damage_taken":0.0},{"damage_healed":0.0,"max_hp_gain":0.0,"max_hp_loss":0.0,"gold_gain":0.0,"event_name":"Dead Adventurer","player_choice":"Searched \u00270\u0027 times","floor":14.0,"gold_loss":0.0,"damage_taken":0.0},{"damage_healed":0,"gold_gain":0,"player_choice":"Fought Bandits","damage_taken":0,"max_hp_gain":0,"max_hp_loss":0,"event_name":"Masked Bandits","floor":19,"gold_loss":0},{"damage_healed":0,"gold_gain":0,"player_choice":"Paid Gold","damage_taken":0,"relics_obtained":["Meat on the Bone"],"max_hp_gain":0,"max_hp_loss":0,"event_name":"WeMeetAgain","floor":20,"gold_loss":52},{"damage_healed":0,"gold_gain":0,"player_choice":"Inject Mutagens","damage_taken":0,"relics_obtained":["MutagenicStrength"],"max_hp_gain":0,"max_hp_loss":0,"event_name":"Drug Dealer","floor":25,"gold_loss":0},{"damage_healed":0,"gold_gain":90,"player_choice":"GOLD ","damage_taken":12,"max_hp_gain":0,"max_hp_loss":0,"event_name":"Knowing Skull","floor":27,"potions_obtained":[],"gold_loss":0,"cards_obtained":[]},{"damage_healed":0,"gold_gain":0,"player_choice":"Max HP","damage_taken":0,"max_hp_gain":0,"max_hp_loss":4,"event_name":"Winding Halls","floor":36,"gold_loss":0},{"damage_healed":0,"gold_gain":0,"player_choice":"Memory 1","damage_taken":0,"max_hp_gain":0,"max_hp_loss":0,"event_name":"SensoryStone","floor":37,"gold_loss":0},{"cards_removed":["Escape Plan"],"damage_healed":0,"gold_gain":0,"player_choice":"Removed Skill","damage_taken":0,"max_hp_gain":0,"max_hp_loss":0,"event_name":"Falling","floor":38,"gold_loss":0}],"is_beta":false,"boss_relics":[{"not_picked":["WristBlade","Calling Bell"],"picked":"SlaversCollar"},{"not_picked":["Philosopher\u0027s Stone","Pandora\u0027s Box"],"picked":"Busted Crown"}],"items_purged_floors":[2,28],"is_endless":false,"potions_floor_spawned":[1,5,10,11,18,24,30,33,39],"killed_by":"Giant Head","ascension_level":20}}