{"host":"r70xsz6j1oj94nbd","time":1608352530,"event":{"mods":["Act Like it!","BaseMod","Better Note","Better Vampires","DeckTracker","Downfall-Rebalance","Lobotomy","LobotomyExtend","Minty Spire (QoL Compilation)","Quick Restart","RNG Fix","Ryuuou龙王","Shop Mod","Spicy Shops","StSLib","The Animator","【功能Mod】混沌之环修复补丁"],"gold_per_floor":[279,279,42,61,61,61,75,75,75,75,95,108,108,143,143,143,143],"floor_reached":16,"playtime":1719,"items_purged":["SpecialBullet"],"score":200,"play_id":"4e873def-c76b-4077-ae4a-16860d09583e","local_time":"20201219123530","is_ascension_mode":true,"campfire_choices":[{"floor":8,"key":"RECALL"}],"circlet_count":0,"master_deck":["AscendersBane","SpecialBullet","SpecialBullet","SpecialBullet","SpecialBullet","SpecialBullet","SpecialBullet","CentralCode","ExtractionCode","SecurityCode","DaCapo","Regret_ego","SolemnVow","Wellcheers","DisciplinaryCode","CrumblingArmor","Beak","MagicBullet","PunishingBird","InformationCode"],"relics":["CogitoBucket","RabbitCall","Potion Belt","LetterFromLob","Bag of Marbles","Torii"],"acts_visited":["Exordium"],"potions_floor_usage":[16],"damage_taken":[{"damage":6,"enemies":"Cultist","floor":1,"turns":3},{"damage":12,"enemies":"Jaw Worm","floor":4,"turns":3},{"damage":0,"enemies":"2 Louse","floor":7,"turns":1},{"damage":2,"enemies":"2 Fungi Beasts","floor":11,"turns":2},{"damage":8,"enemies":"3 Louse","floor":12,"turns":2},{"damage":49,"enemies":"Lagavulin","floor":14,"turns":6},{"damage":42,"enemies":"The Guardian","floor":16,"turns":6}],"seed_played":"-8531814354025744362","potions_obtained":[{"floor":11,"key":"EssenceOfSteel"}],"is_trial":false,"path_per_floor":["M","?","$","M","?","R","M","R","T","R","M","M","$","E","R","B"],"character_chosen":"Angela","items_purchased":["SolemnVow","Bag of Marbles"],"campfire_rested":0,"item_purchase_floors":[3,3],"current_hp_per_floor":[65,65,65,61,66,66,74,74,74,74,75,75,75,37,37,0,0],"gold":143,"neow_bonus":"RANDOM_COMMON_RELIC","is_daily":false,"chose_seed":false,"campfire_upgraded":0,"win_rate":0.0,"timestamp":1608352530,"path_taken":["M","?","$","M","?","R","M","R","T","R","M","M","$","E","R","BOSS"],"items_purchased_type":["Card","Relic"],"build_version":"2020-12-13","purchased_purges":1,"victory":false,"max_hp_per_floor":[70,70,70,70,75,75,75,75,75,75,75,75,75,75,75,75,75],"card_choices":[{"not_picked":["CrimsonScar"],"picked":"DaCapo","floor":1},{"not_picked":["Harvest"],"picked":"Regret_ego","floor":1},{"not_picked":["OSAHOGD","LittleHelper"],"picked":"Wellcheers","floor":4},{"not_picked":["SwordSharpenedByTears","Penitence"],"picked":"SKIP","floor":4},{"not_picked":["Horn","RedEyes"],"picked":"SKIP","floor":4},{"not_picked":["MHz","VoidDream"],"picked":"CrumblingArmor","floor":7},{"not_picked":["Laetitia_ego"],"picked":"Beak","floor":7},{"not_picked":["TodaysExpression","Horn","GreenStem"],"picked":"SKIP","floor":11},{"not_picked":["Moonlight","ShedSkin","Soda"],"picked":"SKIP","floor":12},{"not_picked":["Noise","TodaysExpression"],"picked":"MagicBullet","floor":14},{"not_picked":["Bloodbath","Rudolta"],"picked":"PunishingBird","floor":14},{"not_picked":["Amita","Logging","Noise"],"picked":"SKIP","floor":14}],"player_experience":340994,"relics_obtained":[{"floor":1,"key":"LetterFromLob"},{"floor":14,"key":"Torii"}],"event_choices":[{"cards_removed":["SpecialBullet"],"damage_healed":0,"gold_gain":0,"player_choice":"Forget","damage_taken":0,"max_hp_gain":0,"max_hp_loss":0,"event_name":"Living Wall","floor":2,"gold_loss":0},{"damage_healed":0,"gold_gain":0,"player_choice":"Donut","damage_taken":0,"max_hp_gain":5,"max_hp_loss":0,"event_name":"Big Fish","floor":5,"gold_loss":0}],"is_beta":false,"boss_relics":[],"items_purged_floors":[3],"is_endless":false,"potions_floor_spawned":[11],"killed_by":"The Guardian","ascension_level":20}}