{"host":"4amcrcg6ktw8dbzk","time":1608359893,"event":{"mods":["ATMod(°¢èªMod)","BaseMod","Dota2Spire","Minty Spire (QoL Compilation)","MostiFishMod","Spicy Shops","StSLib","Waifu the Spire"],"gold_per_floor":[110,47,64,89,89,123,123,155,181,181,256,274,307,307,307,379,379,391,143,143,69,85,118,118,128,155,195,223,235,265,312,324,411,423,455,467,177,177,177,216,216,259,338,357,366,393,393,162,162,162,162,162,162,21,58,58],"floor_reached":57,"playtime":2322,"items_purged":["Strike_R","Defend_R","Strike_R","Strike_R","Defend_R"],"score":3120,"play_id":"577498d5-ed13-4b66-9389-163429d530d6","local_time":"20201219143813","is_ascension_mode":true,"campfire_choices":[{"floor":7.0,"key":"REST"},{"data":"AT_ShrugMaster","floor":10.0,"key":"SMITH"},{"data":"Armaments","floor":15.0,"key":"SMITH"},{"data":"Heavy Blade","floor":24.0,"key":"SMITH"},{"data":"True Grit","floor":29.0,"key":"SMITH"},{"data":"Limit Break","floor":32.0,"key":"SMITH"},{"data":"Madness","floor":41.0,"key":"SMITH"},{"data":"Madness","floor":47.0,"key":"SMITH"},{"floor":49.0,"key":"RECALL"},{"data":"AT_ShrugMaster","floor":53,"key":"SMITH"}],"circlet_count":0,"master_deck":["AscendersBane","Strike_R+1","Defend_R","Bash","AT_EssenceShift","Heavy Blade","AT_BodySlamDance+1","True Grit+1","AT_ShrugMaster+1","AT_ShrugMaster+1","Armaments+1","Limit Break+1","Whirlwind+1","AT_BodySlamDance+1","Heavy Blade+1","Second Wind","Shockwave","Flex+1","MostiFishMod:UltimateDefense","AT_IchimonjiDouble","Madness+1","Madness+1","Enlightenment","Dark Embrace+1","Barricade","Finesse","Entrench","True Grit+1"],"relics":["Burning Blood","DaveBox","AT_ATBox","Membership Card","Question Card","Dota2Spire:LotusOrb","FaceOfCleric","Regal Pillow","AT_ForceNature","Juzu Bracelet","MealTicket","ImportantClient","AT_TrinityForce","AT_BellowingDragoncrestRing","Whetstone","Bronze Scales","MawBank","StrikeDummy","Omamori","ChiXiaoBlade","CeramicFish","Mummified Hand","War Paint","Dota2Spire:LinkenSphere","DianDianMeat","Art of War","Dota2Spire:ArmletOfMordiggian","AT_RedNoBalance","Toy Ornithopter"],"acts_visited":["Exordium","TheCity","TheBeyond","TheEnding"],"potions_floor_usage":[56,56],"damage_taken":[{"damage":7.0,"enemies":"Cultist","floor":1.0,"turns":4.0},{"damage":7.0,"enemies":"Small Slimes","floor":3.0,"turns":3.0},{"damage":56.0,"enemies":"3 Sentries","floor":6.0,"turns":11.0},{"damage":8.0,"enemies":"Lagavulin","floor":8.0,"turns":6.0},{"damage":0.0,"enemies":"2 Louse","floor":12.0,"turns":2.0},{"damage":41.0,"enemies":"Gremlin Nob","floor":13.0,"turns":5.0},{"damage":1.0,"enemies":"Hexaghost","floor":16.0,"turns":7.0},{"damage":13.0,"enemies":"Spheric Guardian","floor":18.0,"turns":4.0},{"damage":22.0,"enemies":"2 Thieves","floor":22.0,"turns":3.0},{"damage":13.0,"enemies":"Gremlin Leader","floor":23.0,"turns":3.0},{"damage":10.0,"enemies":"Centurion and Healer","floor":25.0,"turns":2.0},{"damage":1.0,"enemies":"Book of Stabbing","floor":27.0,"turns":3.0},{"damage":0.0,"enemies":"Sentry and Sphere","floor":28.0,"turns":2.0},{"damage":0.0,"enemies":"Snake Plant","floor":30.0,"turns":2.0},{"damage":0.0,"enemies":"Gremlin Leader","floor":31.0,"turns":4.0},{"damage":7.0,"enemies":"Champ","floor":33.0,"turns":5.0},{"damage":0.0,"enemies":"3 Darklings","floor":35.0,"turns":2.0},{"damage":9.0,"enemies":"Reptomancer","floor":40.0,"turns":4.0},{"damage":0.0,"enemies":"Giant Head","floor":42.0,"turns":2.0},{"damage":16.0,"enemies":"Orb Walker","floor":44.0,"turns":3.0},{"damage":0.0,"enemies":"Reptomancer","floor":46.0,"turns":3.0},{"damage":8,"enemies":"Awakened One","floor":50,"turns":4},{"damage":3,"enemies":"Time Eater","floor":51,"turns":4},{"damage":11,"enemies":"Shield and Spear","floor":55,"turns":2},{"damage":4,"enemies":"The Heart","floor":56,"turns":5}],"seed_played":"7193262834259264766","potions_obtained":[{"floor":6.0,"key":"Weak Potion"},{"floor":12.0,"key":"Regen Potion"},{"floor":13.0,"key":"Regen Potion"},{"floor":23.0,"key":"Dota2Spire:HealingSalve"}],"is_trial":false,"path_per_floor":["M","$","M","T","?","E","R","E","T","R","?","M","E","?","R","B",null,"M","$","?","$","M","E","R","M","T","E","M","R","M","E","R","B",null,"M","?","$","?","?","E","R","E","T","M","?","E","R","$","R","B","B",null,"R","$","E","B",null],"character_chosen":"IRONCLAD","items_purchased":["AT_BodySlamDance","AT_BellowingDragoncrestRing","Whetstone","AT_BodySlamDance","Heavy Blade","CeramicFish","Mummified Hand","Enlightenment","Art of War","Dota2Spire:ArmletOfMordiggian","AT_SilverBalance","Entrench"],"campfire_rested":1,"item_purchase_floors":[2,19,21,21,21,37,37,37,48,48,54,54],"current_hp_per_floor":[74,74,73,73,73,24,63,62,62,62,51,58,36,36,36,42,76,70,85,85,88,73,67,67,64,64,70,77,77,84,91,91,91,95,97,80,95,95,95,93,93,99,99,90,90,97,97,101,101,100,103,103,103,104,50,93],"gold":58,"neow_bonus":"TEN_PERCENT_HP_BONUS","is_daily":false,"chose_seed":false,"campfire_upgraded":8,"win_rate":0.0,"timestamp":1608359893,"path_taken":["M","$","M","?","?","E","R","E","T","R","?","M","E","?","R","BOSS","M","$","?","$","M","E","R","M","T","E","M","R","M","E","R","BOSS","M","?","$","?","?","E","R","E","T","M","?","E","R","$","R","BOSS","BOSS","R","$","E","BOSS"],"items_purchased_type":["Card","Relic","Relic","Card","Card","Relic","Relic","Card","Relic","Relic","Relic","Card"],"build_version":"2020-12-13","purchased_purges":5,"victory":true,"max_hp_per_floor":[82,82,82,82,82,83,83,84,84,84,84,85,86,86,86,87,87,88,88,88,88,89,90,90,91,91,92,93,93,94,95,95,96,96,97,97,97,97,97,98,98,99,99,100,100,101,101,101,101,102,103,103,103,104,107,108],"card_choices":[{"not_picked":["Twin Strike","Metallicize"],"picked":"Heavy Blade","floor":1.0},{"not_picked":["AT_IchimonjiDouble","Thunderclap","AT_GerminateFire"],"picked":"True Grit","floor":3.0},{"not_picked":["Rage","Infernal Blade","Perfected Strike","Iron Wave"],"picked":"SKIP","floor":6.0},{"not_picked":["Wild Strike","Rupture","AT_BodySlamDance"],"picked":"AT_ShrugMaster","floor":8.0},{"not_picked":["Twin Strike","Headbutt","Warcry"],"picked":"AT_ShrugMaster","floor":12.0},{"not_picked":["Battle Trance","AT_BodySlamDance","Perfected Strike"],"picked":"Armaments","floor":13.0},{"not_picked":["MostiFishMod:Mania","Corruption","Brutality"],"picked":"Limit Break","floor":16.0},{"not_picked":["Iron Wave+1","Thunderclap","Warcry","Disarm"],"picked":"SKIP","floor":18.0},{"not_picked":["Shrug It Off","Headbutt","Body Slam","AT_IchimonjiDouble"],"picked":"SKIP","floor":22.0},{"not_picked":["True Grit","MostiFishMod:BrandingRite","Whirlwind","Heavy Blade"],"picked":"SKIP","floor":23.0},{"not_picked":["Thunderclap+1","Infernal Blade","Blood for Blood"],"picked":"Second Wind","floor":25.0},{"not_picked":["Fiend Fire","Dropkick","Sever Soul"],"picked":"Shockwave","floor":27.0},{"not_picked":["Headbutt","Flex","Hemokinesis","Thunderclap"],"picked":"SKIP","floor":28.0},{"not_picked":["Uppercut","Thunderclap","Seeing Red","Wild Strike"],"picked":"SKIP","floor":30.0},{"not_picked":["Pommel Strike","Perfected Strike","Infernal Blade"],"picked":"Flex+1","floor":31.0},{"not_picked":["MostiFishMod:DarkDeal","Double Tap","Exhume"],"picked":"MostiFishMod:UltimateDefense","floor":33.0},{"not_picked":["Combust","Warcry+1","Dual Wield"],"picked":"AT_IchimonjiDouble","floor":35.0},{"not_picked":["Clothesline","Shockwave","Sentinel"],"picked":"Dark Embrace+1","floor":40.0},{"not_picked":["AT_DiedThrough","AT_GerminateFire+1","Blood for Blood"],"picked":"Barricade","floor":42.0},{"not_picked":["Blood for Blood","Pummel","Intimidate","Flex"],"picked":"SKIP","floor":44.0},{"not_picked":["MostiFishMod:FantasySummer","MostiFishMod:Neptune","Dark Shackles"],"picked":"Finesse","floor":45.0},{"not_picked":["Spot Weakness","Heavy Blade+1","Clash","Body Slam+1"],"picked":"SKIP","floor":46.0},{"not_picked":["Perfected Strike+1","Cleave","Sword Boomerang+1"],"picked":"True Grit+1","floor":55}],"player_experience":275659,"relics_obtained":[{"floor":1.0,"key":"Question Card"},{"floor":4.0,"key":"Dota2Spire:LotusOrb"},{"floor":6.0,"key":"Regal Pillow"},{"floor":8.0,"key":"AT_ForceNature"},{"floor":9.0,"key":"Juzu Bracelet"},{"floor":13.0,"key":"MealTicket"},{"floor":16.0,"key":"ImportantClient"},{"floor":23.0,"key":"Bronze Scales"},{"floor":26.0,"key":"MawBank"},{"floor":27.0,"key":"StrikeDummy"},{"floor":31.0,"key":"Omamori"},{"floor":40.0,"key":"War Paint"},{"floor":42.0,"key":"Dota2Spire:LinkenSphere"},{"floor":46.0,"key":"DianDianMeat"},{"floor":55,"key":"Toy Ornithopter"}],"event_choices":[{"damage_healed":0.0,"max_hp_gain":0.0,"max_hp_loss":0.0,"gold_gain":0.0,"event_name":"FaceTrader","player_choice":"Trade","floor":5.0,"gold_loss":0.0,"damage_taken":0.0,"relics_obtained":["FaceOfCleric"]},{"damage_healed":0.0,"max_hp_gain":0.0,"max_hp_loss":0.0,"gold_gain":75.0,"event_name":"World of Goop","player_choice":"Gather Gold","floor":11.0,"gold_loss":0.0,"damage_taken":11.0},{"damage_healed":0.0,"max_hp_gain":0.0,"max_hp_loss":0.0,"gold_gain":0.0,"event_name":"Scrap Ooze","player_choice":"Fled","floor":14.0,"gold_loss":0.0,"damage_taken":0.0},{"damage_healed":0.0,"max_hp_gain":0.0,"max_hp_loss":0.0,"gold_gain":0.0,"event_name":"The Library","player_choice":"Read","floor":20.0,"gold_loss":0.0,"damage_taken":0.0,"cards_obtained":["Whirlwind"]},{"damage_healed":0.0,"max_hp_gain":0.0,"max_hp_loss":0.0,"gold_gain":0.0,"event_name":"Winding Halls","player_choice":"Embrace Madness","floor":36.0,"gold_loss":0.0,"damage_taken":17.0,"cards_obtained":["Madness","Madness"]},{"cards_removed":["Defend_R"],"damage_healed":0.0,"max_hp_gain":0.0,"max_hp_loss":0.0,"gold_gain":0.0,"event_name":"Bonfire Elementals","player_choice":"Offered Basic","floor":38.0,"gold_loss":0.0,"damage_taken":0.0},{"cards_removed":["Strike_R"],"damage_healed":0.0,"max_hp_gain":0.0,"max_hp_loss":0.0,"gold_gain":0.0,"event_name":"Falling","player_choice":"Removed Attack","floor":39.0,"gold_loss":0.0,"damage_taken":0.0},{"damage_healed":0.0,"max_hp_gain":0.0,"max_hp_loss":0.0,"gold_gain":0.0,"event_name":"SensoryStone","player_choice":"Memory 1","floor":45.0,"gold_loss":0.0,"damage_taken":0.0}],"is_beta":false,"boss_relics":[{"not_picked":["OneHitWonderSystem","Ectoplasm"],"picked":"AT_TrinityForce"},{"not_picked":["Dota2Spire:Bloodstone","MetatronsCube"],"picked":"ChiXiaoBlade"}],"items_purged_floors":[2,19,19,37,48],"is_endless":false,"potions_floor_spawned":[6,12,13,23,25,31,33,35,42,44,55],"ascension_level":20}}