{"host":"1bqbj1s4pyvm9utn","time":1608338268,"event":{"mods":["AchievementEnabler","Aspiration","Bard","BaseMod","Beaked The Cultist","Better Altar","Better Match","Better Note","Better Sensory Stone","Better Skull","Better Third Choice","BetterRewards","CCEM","Clawfect","Colored Map","Conspire","Downfall","GifTheSpireLib","Halation","Hermit","Highlight Path","Hubris","Humility","Infinite Spire","Jedi Mod","Jorbs\u0027s Wanderer Trilogy","Mad Scientist","Marisa????????","Mimic Mod","Minty Spire (QoL Compilation)","Permanent Neow","Replay The Spire","Shade Mod","Shop Mod","Spicy Shops","StSLib","Stuff the Spire","The Bug Knight","The Construct","The Cursed","The Disciple","The Gatherer","The Hierophant","The Jungle","The Mystic","The Necromancer","The Runesmith","The Servant 0.9.4","The Spell Scribe","The Witch","Unceasing Turn Reminder","everything is the same but u backflip on backflip","slay the spire mod where everything is the same but ironclad has a cowboy hat","vexMod"],"gold_per_floor":[113,113,131,53,53,95,95,137,183,183,215,215,259,259,259,382,382,423,423,423,24,67,141,141,196,196,28,28,98,125,178,178,313,313,333,389,453,492,551,551,551,551],"floor_reached":41,"playtime":5578,"items_purged":[],"score":456,"play_id":"61e0b695-398b-4ed3-b71d-730c0c7b0d24","local_time":"20201218163748","is_ascension_mode":false,"campfire_choices":[{"data":"NonDirectionalLaser","floor":7,"key":"SMITH"},{"floor":12,"key":"REST"},{"data":"Apotheosis","floor":15,"key":"SMITH"},{"floor":24,"key":"REST"},{"data":"MillisecondPulsars","floor":32,"key":"SMITH"},{"floor":40,"key":"REST"}],"circlet_count":0,"master_deck":["Strike_MRS","Defend_MRS","Defend_MRS","MasterSpark","UpSweep","AsteroidBelt","WitchOfGreed","Apotheosis+1","NonDirectionalLaser+1","OortCloud","PowerUp","Quick Slash","Night Terror","JA","MaximisePower+1","SprinkleStarSeal+1","OpenUniverse+1","DarkMatter","expansioncontent:DashGenerateEvil","WitchOfGreed+1","IllusionStar+1","PropBag","ChargeUpSpray","Acceleration","EarthLightRay","MillisecondPulsars+1","SuperNova","MysteriousBeam+1","AsteroidBelt","UnstableBomb","6A+1","PropBag","Singularity","OrrerysSun"],"relics":["MiniHakkero","NeowsBlessing","infinitespire:Lucky Rock","Replay:Bottled Steam","hubris:TenFootPole","Astrolabe","aspiration:MobileForge","aspiration:FrozenJewel","halation:SwordOfLegend","CCEMRelics:GrindingGear","aspiration:Nostalgia","bard:PitchPipe","halation:LettersToHer","jedi:hotpepper","hubris:CuriousFeather","Blue Candle","Ornamental Fan","Sundial","Shuriken"],"acts_visited":["Exordium","Exordium","TheBeyond"],"potions_floor_usage":[11,13,16,16,16,18,23,33,33,35,35,35,39,39,41,41],"damage_taken":[{"damage":0,"enemies":"2 Louse","floor":1,"turns":1},{"damage":0,"enemies":"Jaw Worm","floor":3,"turns":1},{"damage":10,"enemies":"3 Sentries","floor":6,"turns":3},{"damage":3,"enemies":"Small Slimes","floor":8,"turns":4},{"damage":23,"enemies":"Exordium Wildlife","floor":11,"turns":8},{"damage":8,"enemies":"Large Slime","floor":13,"turns":5},{"damage":16,"enemies":"The Guardian","floor":16,"turns":10},{"damage":22,"enemies":"theJungle:MUSHROOMGANG","floor":18,"turns":3},{"damage":8,"enemies":"theJungle:Flameango_and_Byrd","floor":22,"turns":4},{"damage":16,"enemies":"theJungle:2_Phrogs","floor":23,"turns":8},{"damage":30,"enemies":"theJungle:Cassacara","floor":25,"turns":7},{"damage":24,"enemies":"theJungle:Lyon","floor":29,"turns":4},{"damage":7,"enemies":"theJungle:2_Snecko_Cultists","floor":31,"turns":3},{"damage":12,"enemies":"theJungle:FunGuy","floor":33,"turns":7},{"damage":36,"enemies":"3 Shapes","floor":35,"turns":2},{"damage":8,"enemies":"Orb Walker","floor":36,"turns":3},{"damage":0,"enemies":"Transient","floor":37,"turns":6},{"damage":0,"enemies":"Transient","floor":38,"turns":6},{"damage":47,"enemies":"Spire Growth","floor":39,"turns":4},{"damage":54,"enemies":"Reptomancer","floor":41,"turns":2}],"seed_played":"-367251858780156494","potions_obtained":[{"floor":1,"key":"Weak Potion"},{"floor":6,"key":"Ancient Potion"},{"floor":6,"key":"LiquidBronze"},{"floor":8,"key":"Dexterity Potion"},{"floor":11,"key":"Swift Potion"},{"floor":11,"key":"Guardian:BlockOnCardUsePotion"},{"floor":13,"key":"Regen Potion"},{"floor":16,"key":"Explosive Potion"},{"floor":18,"key":"Elixir"},{"floor":22,"key":"Swift Potion"},{"floor":23,"key":"Dexterity Potion"},{"floor":23,"key":"FairyPotion"},{"floor":25,"key":"StarNLove"},{"floor":29,"key":"PowerPotion"},{"floor":33,"key":"jedi:StrikingPotion"},{"floor":33,"key":"Weak Potion"},{"floor":35,"key":"jedi:hoardpotion"},{"floor":36,"key":"LiquidMemories"},{"floor":36,"key":"SpeedPotion"},{"floor":37,"key":"Venom Potion"},{"floor":39,"key":"champ:CounterPotion"},{"floor":39,"key":"BlessingOfTheForge"}],"is_trial":false,"path_per_floor":["M","?","M","$","?","E","R","M","T","$","M","R","M","?","R","B",null,"M","AVR","?","$","M","E","R","E","T","$","?","M","T","M","R","B",null,"M","M","MIM","M","M","R","E"],"character_chosen":"MARISA","items_purchased":["infinitespire:Lucky Rock","expansioncontent:DashGenerateEvil","aspiration:FrozenJewel","WitchOfGreed+1","aspiration:Nostalgia","Acceleration"],"campfire_rested":3,"item_purchase_floors":[4,21,21,21,27,27],"current_hp_per_floor":[75,75,75,75,75,65,65,62,62,62,39,61,53,53,53,52,75,53,53,53,53,45,29,50,20,20,20,85,61,61,58,64,58,63,27,19,25,43,18,51,0,0],"gold":551,"neow_bonus":"THREE_ENEMY_KILL","is_daily":false,"chose_seed":false,"campfire_upgraded":3,"win_rate":0.0,"timestamp":1608338268,"path_taken":["M","?","M","$","?","E","R","?","T","$","M","R","M","?","R","BOSS","M","AVR","?","$","M","E","R","E","T","$","?","?","?","M","R","BOSS","M","M","?","M","M","R","E"],"items_purchased_type":["Relic","Card","Relic","Card","Relic","Card"],"build_version":"2020-12-13","purchased_purges":0,"victory":false,"max_hp_per_floor":[75,75,75,75,75,75,75,75,75,75,75,75,75,75,75,75,75,75,75,75,75,75,75,75,75,75,75,85,85,85,85,85,85,63,63,63,63,63,63,63,63,63],"card_choices":[{"not_picked":["Acceleration","LuminesStrike"],"picked":"AsteroidBelt","floor":1},{"not_picked":["WitchLeyline","DC"],"picked":"WitchOfGreed","floor":3},{"not_picked":["EventHorizon","DeepEcoloBomb"],"picked":"NonDirectionalLaser","floor":6},{"not_picked":["LuminesStrike","NonDirectionalLaser"],"picked":"OortCloud","floor":8},{"not_picked":["NonDirectionalLaser","FairyDestructionRay"],"picked":"OrrerysSun","floor":11},{"not_picked":["IllusionStar","MaximisePower"],"picked":"PowerUp","floor":13},{"not_picked":["MaximisePower","EscapeVelocity"],"picked":"JA","floor":16},{"not_picked":["StarlightTyphoon","MagicAbsorber"],"picked":"DarkMatter","floor":18},{"not_picked":["NonDirectionalLaser","MeteoricShower+1"],"picked":"IllusionStar+1","floor":22},{"not_picked":["AsteroidBelt","WitchLeyline+1"],"picked":"PropBag","floor":23},{"not_picked":["GrandCross+1","WitchOfGreed+1"],"picked":"ChargeUpSpray","floor":25},{"not_picked":["Acceleration","RefractionSpark+1"],"picked":"EarthLightRay","floor":29},{"not_picked":["GrandCross","GasGiant"],"picked":"MillisecondPulsars","floor":31},{"not_picked":["FinalSpark","UltimateShortwave"],"picked":"SuperNova","floor":33},{"not_picked":["DoubleSpark","OneTimeOff"],"picked":"6A+1","floor":36},{"not_picked":["ShootingEcho","OpenUniverse+1"],"picked":"PropBag","floor":37},{"not_picked":["Occultation+1","NonDirectionalLaser+1"],"picked":"Singularity","floor":38},{"not_picked":["DC","UnstableBomb+1"],"picked":"OrrerysSun","floor":39}],"player_experience":842056,"relics_obtained":[{"floor":6,"key":"Replay:Bottled Steam"},{"floor":9,"key":"hubris:TenFootPole"},{"floor":23,"key":"halation:SwordOfLegend"},{"floor":25,"key":"CCEMRelics:GrindingGear"},{"floor":30,"key":"halation:LettersToHer"},{"floor":37,"key":"hubris:CuriousFeather"},{"floor":37,"key":"halation:LettersToHer"}],"event_choices":[{"damage_healed":0,"gold_gain":1,"player_choice":"4","damage_taken":0,"max_hp_gain":0,"max_hp_loss":0,"event_name":"betterStone:BetterStone","floor":5,"gold_loss":0,"cards_obtained":["Apotheosis"]},{"cards_removed":["OpenUniverse"],"damage_healed":0,"gold_gain":0,"player_choice":"Give","damage_taken":0,"max_hp_gain":0,"max_hp_loss":0,"event_name":"betterNote:BetterNote","floor":20,"gold_loss":0,"cards_obtained":["None"]},{"cards_removed":["A Thousand Cuts"],"damage_healed":55,"gold_gain":0,"player_choice":"Offered Rare","damage_taken":0,"max_hp_gain":10,"max_hp_loss":0,"event_name":"Bonfire Elementals","floor":28,"gold_loss":0}],"is_beta":false,"boss_relics":[{"not_picked":["Abe\u0027s Treasure","vexMod:CursedCompass"],"picked":"Astrolabe"},{"not_picked":["halation:PlatinumPhoenix","construct:WeddingRing"],"picked":"jedi:hotpepper"}],"items_purged_floors":[],"is_endless":false,"potions_floor_spawned":[1,6,11,13,29,31,35,38],"killed_by":"Reptomancer","ascension_level":0}}