{"host":"y9jgkjnf95sujozk","time":1608388940,"event":{"mods":["2.2 Compatiblity","AchievementEnabler","BaseMod","Block Reminder","Colored Map","Colored Powertips","Downfall","Friendly Minions","GifTheSpireLib","Hermit","Highlight Path","MarisaÅiñ∂âJÅ@ñÇóùçπÅj","Minty Spire (QoL Compilation)","Random Character Button","Rare Cards Sparkle","Replay The Spire","StSLib","SuperFastMode","The Animator","The Bug Knight","The Cursed","The Servant 0.9.4"],"gold_per_floor":[119,28,48,48,68,68,98,148,160,217,265,303,329,341,353,373,373],"floor_reached":16,"playtime":398,"items_purged":[],"score":107,"play_id":"aa19b068-b8f8-4d08-b1a1-8622768583c2","local_time":"20201219154220","is_ascension_mode":true,"campfire_choices":[{"floor":6,"key":"REST"},{"floor":15,"key":"REST"}],"circlet_count":0,"master_deck":["Strike_S","Strike_S","Strike_S","Strike_S","Defend_S","Defend_S","Defend_S","Defend_S","KidneyShot","Exchange","Rearm","Deadline","BottledTime","Starlight","FastForward","SilverBlades","SurpressingFire+1","Defy"],"relics":["Uniform","Toy Ornithopter","Omamori","Odd Mushroom","ReplayTheSpireMod:Ring of Exchange","Ring of Greed","MawBank","Replay:Bandana","KneeBrace","Bag of Marbles"],"acts_visited":["Exordium"],"potions_floor_usage":[10,12,16],"damage_taken":[{"damage":0,"enemies":"2 Louse","floor":1,"turns":3},{"damage":4,"enemies":"Cultist","floor":3,"turns":5},{"damage":7,"enemies":"Jaw Worm","floor":5,"turns":5},{"damage":32,"enemies":"The Mushroom Lair","floor":7,"turns":7},{"damage":17,"enemies":"Gremlin Nob","floor":10,"turns":4},{"damage":1,"enemies":"3 Louse","floor":11,"turns":4},{"damage":7,"enemies":"Large Slime","floor":12,"turns":5},{"damage":0,"enemies":"Looter","floor":13,"turns":5},{"damage":43,"enemies":"Hexaghost","floor":16,"turns":12}],"seed_played":"-744106601211707079","potions_obtained":[{"floor":5,"key":"CultistPotion"},{"floor":11,"key":"AttackPotion"},{"floor":12,"key":"FearPotion"}],"is_trial":false,"path_per_floor":["M","$","M","?","M","R","?","?","T","E","M","M","M","?","R","B"],"character_chosen":"THE_SERVANT","items_purchased":["ReplayTheSpireMod:Uncanny Aura"],"campfire_rested":2,"item_purchase_floors":[2],"current_hp_per_floor":[65,65,61,61,54,65,33,33,33,21,20,18,18,18,37,0,0],"gold":373,"neow_bonus":"RANDOM_COMMON_RELIC","is_daily":false,"chose_seed":false,"campfire_upgraded":0,"win_rate":0.0,"timestamp":1608388940,"path_taken":["M","$","M","?","?","R","?","?","T","E","M","M","M","?","R","BOSS"],"items_purchased_type":["Card"],"build_version":"2020-12-13","purchased_purges":0,"victory":false,"max_hp_per_floor":[65,65,65,65,65,65,65,65,65,65,65,65,65,65,65,65,65],"card_choices":[{"not_picked":["BottledTime","ShatteredReality"],"picked":"Rearm","floor":1},{"not_picked":["StarChef","Alleviate"],"picked":"Deadline","floor":3},{"not_picked":["DoubleEdge","Spin"],"picked":"BottledTime","floor":5},{"not_picked":["BottledTime","Rewind"],"picked":"Starlight","floor":7},{"not_picked":["Solidify","ShatteredReality"],"picked":"FastForward","floor":10},{"not_picked":["Potential","SpecialFormula"],"picked":"SilverBlades","floor":11},{"not_picked":["DualDimension","Defy"],"picked":"SurpressingFire","floor":12},{"not_picked":["ShatteredReality","Rewind"],"picked":"Defy","floor":13}],"player_experience":108702,"relics_obtained":[{"floor":7,"key":"Odd Mushroom"},{"floor":8,"key":"ReplayTheSpireMod:Ring of Exchange"},{"floor":8,"key":"Ring of Greed"},{"floor":8,"key":"MawBank"},{"floor":8,"key":"Replay:Bandana"},{"floor":9,"key":"KneeBrace"},{"floor":10,"key":"Bag of Marbles"}],"event_choices":[{"cards_removed":["ReplayTheSpireMod:Uncanny Aura"],"damage_healed":0,"gold_gain":0,"player_choice":"Gave Card","damage_taken":0,"relics_obtained":["Omamori"],"max_hp_gain":0,"max_hp_loss":0,"event_name":"WeMeetAgain","floor":4,"gold_loss":0},{"damage_healed":0,"gold_gain":0,"player_choice":"Fought Mushrooms","damage_taken":0,"max_hp_gain":0,"max_hp_loss":0,"event_name":"Mushrooms","floor":7,"gold_loss":0}],"is_beta":false,"boss_relics":[],"items_purged_floors":[],"is_endless":false,"potions_floor_spawned":[5,11,12],"killed_by":"Hexaghost","ascension_level":1}}