{"host":"oihpulxxofncj7su","time":1608338234,"event":{"mods":["AchievementEnabler","BaseMod","Bestiary","BetterRewards","Colored Powertips","Downfall","Highlight Path","Minty Spire (QoL Compilation)","Quick Restart","Spicy Shops","StSLib"],"gold_per_floor":[99,9,24,124,154,154,154,164,228,228,139,159,178,194,213,310,310,310,326,326,326,346,160,160,121,150,168,181,208,58,58,74,171,171,171,186,231,231,56,56,56,56,76,76,76,76,95,109,122,122,122],"floor_reached":50,"playtime":15262,"items_purged":["Slimebound:Defend_Slimebound","Slimebound:Defend_Slimebound","Slimebound:Strike_Slimebound","Slimebound:Strike_Slimebound","Slimebound:Defend_Slimebound"],"score":487,"play_id":"b8446575-fbec-4e8b-a3e9-06725ad0fe20","local_time":"20201218193714","is_ascension_mode":false,"campfire_choices":[{"data":"Slimebound:Split","floor":1,"key":"SMITH"},{"data":"Slimebound:RejuvenatingLick","floor":6,"key":"SMITH"},{"data":"Slimebound:SplitLeeching","floor":10,"key":"SMITH"},{"data":"Slimebound:SamplingLick","floor":18,"key":"SMITH"},{"data":"Slimebound:CorrosiveSpit","floor":21,"key":"SMITH"},{"data":"Slimebound:SamplingLick","floor":35,"key":"SMITH"},{"floor":40,"key":"REST"},{"data":"Slimebound:Prepare","floor":42,"key":"SMITH"},{"data":"Slimebound:LevelUp","floor":44,"key":"SMITH"}],"circlet_count":0,"master_deck":["Slimebound:Tackle","Slimebound:Defend_Slimebound","Slimebound:Split+1","Slimebound:CorrosiveSpit+1","Slimebound:RejuvenatingLick+1","Slimebound:RollThrough","Slimebound:Schlurp","Slimebound:SplitLeeching+1","Slimebound:LeechingTouch","Slimebound:Schlurp","Slimebound:SpikyOuterGoop","Slimebound:SlimeSpikes","Slimebound:SamplingLick+1","Slimebound:LeechEnergy","Slimebound:RallyTheTroops","Slimebound:SamplingLick+1","Slimebound:Gluttony","Slimebound:Prepare+1","Slimebound:GrowthPunch","Slimebound:LeechEnergy+1","Slimebound:GrowthPunch","Slimebound:SlimeSpikes","Slimebound:LevelUp+1"],"relics":["Slimebound:AbsorbEndCombatUpgraded","Mercury Hourglass","Girya","PreservedInsect","Gambling Chip","Slimebound:MaxSlimesRelic","Prayer Wheel","Nunchaku","SlaversCollar","Du-Vu Doll","Sundial","Unceasing Top"],"acts_visited":["Exordium","TheCity","TheBeyond"],"potions_floor_usage":[9,15,15,16,19,23,33,36,36],"damage_taken":[{"damage":13,"enemies":"downfall:FleeingMerchant","floor":2,"turns":4},{"damage":12,"enemies":"2 Louse","floor":3,"turns":3},{"damage":22,"enemies":"3 Sentries","floor":5,"turns":6},{"damage":3,"enemies":"Small Slimes","floor":8,"turns":2},{"damage":12,"enemies":"Gremlin Nob","floor":9,"turns":2},{"damage":12,"enemies":"downfall:FleeingMerchant","floor":11,"turns":4},{"damage":12,"enemies":"Jaw Worm","floor":12,"turns":3},{"damage":14,"enemies":"Gremlin Gang","floor":13,"turns":3},{"damage":14,"enemies":"Red Slaver","floor":14,"turns":3},{"damage":12,"enemies":"Exordium Thugs","floor":15,"turns":3},{"damage":30,"enemies":"downfall:Ironclad","floor":16,"turns":8},{"damage":13,"enemies":"Shell Parasite","floor":19,"turns":4},{"damage":18,"enemies":"Spheric Guardian","floor":22,"turns":4},{"damage":25,"enemies":"downfall:FleeingMerchant","floor":23,"turns":4},{"damage":31,"enemies":"downfall:FleeingMerchant","floor":25,"turns":4},{"damage":48,"enemies":"Gremlin Leader","floor":26,"turns":5},{"damage":16,"enemies":"Centurion and Healer","floor":27,"turns":6},{"damage":20,"enemies":"Snake Plant","floor":28,"turns":4},{"damage":24,"enemies":"Sentry and Sphere","floor":32,"turns":4},{"damage":18,"enemies":"downfall:Watcher","floor":33,"turns":8},{"damage":8,"enemies":"3 Shapes","floor":36,"turns":3},{"damage":60,"enemies":"2 Orb Walkers","floor":37,"turns":6},{"damage":36,"enemies":"3 Darklings","floor":43,"turns":5},{"damage":18,"enemies":"Transient","floor":47,"turns":5},{"damage":24,"enemies":"Sphere and 2 Shapes","floor":48,"turns":5},{"damage":29,"enemies":"Maw","floor":49,"turns":7},{"damage":201,"enemies":"downfall:Silent","floor":50,"turns":7}],"seed_played":"3552560795660023404","potions_obtained":[{"floor":5,"key":"Fire Potion"},{"floor":13,"key":"PowerPotion"},{"floor":14,"key":"champ:CounterPotion"},{"floor":15,"key":"Explosive Potion"},{"floor":16,"key":"SkillPotion"},{"floor":22,"key":"FearPotion"},{"floor":28,"key":"Slimebound:SpawnSlimePotion"},{"floor":31,"key":"CultistPotion"},{"floor":32,"key":"SpeedPotion"},{"floor":33,"key":"Energy Potion"},{"floor":47,"key":"FairyPotion"},{"floor":48,"key":"FairyPotion"}],"is_trial":false,"path_per_floor":["R","$","M","?","E","R","T","M","?","R","$","M","M","M","M","B",null,"R","M","?","R","M","$","T","$","E","M","M","T","$","?","M","B",null,"R","M","?","?","$","R","T","R","M","R","$","?","M","M","M","B"],"character_chosen":"SLIMEBOUND","items_purchased":["Slimebound:SpikyOuterGoop","Slimebound:Prepare","Slimebound:MaxSlimesRelic"],"campfire_rested":1,"item_purchase_floors":[11,23,25],"current_hp_per_floor":[60,57,56,56,46,46,46,51,57,57,60,60,60,58,50,48,60,60,60,60,60,60,60,60,49,39,60,60,60,60,60,60,60,60,60,60,40,40,40,58,58,58,60,60,60,60,60,60,60,0,0],"gold":122,"neow_bonus":"REMOVE_CARD","is_daily":false,"chose_seed":false,"campfire_upgraded":8,"win_rate":0.0,"timestamp":1608338234,"path_taken":["R","$","M","?","E","R","T","M","?","R","$","M","M","M","M","BOSS","R","M","?","R","M","?","T","$","E","?","M","?","?","?","M","BOSS","R","M","?","?","$","R","T","R","M","R","$","?","M","M","M","BOSS"],"items_purchased_type":["Card","Card","Relic"],"build_version":"2020-12-13","purchased_purges":5,"victory":false,"max_hp_per_floor":[60,60,60,60,60,60,60,60,60,60,60,60,60,60,60,60,60,60,60,60,60,60,60,60,60,60,60,60,60,60,60,60,60,60,60,60,60,60,60,60,60,60,60,60,60,60,60,60,60,60,60],"card_choices":[{"not_picked":["Slimebound:SlimeSpikes","Slimebound:BestDefense"],"picked":"Slimebound:RejuvenatingLick","floor":2},{"not_picked":["Slimebound:GoopTackle","Slimebound:FinishingTackle"],"picked":"Slimebound:RollThrough","floor":3},{"not_picked":["Slimebound:FinishingTackle","Slimebound:Chomp"],"picked":"Slimebound:Schlurp","floor":5},{"not_picked":["Slimebound:RollThrough","Slimebound:BestDefense"],"picked":"Slimebound:SplitLeeching","floor":8},{"not_picked":["Slimebound:AcidTongue","Slimebound:SplitAcid"],"picked":"Slimebound:LeechingTouch","floor":9},{"not_picked":["Slimebound:RollThrough","Slimebound:FormOfPuddle"],"picked":"Slimebound:Schlurp","floor":11},{"not_picked":["Slimebound:ComboTackle","Slimebound:FirmFortitude"],"picked":"Slimebound:SlimeSpikes","floor":12},{"not_picked":["Slimebound:GrowthPunch","Slimebound:FirmFortitude","Slimebound:RainOfGoop"],"picked":"SKIP","floor":13},{"not_picked":["Slimebound:MegaLick","Slimebound:Equalize"],"picked":"Slimebound:SamplingLick","floor":14},{"not_picked":["Slimebound:SplitLeeching","Slimebound:LeechingTouch"],"picked":"Slimebound:LeechEnergy","floor":15},{"not_picked":["Slimebound:OozeBath","Slimebound:DouseInSlime"],"picked":"Slimebound:RallyTheTroops","floor":16},{"not_picked":["Slimebound:GoopSpray","Slimebound:Repurpose"],"picked":"Slimebound:SamplingLick","floor":19},{"not_picked":["Slimebound:SplitLeeching+1","Slimebound:ViciousTackle"],"picked":"Slimebound:Gluttony","floor":22},{"not_picked":["Slimebound:Chomp","Slimebound:ComboTackle","Slimebound:Schlurp"],"picked":"SKIP","floor":23},{"not_picked":["Slimebound:GoopSpray+1","Slimebound:Gluttony","Slimebound:RollThrough"],"picked":"SKIP","floor":25},{"not_picked":["Slimebound:SamplingLick","Slimebound:Grow","Slimebound:GoopTackle"],"picked":"SKIP","floor":26},{"not_picked":["Slimebound:SplitMire+1","Slimebound:SlimeSlap"],"picked":"Slimebound:GrowthPunch","floor":27},{"not_picked":["Slimebound:SlimeSpikes","Slimebound:SplitAcid"],"picked":"Slimebound:LeechEnergy+1","floor":27},{"not_picked":["Slimebound:SlimeSpikes","Slimebound:BestDefense","Slimebound:Prepare"],"picked":"SKIP","floor":28},{"not_picked":["Slimebound:Equalize","Slimebound:GoopSpray","Slimebound:ItLooksTasty"],"picked":"SKIP","floor":28},{"not_picked":["Slimebound:ForwardTackle","Slimebound:Repurpose"],"picked":"Slimebound:GrowthPunch","floor":32},{"not_picked":["Slimebound:LeechEnergy","Slimebound:Schlurp","Slimebound:Equalize+1"],"picked":"SKIP","floor":32},{"not_picked":["Slimebound:GoopSpray","Slimebound:PressTheAttack"],"picked":"Slimebound:SlimeSpikes","floor":36},{"not_picked":["Slimebound:SplitAcid","Slimebound:DisruptingSlam","Slimebound:Nibble"],"picked":"SKIP","floor":36},{"not_picked":["Slimebound:FinishingTackle","Slimebound:SlimeBrawl+1"],"picked":"Slimebound:LevelUp","floor":43},{"not_picked":["Slimebound:LivingWall","Slimebound:PressTheAttack+1","Slimebound:LeechLife"],"picked":"SKIP","floor":43},{"not_picked":["Slimebound:GoopSpray","Slimebound:ComboTackle","Slimebound:ViciousTackle"],"picked":"SKIP","floor":47},{"not_picked":["Slimebound:GrowthPunch+1","Slimebound:SplitMire+1","Slimebound:Nibble"],"picked":"SKIP","floor":47},{"not_picked":["Slimebound:ComboTackle","Slimebound:LeadByExample","Slimebound:SplitAcid+1"],"picked":"SKIP","floor":48},{"not_picked":["Slimebound:LeadByExample+1","Slimebound:FinishingTackle+1","Slimebound:LeechEnergy"],"picked":"SKIP","floor":48},{"not_picked":["Slimebound:SlimeSpikes+1","Slimebound:GrowthPunch","Slimebound:SplitLeeching+1"],"picked":"SKIP","floor":49},{"not_picked":["Slimebound:DisruptingSlam+1","Slimebound:OozeBath","Slimebound:LeechEnergy+1"],"picked":"SKIP","floor":49}],"player_experience":399710,"relics_obtained":[{"floor":5,"key":"Mercury Hourglass"},{"floor":7,"key":"Girya"},{"floor":24,"key":"Gambling Chip"},{"floor":26,"key":"Prayer Wheel"},{"floor":29,"key":"Nunchaku"},{"floor":37,"key":"Du-Vu Doll"},{"floor":41,"key":"Sundial"},{"floor":46,"key":"Unceasing Top"}],"event_choices":[{"damage_healed":0,"gold_gain":0,"player_choice":"Fight","damage_taken":0,"max_hp_gain":0,"max_hp_loss":0,"event_name":"Mysterious Sphere","floor":37,"gold_loss":0}],"is_beta":false,"boss_relics":[{"not_picked":["Snecko Eye","Calling Bell"],"picked":"Slimebound:AbsorbEndCombatUpgraded"},{"not_picked":["Fusion Hammer","Velvet Choker"],"picked":"SlaversCollar"}],"items_purged_floors":[2,23,25,30,39],"is_endless":false,"potions_floor_spawned":[5,13,14,15,16,22,28,32,33,47,48],"killed_by":"downfall:Silent","ascension_level":0}}