{"host":"icrrc9b69c1a6188","time":1608397278,"event":{"mods":["Act Like it!","BaseMod","Bestiary","Better Altar","Better Match","Better Note","Better Sensory Stone","Better Skull","Better Third Choice","Block Reminder","Colored Map","Colored Powertips","Curses Come First","Displayed Cursed Tome","Faster Ascension Climbing","HexUI Lib","Jorbs\u0027s Wanderer Trilogy","Minty Spire (QoL Compilation)","Quick Restart","RNG Fix","Random Character Mod","Rare Cards Sparkle","Spicy Shops","StSLib","Unceasing Turn Reminder"],"gold_per_floor":[212,229,229,229,279,279,279,298,298,298,399,399,399,34,34,34,34,34,34,34,34,34,34],"floor_reached":45,"playtime":1057,"items_purged":["stsjorbsmod:Strike_Cull"],"score":368,"play_id":"e59aeac3-bcaa-4e25-ad10-c2a274fb4294","local_time":"20201219110118","is_ascension_mode":false,"campfire_choices":[{"data":"stsjorbsmod:CULLCard","floor":7,"key":"SMITH"},{"data":"stsjorbsmod:Wail","floor":8,"key":"SMITH"},{"data":"stsjorbsmod:SpiritShield_Cull","floor":10,"key":"SMITH"},{"data":"stsjorbsmod:Poultergeist","floor":11,"key":"SMITH"},{"data":"stsjorbsmod:GatheringEvil","floor":15,"key":"SMITH"},{"data":"stsjorbsmod:DrainLife","floor":28,"key":"SMITH"},{"data":"stsjorbsmod:Apparition_Cull","floor":34,"key":"SMITH"}],"circlet_count":0,"master_deck":["stsjorbsmod:CULLCard+1","stsjorbsmod:Apparition_Cull+1","stsjorbsmod:Strike_Cull","stsjorbsmod:Strike_Cull","stsjorbsmod:Paralysis","stsjorbsmod:SpiritShield_Cull+1","stsjorbsmod:Exhale","stsjorbsmod:Withering","stsjorbsmod:Poultergeist+1","stsjorbsmod:Wail+1","stsjorbsmod:GatheringEvil+1","stsjorbsmod:PollutedStrike","stsjorbsmod:DrainLife+1","stsjorbsmod:Shake","stsjorbsmod:Rebuke","stsjorbsmod:Strife","stsjorbsmod:Brooding+1"],"relics":["Sozu","Smiling Mask","Ectoplasm","FossilizedHelix","Blue Candle","Strawberry","Boot"],"acts_visited":["Exordium","TheCity"],"potions_floor_usage":[],"damage_taken":[{"damage":1,"enemies":"Cultist","floor":1,"turns":3},{"damage":1,"enemies":"Small Slimes","floor":4,"turns":2},{"damage":0,"enemies":"Jaw Worm","floor":12,"turns":1},{"damage":19,"enemies":"The Guardian","floor":16,"turns":6},{"damage":3,"enemies":"Spheric Guardian","floor":23,"turns":4},{"damage":3,"enemies":"Slavers","floor":29,"turns":4},{"damage":1,"enemies":"Gremlin Leader","floor":35,"turns":3},{"damage":20,"enemies":"Book of Stabbing","floor":38,"turns":6},{"damage":29,"enemies":"Champ","floor":45,"turns":6}],"seed_played":"1312097501830375344","potions_obtained":[],"is_trial":false,"path_per_floor":["M","M","R","R","T","R","R","M","?","R","B",null,"M","$","R","E","T","R","E","E","R","B"],"character_chosen":"CULL","items_purchased":["FossilizedHelix"],"campfire_rested":0,"item_purchase_floors":[27],"current_hp_per_floor":[67,65,65,65,65,65,65,65,65,65,45,51,45,45,45,39,39,39,44,20,30,0,0],"gold":34,"neow_bonus":"BOSS_RELIC","is_daily":false,"chose_seed":false,"campfire_upgraded":7,"win_rate":0.0,"timestamp":1608397278,"path_taken":["M","?","R","R","T","R","R","M","?","R","BOSS","M","$","R","E","T","R","E","E","R","BOSS"],"items_purchased_type":["Relic"],"build_version":"2020-12-13","purchased_purges":1,"victory":false,"max_hp_per_floor":[67,65,65,65,65,65,65,65,65,65,51,51,45,45,45,40,40,40,44,25,30,19,19],"card_choices":[{"not_picked":["stsjorbsmod:Miracle_Cull","stsjorbsmod:Siphon"],"picked":"stsjorbsmod:Poultergeist","floor":1},{"not_picked":["stsjorbsmod:Commune","stsjorbsmod:FalseBlessings"],"picked":"stsjorbsmod:Wail","floor":4},{"not_picked":["stsjorbsmod:Coda","stsjorbsmod:Panic"],"picked":"stsjorbsmod:GatheringEvil","floor":12},{"not_picked":["stsjorbsmod:Sentinel_Cull","stsjorbsmod:ReapAndSow"],"picked":"stsjorbsmod:DrainLife","floor":16},{"not_picked":["stsjorbsmod:Toll","stsjorbsmod:FindWeakness"],"picked":"stsjorbsmod:Shake","floor":23},{"not_picked":["stsjorbsmod:Damnation","stsjorbsmod:Toll"],"picked":"stsjorbsmod:Rebuke","floor":29},{"not_picked":["stsjorbsmod:Accumulation","stsjorbsmod:Cyclone"],"picked":"stsjorbsmod:Strife","floor":35},{"not_picked":["stsjorbsmod:Double","stsjorbsmod:Phantasm"],"picked":"stsjorbsmod:Brooding+1","floor":38}],"player_experience":701105,"relics_obtained":[{"floor":9,"key":"Smiling Mask"},{"floor":29,"key":"Blue Candle"},{"floor":35,"key":"Strawberry"},{"floor":38,"key":"Boot"}],"event_choices":[{"damage_healed":0,"gold_gain":0,"cards_transformed":["stsjorbsmod:Strike_Cull"],"player_choice":"Transformed","damage_taken":0,"max_hp_gain":0,"max_hp_loss":0,"event_name":"Transmorgrifier","floor":13,"gold_loss":0,"cards_obtained":["stsjorbsmod:PollutedStrike"]}],"is_beta":false,"boss_relics":[{"not_picked":["Calling Bell","Astrolabe"],"picked":"Ectoplasm"}],"items_purged_floors":[27],"is_endless":false,"potions_floor_spawned":[4,16,23,29],"killed_by":"Champ","ascension_level":0}}