{"host":"aa0sjkbwxfqg4wg0","time":1608351425,"event":{"mods":["AchievementEnabler","BaseMod","Downfall","Minty Spire (QoL Compilation)","Shop Mod","StSLib","The Cursed","The Hierophant","The Servant 0.9.4"],"gold_per_floor":[110,110,110,110,125,156,169,169,195,221,72,72,96,122,122,217,217,229,80,710,722,736,736,736,758,784,797,643,683,387,387,387,492,519,545,545,545,545,570,570,599,488,534,576,589,184,219,245,245,347,397,418,418,8,49,77,103,103,134,184,212,212,250,250,268,268,368,368,386,141,152,152,152,152,178,178,208,235,235,261,361,392,392,495,495,515,526,526,205,51,51,80,80,112,144,144,144,144,178,178,283,283,297,148,205,205,220,220,252,252,285,131,158,158,173,193,193,297,297,315,341,341,354,211,246,101,127,158,158,193,219,248,42,42,140,140,156,156,165,190,222,256,289,317,348,383,413,431,457,125,125,221,221,237,237,237,252,285,319,345,371,401,433,458,30,63,94,94,190,190,190],"floor_reached":170,"playtime":7856,"items_purged":["Infernal Blade"],"score":6943,"play_id":"c8063248-5f05-451b-9b62-eb965dbb6dd7","local_time":"20201219051705","daily_mods":["Draft","Heirloom","Flight","DeadlyEvents","Elite Swarm","Lethality"],"is_ascension_mode":true,"campfire_choices":[{"data":"Infernal Blade","floor":12.0,"key":"SMITH"},{"data":"Intimidate","floor":15.0,"key":"SMITH"},{"floor":23.0,"key":"REST"},{"floor":24.0,"key":"REST"},{"data":"Limit Break","floor":32.0,"key":"SMITH"},{"data":"Iron Wave","floor":40.0,"key":"SMITH"},{"data":"Rage","floor":49.0,"key":"SMITH"},{"data":"Twin Strike","floor":62.0,"key":"SMITH"},{"data":"Flex","floor":64.0,"key":"SMITH"},{"data":"Iron Wave","floor":66.0,"key":"SMITH"},{"data":"Pommel Strike","floor":74.0,"key":"SMITH"},{"data":"Iron Wave","floor":76.0,"key":"SMITH"},{"data":"Perfected Strike","floor":83.0,"key":"SMITH"},{"data":"Infernal Blade","floor":91.0,"key":"SMITH"},{"data":"Pommel Strike","floor":96.0,"key":"SMITH"},{"data":"Rage","floor":97.0,"key":"SMITH"},{"data":"Barricade","floor":98.0,"key":"SMITH"},{"data":"Cleave","floor":100.0,"key":"SMITH"},{"data":"Iron Wave","floor":108.0,"key":"SMITH"},{"data":"Offering","floor":110.0,"key":"SMITH"},{"data":"Limit Break","floor":114.0,"key":"SMITH"},{"data":"Offering","floor":117.0,"key":"SMITH"},{"floor":129.0,"key":"REST"},{"floor":134.0,"key":"REST"},{"floor":151.0,"key":"REST"},{"floor":168.0,"key":"DIG"}],"circlet_count":0,"master_deck":["Iron Wave+1","Rage+1","Intimidate+1","Twin Strike+1","Flex+1","Iron Wave+1","Pommel Strike+1","Iron Wave+1","Perfected Strike+1","Pommel Strike+1","Infernal Blade+1","Searing Blow+1","Body Slam+1","Anger+1","Rage+1","Iron Wave+1","Limit Break+1","Barricade+1","Entrench+1","Immolate+1","Flex+1","Entrench+1","Havoc+1","Cleave+1","Pommel Strike+1","Iron Wave+1","Offering+1","Pommel Strike+1","Intimidate+1","Limit Break+1","Barricade+1","Thunderclap+1","Infernal Blade+1","Offering+1","Reaper"],"relics":["Burning Blood","CaptainsWheel","Happy Flower","Bag of Marbles","CeramicFish","Blood Vial","Philosopher\u0027s Stone","Sling","Omamori","Akabeko","Pen Nib","PreservedInsect","ClockworkSouvenir","Astrolabe","Dream Catcher","Orrery","Toy Ornithopter","Calipers","Frozen Egg 2","Lee\u0027s Waffle","Tiny Chest","Tiny House","Bag of Preparation","Pear","War Paint","Busted Crown","HornCleat","WarpedTongs","TungstenRod","Singing Bowl","SlaversCollar","Sundial","Whetstone","SacredBark","HandDrill","Torii","Lantern","Fusion Hammer","Potion Belt","Cauldron","Brimstone","Black Star","Bottled Lightning","Runic Dome","Membership Card","Shovel","Blue Candle","Mummified Hand"],"acts_visited":[],"potions_floor_usage":[],"damage_taken":[{"damage":0.0,"enemies":"2 Louse","floor":1.0,"turns":2.0},{"damage":4.0,"enemies":"Small Slimes","floor":5.0,"turns":3.0},{"damage":9.0,"enemies":"Lagavulin","floor":6.0,"turns":3.0},{"damage":0.0,"enemies":"Cultist","floor":7.0,"turns":3.0},{"damage":12.0,"enemies":"3 Sentries","floor":10.0,"turns":4.0},{"damage":0.0,"enemies":"Looter","floor":13.0,"turns":1.0},{"damage":0.0,"enemies":"Exordium Thugs","floor":14.0,"turns":1.0},{"damage":21.0,"enemies":"The Guardian","floor":16.0,"turns":4.0},{"damage":0.0,"enemies":"Spheric Guardian","floor":18.0,"turns":2.0},{"damage":15.0,"enemies":"2 Thieves","floor":21.0,"turns":3.0},{"damage":5.0,"enemies":"Centurion and Healer","floor":22.0,"turns":5.0},{"damage":4.0,"enemies":"Snecko","floor":25.0,"turns":3.0},{"damage":14.0,"enemies":"Cultist and Chosen","floor":27.0,"turns":4.0},{"damage":23.0,"enemies":"Book of Stabbing","floor":29.0,"turns":3.0},{"damage":44.0,"enemies":"Automaton","floor":33.0,"turns":6.0},{"damage":44.0,"enemies":"3 Darklings","floor":35.0,"turns":3.0},{"damage":0.0,"enemies":"Nemesis","floor":39.0,"turns":1.0},{"damage":3.0,"enemies":"3 Shapes","floor":41.0,"turns":3.0},{"damage":0.0,"enemies":"Giant Head","floor":44.0,"turns":4.0},{"damage":6.0,"enemies":"Sphere and 2 Shapes","floor":45.0,"turns":3.0},{"damage":0.0,"enemies":"Reptomancer","floor":47.0,"turns":1.0},{"damage":6.0,"enemies":"Spire Growth","floor":48.0,"turns":2.0},{"damage":39.0,"enemies":"Awakened One","floor":50.0,"turns":6.0},{"damage":0.0,"enemies":"Jaw Worm","floor":52.0,"turns":2.0},{"damage":0.0,"enemies":"3 Sentries","floor":55.0,"turns":2.0},{"damage":0.0,"enemies":"Lagavulin","floor":56.0,"turns":2.0},{"damage":0.0,"enemies":"Gremlin Nob","floor":57.0,"turns":1.0},{"damage":0.0,"enemies":"Lagavulin","floor":59.0,"turns":1.0},{"damage":0.0,"enemies":"Gremlin Nob","floor":61.0,"turns":2.0},{"damage":0.0,"enemies":"Lagavulin","floor":63.0,"turns":2.0},{"damage":0.0,"enemies":"Small Slimes","floor":65.0,"turns":1.0},{"damage":6.0,"enemies":"Hexaghost","floor":67.0,"turns":2.0},{"damage":0.0,"enemies":"Spheric Guardian","floor":69.0,"turns":1.0},{"damage":6.0,"enemies":"3 Byrds","floor":71.0,"turns":1.0},{"damage":7.0,"enemies":"Slavers","floor":75.0,"turns":2.0},{"damage":0.0,"enemies":"Gremlin Leader","floor":77.0,"turns":2.0},{"damage":0.0,"enemies":"Slavers","floor":78.0,"turns":1.0},{"damage":6.0,"enemies":"Book of Stabbing","floor":80.0,"turns":2.0},{"damage":6.0,"enemies":"Colosseum Slavers","floor":81.0,"turns":1.0},{"damage":6.0,"enemies":"Colosseum Nobs","floor":81.0,"turns":1.0},{"damage":0.0,"enemies":"Slavers","floor":82.0,"turns":1.0},{"damage":28.0,"enemies":"Automaton","floor":84.0,"turns":5.0},{"damage":5.0,"enemies":"3 Darklings","floor":86.0,"turns":2.0},{"damage":0.0,"enemies":"3 Shapes","floor":87.0,"turns":2.0},{"damage":0.0,"enemies":"Nemesis","floor":92.0,"turns":1.0},{"damage":5.0,"enemies":"Giant Head","floor":94.0,"turns":2.0},{"damage":0.0,"enemies":"Nemesis","floor":95.0,"turns":1.0},{"damage":5.0,"enemies":"Reptomancer","floor":99.0,"turns":2.0},{"damage":14.0,"enemies":"Donu and Deca","floor":101.0,"turns":4.0},{"damage":0.0,"enemies":"Jaw Worm","floor":103.0,"turns":1.0},{"damage":5.0,"enemies":"3 Sentries","floor":105.0,"turns":1.0},{"damage":0.0,"enemies":"Small Slimes","floor":107.0,"turns":1.0},{"damage":0.0,"enemies":"Lagavulin","floor":109.0,"turns":1.0},{"damage":0.0,"enemies":"3 Sentries","floor":111.0,"turns":1.0},{"damage":0.0,"enemies":"Lagavulin","floor":113.0,"turns":1.0},{"damage":0.0,"enemies":"Cultist","floor":115.0,"turns":1.0},{"damage":0.0,"enemies":"Looter","floor":116.0,"turns":1.0},{"damage":5.0,"enemies":"Hexaghost","floor":118.0,"turns":2.0},{"damage":0.0,"enemies":"Chosen","floor":120.0,"turns":1.0},{"damage":0.0,"enemies":"Gremlin Leader","floor":121.0,"turns":1.0},{"damage":0.0,"enemies":"3 Byrds","floor":123.0,"turns":3.0},{"damage":0.0,"enemies":"Slavers","floor":125.0,"turns":1.0},{"damage":24.0,"enemies":"Book of Stabbing","floor":127.0,"turns":2.0},{"damage":5.0,"enemies":"Gremlin Leader","floor":128.0,"turns":2.0},{"damage":5.0,"enemies":"Book of Stabbing","floor":130.0,"turns":1.0},{"damage":0.0,"enemies":"Slavers","floor":131.0,"turns":1.0},{"damage":0.0,"enemies":"Book of Stabbing","floor":132.0,"turns":1.0},{"damage":24.0,"enemies":"Automaton","floor":135.0,"turns":4.0},{"damage":9.0,"enemies":"Orb Walker","floor":137.0,"turns":2.0},{"damage":5.0,"enemies":"Giant Head","floor":140.0,"turns":2.0},{"damage":5.0,"enemies":"Nemesis","floor":141.0,"turns":1.0},{"damage":10.0,"enemies":"Reptomancer","floor":142.0,"turns":1.0},{"damage":10.0,"enemies":"Giant Head","floor":143.0,"turns":2.0},{"damage":5.0,"enemies":"Nemesis","floor":144.0,"turns":3.0},{"damage":0.0,"enemies":"Reptomancer","floor":145.0,"turns":2.0},{"damage":9.0,"enemies":"Giant Head","floor":146.0,"turns":3.0},{"damage":10.0,"enemies":"Reptomancer","floor":147.0,"turns":1.0},{"damage":0.0,"enemies":"3 Darklings","floor":148.0,"turns":2.0},{"damage":0.0,"enemies":"Giant Head","floor":149.0,"turns":2.0},{"damage":110.0,"enemies":"Time Eater","floor":152.0,"turns":6.0},{"damage":0.0,"enemies":"Small Slimes","floor":154.0,"turns":1.0},{"damage":10.0,"enemies":"Cultist","floor":157.0,"turns":1.0},{"damage":0.0,"enemies":"Gremlin Nob","floor":158.0,"turns":1.0},{"damage":0.0,"enemies":"Lagavulin","floor":159.0,"turns":1.0},{"damage":0.0,"enemies":"Gremlin Nob","floor":160.0,"turns":1.0},{"damage":2.0,"enemies":"3 Sentries","floor":161.0,"turns":2.0},{"damage":0.0,"enemies":"Lagavulin","floor":162.0,"turns":2.0},{"damage":2.0,"enemies":"Gremlin Nob","floor":163.0,"turns":1.0},{"damage":0.0,"enemies":"Lagavulin","floor":164.0,"turns":1.0},{"damage":0.0,"enemies":"3 Sentries","floor":166.0,"turns":2.0},{"damage":0.0,"enemies":"Gremlin Nob","floor":167.0,"turns":1.0},{"damage":171.0,"enemies":"Hexaghost","floor":169.0,"turns":3.0}],"seed_played":"732798361481663669","potions_obtained":[{"floor":6.0,"key":"Dexterity Potion"},{"floor":7.0,"key":"ColorlessPotion"},{"floor":10.0,"key":"SkillPotion"},{"floor":14.0,"key":"AttackPotion"},{"floor":22.0,"key":"Fruit Juice"},{"floor":27.0,"key":"SpeedPotion"},{"floor":29.0,"key":"Energy Potion"},{"floor":41.0,"key":"Explosive Potion"},{"floor":44.0,"key":"PowerPotion"},{"floor":45.0,"key":"GamblersBrew"},{"floor":48.0,"key":"EntropicBrew"},{"floor":50.0,"key":"SkillPotion"},{"floor":51.0,"key":"DistilledChaos"},{"floor":56.0,"key":"Block Potion"},{"floor":59.0,"key":"ElixirPotion"},{"floor":67.0,"key":"LiquidBronze"},{"floor":71.0,"key":"LiquidBronze"},{"floor":77.0,"key":"SkillPotion"},{"floor":81.0,"key":"Dexterity Potion"},{"floor":84.0,"key":"GamblersBrew"},{"floor":87.0,"key":"Ancient Potion"},{"floor":99.0,"key":"Explosive Potion"},{"floor":101.0,"key":"LiquidBronze"},{"floor":103.0,"key":"Swift Potion"},{"floor":105.0,"key":"Energy Potion"},{"floor":115.0,"key":"Swift Potion"},{"floor":116.0,"key":"DistilledChaos"},{"floor":126.0,"key":"SkillPotion"},{"floor":126.0,"key":"SpeedPotion"},{"floor":126.0,"key":"EssenceOfSteel"},{"floor":126.0,"key":"SpeedPotion"},{"floor":127.0,"key":"Fire Potion"},{"floor":135.0,"key":"LiquidMemories"},{"floor":141.0,"key":"Weak Potion"},{"floor":142.0,"key":"Regen Potion"},{"floor":143.0,"key":"AttackPotion"},{"floor":145.0,"key":"FearPotion"},{"floor":148.0,"key":"PowerPotion"},{"floor":154.0,"key":"Dexterity Potion"},{"floor":160.0,"key":"DistilledChaos"},{"floor":162.0,"key":"Explosive Potion"},{"floor":164.0,"key":"ColorlessPotion"},{"floor":169.0,"key":"ElixirPotion"}],"is_trial":true,"path_per_floor":["M","?","$","?","M","E","M","$","T","E","$","R","M","M","R","B",null,"M","$","?","M","M","R","R","M","T","M","$","E","$","?","R","B",null,"M","?","?","$","E","R","M","$","T","E","M","$","E","M","R","B",null,"M","?","$","E","E","E","$","E","T","E","R","E","R","M","R","B",null,"M","$","M","$","$","R","E","R","E","E","?","E","?","E","R","B",null,"M","M","?","$","$","R","E","$","E","E","R","R","R","E","R","B",null,"M","$","?","$","M","R","E","R","E","$","E","R","M","M","R","B",null,"M","E","?","M","$","E","$","E","E","R","E","E","E","$","R","B",null,"M","$","?","E","E","E","E","E","E","E","E","M","E","$","R","B",null,"M","?","$","M","E","E","E","E","E","E","E","$","E","E","R","B",null],"character_chosen":"IRONCLAD","items_purchased":["Blood Vial","Sling","Akabeko","PreservedInsect","ClockworkSouvenir","Orrery","Frozen Egg 2","Lee\u0027s Waffle","Bag of Preparation","Pear","HornCleat","Sundial","Infernal Blade","Whetstone","HandDrill","Lantern","Potion Belt","Cauldron","Brimstone","Infernal Blade","Bottled Lightning","Membership Card","Shovel","Blue Candle"],"campfire_rested":5,"item_purchase_floors":[11,19,28,30,30,42,46,46,54,54,70,89,89,90,104,112,124,126,133,133,150,165,165,165],"current_hp_per_floor":[80,85,85,85,85,82,85,85,85,79,79,79,85,85,85,70,85,85,85,16,9,12,37,62,71,71,65,65,50,50,80,80,44,90,52,52,57,57,65,65,70,70,70,83,90,97,97,97,97,69,102,102,102,112,112,112,112,112,112,112,112,112,112,112,112,112,112,112,112,112,112,112,112,112,111,111,112,112,112,112,114,116,116,96,118,118,120,120,120,120,120,122,122,124,126,126,126,126,128,128,125,128,130,130,132,132,134,134,136,136,138,138,140,140,142,144,144,146,146,148,150,150,152,152,154,154,138,143,160,162,164,166,166,168,152,170,169,169,169,174,176,174,174,182,184,183,183,190,192,192,194,129,196,196,196,196,189,193,196,196,196,196,196,196,196,196,196,196,28,28,28],"gold":190,"neow_bonus":"","is_daily":false,"chose_seed":true,"campfire_upgraded":20,"win_rate":0.0,"timestamp":1608351425,"path_taken":["M","?","$","?","M","E","M","$","T","?","$","R","M","M","R","BOSS","M","$","?","?","M","R","R","M","T","M","$","?","$","?","R","BOSS","M","?","?","$","?","R","?","$","T","E","M","$","E","?","R","BOSS","M","?","?","?","?","E","?","E","T","E","R","E","R","?","R","BOSS","M","$","M","$","$","R","E","R","E","?","?","?","?","?","R","BOSS","M","M","?","$","$","R","?","?","E","?","R","R","R","E","R","BOSS","M","$","?","$","?","R","E","R","E","$","E","R","?","M","R","BOSS","M","?","?","?","$","E","$","?","E","R","E","?","E","?","R","BOSS","M","$","?","?","?","E","?","E","E","?","E","?","?","$","R","BOSS","M","?","$","?","?","E","E","E","E","?","E","$","?","?","R","BOSS"],"items_purchased_type":["Relic","Relic","Relic","Relic","Relic","Relic","Relic","Relic","Relic","Relic","Relic","Relic","Card","Relic","Relic","Relic","Relic","Relic","Relic","Card","Relic","Relic","Relic","Relic"],"build_version":"2020-12-13","purchased_purges":1,"victory":false,"max_hp_per_floor":[80,85,85,85,85,85,85,85,85,85,85,85,85,85,85,85,85,85,85,85,85,85,85,85,90,90,90,90,90,90,90,90,90,90,90,90,90,90,90,90,90,90,90,90,90,97,97,97,97,97,102,102,102,112,112,112,112,112,112,112,112,112,112,112,112,112,112,112,112,112,112,112,112,112,112,112,112,112,112,112,114,116,116,118,118,118,120,120,120,120,120,122,122,124,126,126,126,126,128,128,128,128,130,130,132,132,134,134,136,136,138,138,140,140,142,144,144,146,146,148,150,150,152,152,154,154,156,158,160,162,164,166,166,168,170,170,172,172,172,174,176,178,180,182,184,186,188,190,192,192,194,196,196,196,196,196,196,196,196,196,196,196,196,196,196,196,196,196,196,196,196],"card_choices":[{"not_picked":["Clash","Pommel Strike"],"picked":"Iron Wave","floor":0.0},{"not_picked":["Evolve","Battle Trance"],"picked":"Rage","floor":0.0},{"not_picked":["Battle Trance","Anger"],"picked":"Intimidate","floor":0.0},{"not_picked":["Carnage","Warcry"],"picked":"Twin Strike","floor":0.0},{"not_picked":["Combust","Sword Boomerang"],"picked":"Flex","floor":0.0},{"not_picked":["True Grit","Carnage"],"picked":"Iron Wave","floor":0.0},{"not_picked":["Warcry","Carnage"],"picked":"Pommel Strike","floor":0.0},{"not_picked":["Clash","Combust"],"picked":"Iron Wave","floor":0.0},{"not_picked":["Havoc","Headbutt"],"picked":"Body Slam","floor":0.0},{"not_picked":["Sword Boomerang","Sever Soul"],"picked":"Metallicize","floor":0.0},{"not_picked":["Armaments","Havoc"],"picked":"Body Slam","floor":0.0},{"not_picked":["Metallicize","Havoc"],"picked":"Perfected Strike","floor":0.0},{"not_picked":["Dropkick","Warcry"],"picked":"Pommel Strike","floor":0.0},{"not_picked":["True Grit","Blood for Blood"],"picked":"Infernal Blade","floor":0.0},{"not_picked":["Flame Barrier","Twin Strike"],"picked":"Searing Blow","floor":0.0},{"not_picked":["Thunderclap","Shrug It Off","Rampage"],"picked":"SKIP","floor":1.0},{"not_picked":["Rupture","Combust","Body Slam"],"picked":"SKIP","floor":5.0},{"not_picked":["Bludgeon","Demon Form","Fiend Fire"],"picked":"SKIP","floor":6.0},{"not_picked":["Bloodletting","Body Slam","Clash"],"picked":"SKIP","floor":7.0},{"not_picked":["Fiend Fire","Reaper","Corruption"],"picked":"SKIP","floor":10.0},{"not_picked":["Heavy Blade","Flex"],"picked":"Anger","floor":13.0},{"not_picked":["Reckless Charge","Uppercut"],"picked":"Rage","floor":14.0},{"not_picked":["Fire Breathing","Thunderclap","Sever Soul+1"],"picked":"SKIP","floor":18.0},{"not_picked":["Pummel+1","Evolve","Blood for Blood"],"picked":"SKIP","floor":21.0},{"not_picked":["Evolve","Clash+1","Searing Blow"],"picked":"SKIP","floor":22.0},{"not_picked":["Shrug It Off","Heavy Blade"],"picked":"Iron Wave+1","floor":25.0},{"not_picked":["Iron Wave","Pummel","Heavy Blade"],"picked":"SKIP","floor":27.0},{"not_picked":["Impervious","Offering"],"picked":"Limit Break","floor":29.0},{"not_picked":["Limit Break","Reaper"],"picked":"Barricade","floor":33.0},{"not_picked":["Heavy Blade","Havoc+1"],"picked":"Flex+1","floor":35.0},{"not_picked":["Brutality","Barricade","Exhume"],"picked":"SKIP","floor":39.0},{"not_picked":["Rupture","Havoc+1"],"picked":"Entrench+1","floor":41.0},{"not_picked":["Headbutt","True Grit"],"picked":"Havoc+1","floor":42.0},{"not_picked":["Flame Barrier+1","Heavy Blade"],"picked":"Cleave","floor":42.0},{"not_picked":["Wild Strike+1","Clothesline"],"picked":"Pommel Strike+1","floor":42.0},{"not_picked":["Warcry","Blood for Blood+1"],"picked":"Iron Wave","floor":42.0},{"not_picked":["Bludgeon","Sword Boomerang"],"picked":"Spot Weakness","floor":42.0},{"not_picked":["Brutality","Corruption"],"picked":"Offering","floor":44.0},{"not_picked":["True Grit+1","Dropkick+1","Reckless Charge"],"picked":"SKIP","floor":45.0},{"not_picked":["Bludgeon","Reaper","Demon Form+1"],"picked":"SKIP","floor":47.0},{"not_picked":["Armaments+1","Feel No Pain+1"],"picked":"Pommel Strike+1","floor":48.0},{"not_picked":["Shrug It Off","Sword Boomerang"],"picked":"Intimidate","floor":52.0},{"not_picked":["Offering","Juggernaut+1"],"picked":"Limit Break","floor":55.0},{"not_picked":["Double Tap","Exhume","Reaper"],"picked":"SKIP","floor":56.0},{"not_picked":["Bludgeon","Corruption+1","Fiend Fire"],"picked":"SKIP","floor":57.0},{"not_picked":["Juggernaut+1","Berserk+1","Limit Break"],"picked":"SKIP","floor":59.0},{"not_picked":["Corruption+1","Exhume","Double Tap"],"picked":"SKIP","floor":61.0},{"not_picked":["Berserk+1","Limit Break"],"picked":"Barricade+1","floor":63.0},{"not_picked":["Twin Strike","Sword Boomerang","Shrug It Off"],"picked":"SKIP","floor":65.0},{"not_picked":["Warcry"],"picked":"SKIP","floor":69.0},{"not_picked":["True Grit"],"picked":"SKIP","floor":71.0},{"not_picked":["Impervious"],"picked":"SKIP","floor":75.0},{"not_picked":["Barricade+1"],"picked":"SKIP","floor":77.0},{"not_picked":["Exhume"],"picked":"SKIP","floor":78.0},{"not_picked":["Double Tap"],"picked":"SKIP","floor":80.0},{"not_picked":["Cleave"],"picked":"Singing Bowl","floor":81.0},{"not_picked":["Impervious"],"picked":"Singing Bowl","floor":82.0},{"not_picked":["Reaper"],"picked":"Singing Bowl","floor":84.0},{"not_picked":[],"picked":"Thunderclap","floor":86.0},{"not_picked":["Clash"],"picked":"Singing Bowl","floor":87.0},{"not_picked":["Impervious"],"picked":"Singing Bowl","floor":92.0},{"not_picked":["Limit Break"],"picked":"Singing Bowl","floor":94.0},{"not_picked":["Double Tap"],"picked":"Singing Bowl","floor":95.0},{"not_picked":["Berserk+1"],"picked":"Singing Bowl","floor":99.0},{"not_picked":[],"picked":"Offering","floor":101.0},{"not_picked":["Twin Strike"],"picked":"Singing Bowl","floor":103.0},{"not_picked":["Spot Weakness"],"picked":"Singing Bowl","floor":105.0},{"not_picked":["True Grit"],"picked":"Singing Bowl","floor":107.0},{"not_picked":["Reaper"],"picked":"Singing Bowl","floor":109.0},{"not_picked":["Reaper"],"picked":"Singing Bowl","floor":111.0},{"not_picked":["Limit Break"],"picked":"Singing Bowl","floor":113.0},{"not_picked":["Headbutt"],"picked":"Singing Bowl","floor":115.0},{"not_picked":["Sword Boomerang"],"picked":"Singing Bowl","floor":116.0},{"not_picked":["Fiend Fire"],"picked":"Singing Bowl","floor":118.0},{"not_picked":["Armaments"],"picked":"Singing Bowl","floor":120.0},{"not_picked":["Double Tap"],"picked":"Singing Bowl","floor":121.0},{"not_picked":["Clash+1"],"picked":"Singing Bowl","floor":123.0},{"not_picked":["Berserk+1"],"picked":"Singing Bowl","floor":125.0},{"not_picked":["Offering"],"picked":"Singing Bowl","floor":127.0},{"not_picked":["Immolate"],"picked":"Singing Bowl","floor":128.0},{"not_picked":["Rage"],"picked":"Singing Bowl","floor":129.0},{"not_picked":["Brutality+1"],"picked":"Singing Bowl","floor":130.0},{"not_picked":["Bludgeon"],"picked":"Singing Bowl","floor":131.0},{"not_picked":["Brutality+1"],"picked":"Singing Bowl","floor":132.0},{"not_picked":["Twin Strike+1"],"picked":"Singing Bowl","floor":134.0},{"not_picked":["Berserk+1"],"picked":"Singing Bowl","floor":135.0},{"not_picked":["Ghostly Armor+1"],"picked":"Singing Bowl","floor":137.0},{"not_picked":["Juggernaut+1"],"picked":"Singing Bowl","floor":140.0},{"not_picked":["Berserk+1"],"picked":"Singing Bowl","floor":141.0},{"not_picked":["Demon Form+1"],"picked":"Singing Bowl","floor":142.0},{"not_picked":["Barricade+1"],"picked":"Singing Bowl","floor":143.0},{"not_picked":["Berserk+1"],"picked":"Singing Bowl","floor":144.0},{"not_picked":["Limit Break"],"picked":"Singing Bowl","floor":145.0},{"not_picked":["Immolate"],"picked":"Singing Bowl","floor":146.0},{"not_picked":["Reaper"],"picked":"Singing Bowl","floor":147.0},{"not_picked":["Wild Strike+1"],"picked":"Singing Bowl","floor":148.0},{"not_picked":["Immolate"],"picked":"Singing Bowl","floor":149.0},{"not_picked":["Havoc+1"],"picked":"Singing Bowl","floor":151.0},{"not_picked":["Reaper"],"picked":"Singing Bowl","floor":152.0},{"not_picked":["Sword Boomerang"],"picked":"Singing Bowl","floor":154.0},{"not_picked":["Perfected Strike"],"picked":"Singing Bowl","floor":157.0},{"not_picked":["Barricade+1"],"picked":"Singing Bowl","floor":158.0},{"not_picked":["Berserk+1"],"picked":"Singing Bowl","floor":159.0},{"not_picked":["Double Tap"],"picked":"Singing Bowl","floor":160.0},{"not_picked":["Reaper"],"picked":"Singing Bowl","floor":161.0},{"not_picked":["Berserk+1"],"picked":"Singing Bowl","floor":162.0},{"not_picked":["Impervious"],"picked":"Singing Bowl","floor":163.0},{"not_picked":["Berserk+1"],"picked":"Singing Bowl","floor":164.0},{"not_picked":["Berserk+1"],"picked":"Singing Bowl","floor":166.0},{"not_picked":["Immolate"],"picked":"Singing Bowl","floor":167.0},{"not_picked":["Reaper"],"picked":"Singing Bowl","floor":169.0}],"player_experience":53196,"relics_obtained":[{"floor":6.0,"key":"Happy Flower"},{"floor":9.0,"key":"Bag of Marbles"},{"floor":10.0,"key":"CeramicFish"},{"floor":26.0,"key":"Omamori"},{"floor":29.0,"key":"Pen Nib"},{"floor":39.0,"key":"Dream Catcher"},{"floor":43.0,"key":"Toy Ornithopter"},{"floor":44.0,"key":"Calipers"},{"floor":47.0,"key":"Tiny Chest"},{"floor":60.0,"key":"War Paint"},{"floor":81.0,"key":"TungstenRod"},{"floor":81.0,"key":"Singing Bowl"},{"floor":105.0,"key":"Torii"},{"floor":168.0,"key":"Mummified Hand"}],"event_choices":[{"damage_healed":0.0,"max_hp_gain":5.0,"max_hp_loss":0.0,"gold_gain":0.0,"event_name":"Big Fish","player_choice":"Donut","floor":2.0,"gold_loss":0.0,"damage_taken":0.0},{"damage_healed":0.0,"max_hp_gain":0.0,"max_hp_loss":0.0,"gold_gain":0.0,"event_name":"Match and Keep!","player_choice":"2 cards matched","floor":4.0,"gold_loss":0.0,"damage_taken":0.0,"cards_obtained":["Rupture","Body Slam"]},{"damage_healed":0.0,"max_hp_gain":0.0,"max_hp_loss":0.0,"gold_gain":630.0,"event_name":"Knowing Skull","player_choice":"GOLD GOLD GOLD GOLD GOLD GOLD GOLD ","floor":20.0,"potions_obtained":[],"gold_loss":0.0,"damage_taken":69.0,"cards_obtained":[]},{"damage_healed":30.0,"max_hp_gain":0.0,"max_hp_loss":0.0,"gold_gain":0.0,"event_name":"The Library","player_choice":"Heal","floor":31.0,"gold_loss":0.0,"damage_taken":0.0},{"cards_removed":["Metallicize"],"damage_healed":0.0,"max_hp_gain":0.0,"max_hp_loss":0.0,"gold_gain":0.0,"event_name":"Falling","player_choice":"Removed Power","floor":36.0,"gold_loss":0.0,"damage_taken":0.0},{"cards_removed":["Havoc"],"damage_healed":5.0,"max_hp_gain":0.0,"max_hp_loss":0.0,"gold_gain":0.0,"event_name":"Bonfire Elementals","player_choice":"Offered Common","floor":37.0,"gold_loss":0.0,"damage_taken":0.0},{"cards_removed":["Havoc"],"damage_healed":5.0,"max_hp_gain":0.0,"max_hp_loss":0.0,"gold_gain":0.0,"event_name":"Bonfire Elementals","player_choice":"Offered Special","floor":37.0,"gold_loss":0.0,"damage_taken":0.0},{"damage_healed":0.0,"max_hp_gain":0.0,"max_hp_loss":0.0,"gold_gain":0.0,"event_name":"The Cleric","player_choice":"Leave","floor":53.0,"gold_loss":0.0,"damage_taken":0.0},{"damage_healed":0.0,"max_hp_gain":0.0,"max_hp_loss":0.0,"gold_gain":0.0,"event_name":"Accursed Blacksmith","player_choice":"Rummage","floor":79.0,"gold_loss":0.0,"damage_taken":0.0,"relics_obtained":["WarpedTongs"],"cards_obtained":["Pain"]},{"damage_healed":0.0,"max_hp_gain":0.0,"max_hp_loss":0.0,"gold_gain":0.0,"event_name":"Colosseum","player_choice":"Fight","floor":81.0,"gold_loss":0.0,"damage_taken":0.0},{"damage_healed":0.0,"max_hp_gain":0.0,"max_hp_loss":0.0,"gold_gain":0.0,"event_name":"Colosseum","player_choice":"Fought Nobs","floor":81.0,"gold_loss":0.0,"damage_taken":0.0},{"damage_healed":0.0,"max_hp_gain":0.0,"max_hp_loss":0.0,"gold_gain":0.0,"event_name":"Upgrade Shrine","player_choice":"Upgraded","floor":88.0,"gold_loss":0.0,"damage_taken":0.0,"cards_upgraded":["Thunderclap"]},{"damage_healed":0.0,"max_hp_gain":0.0,"max_hp_loss":0.0,"gold_gain":30.0,"event_name":"Dead Adventurer","player_choice":"Searched \u00273\u0027 times","floor":105.0,"gold_loss":0.0,"damage_taken":0.0},{"damage_healed":0.0,"max_hp_gain":0.0,"max_hp_loss":0.0,"gold_gain":0.0,"event_name":"Back to Basics","player_choice":"Simplicity","floor":122.0,"gold_loss":0.0,"damage_taken":0.0,"cards_upgraded":[]},{"damage_healed":0.0,"max_hp_gain":0.0,"max_hp_loss":0.0,"gold_gain":0.0,"cards_transformed":["Spot Weakness"],"event_name":"Transmorgrifier","player_choice":"Transformed","floor":139.0,"gold_loss":0.0,"damage_taken":0.0,"cards_obtained":["Reaper"]},{"damage_healed":0.0,"max_hp_gain":0.0,"max_hp_loss":0.0,"gold_gain":0.0,"event_name":"The Cleric","player_choice":"Leave","floor":155.0,"gold_loss":0.0,"damage_taken":0.0}],"is_beta":false,"boss_relics":[{"not_picked":["Black Star","Mark of Pain"],"picked":"Philosopher\u0027s Stone"},{"not_picked":["Empty Cage","Velvet Choker"],"picked":"Astrolabe"},{"not_picked":["Snecko Eye","Cursed Key"],"picked":"Tiny House"},{"not_picked":["Runic Cube","Runic Pyramid"],"picked":"Busted Crown"},{"not_picked":["Empty Cage","Velvet Choker"],"picked":"SlaversCollar"},{"not_picked":["Cursed Key","Snecko Eye"],"picked":"SacredBark"},{"not_picked":["Coffee Dripper","Runic Pyramid"],"picked":"Fusion Hammer"},{"not_picked":["Runic Cube","Cursed Key"],"picked":"Black Star"},{"not_picked":["Snecko Eye","Velvet Choker"],"picked":"Runic Dome"}],"items_purged_floors":[150],"is_endless":true,"potions_floor_spawned":[6,7,10,14,22,27,29,41,44,45,48,50,55,56,59,63,67,71,77,81,81,84,87,99,101,103,105,115,116,127,131,135,141,142,143,145,148,154,160,162,164,169],"ascension_level":1}}