{"host":"61pxv8qo5t6mwz68","time":1608414873,"event":{"mods":["BaseMod","Block Reminder","Colored Map","Highlight Path","Minty Spire (QoL Compilation)","Permanent Neow"],"gold_per_floor":[117,132,148,148,161,186,186,218,244,258,287,153,153,169,169,264,264,276,45,63,63,63,63,91,107,107,127,156,156,156],"floor_reached":29,"playtime":1675,"items_purged":[],"score":351,"play_id":"d19390ea-a556-4e7c-b892-57cb3bb2994f","local_time":"20201219165433","is_ascension_mode":true,"campfire_choices":[{"data":"Bludgeon","floor":7,"key":"SMITH"},{"floor":13,"key":"REST"},{"floor":15,"key":"REST"},{"data":"Seeing Red","floor":23,"key":"SMITH"}],"circlet_count":0,"master_deck":["Strike_R","Strike_R","Strike_R","Strike_R","Strike_R","Defend_R","Bash","Bludgeon+1","Warcry","Clash","Inflame","Battle Trance","Seeing Red+1","Headbutt","Trip","Headbutt","Demon Form","Battle Trance+1","Carnage+1","Ghostly Armor+1","Warcry+1","Transmutation","Heavy Blade","Power Through","J.A.X.","Ghostly","Ghostly","Ghostly","Ghostly","Ghostly","Dual Wield+1","Warcry","Perfected Strike+1"],"relics":["Burning Blood","Ancient Tea Set","Centennial Puzzle","PreservedInsect","Blood Vial","Mummified Hand","Astrolabe","Vajra","InkBottle","Frozen Egg 2"],"acts_visited":["Exordium","TheCity"],"potions_floor_usage":[],"damage_taken":[{"damage":6,"enemies":"Jaw Worm","floor":1,"turns":2},{"damage":0,"enemies":"Small Slimes","floor":2,"turns":2},{"damage":6,"enemies":"Cultist","floor":3,"turns":3},{"damage":9,"enemies":"Exordium Wildlife","floor":5,"turns":3},{"damage":21,"enemies":"Lagavulin","floor":6,"turns":7},{"damage":27,"enemies":"Gremlin Nob","floor":8,"turns":4},{"damage":5,"enemies":"3 Louse","floor":10,"turns":5},{"damage":18,"enemies":"3 Sentries","floor":11,"turns":5},{"damage":10,"enemies":"Looter","floor":14,"turns":2},{"damage":51,"enemies":"The Guardian","floor":16,"turns":8},{"damage":30,"enemies":"2 Thieves","floor":18,"turns":3},{"damage":10,"enemies":"Shell Parasite","floor":20,"turns":2},{"damage":0,"enemies":"Gremlin Leader","floor":24,"turns":3},{"damage":34,"enemies":"Chosen and Byrds","floor":25,"turns":8},{"damage":3,"enemies":"3 Cultists","floor":27,"turns":4},{"damage":12,"enemies":"Book of Stabbing","floor":28,"turns":5},{"damage":17,"enemies":"Shelled Parasite and Fungi","floor":29,"turns":4}],"seed_played":"-8206114974302531321","potions_obtained":[{"floor":2,"key":"HeartOfIron"},{"floor":3,"key":"LiquidBronze"},{"floor":10,"key":"BloodPotion"},{"floor":11,"key":"ElixirPotion"}],"is_trial":false,"path_per_floor":["M","M","M","?","M","E","R","E","T","M","E","$","R","M","R","B",null,"M","$","M","?","?","R","E","M","T","M","E","M"],"character_chosen":"IRONCLAD","items_purchased":["Trip","Headbutt","Transmutation","Heavy Blade"],"campfire_rested":2,"item_purchase_floors":[12,12,19,19],"current_hp_per_floor":[80,80,80,73,70,55,55,34,34,37,27,27,51,49,73,30,80,56,56,54,54,40,40,40,12,12,17,13,0,0],"gold":156,"neow_bonus":"ONE_RANDOM_RARE_CARD","is_daily":false,"chose_seed":false,"campfire_upgraded":2,"win_rate":0.0,"timestamp":1608414873,"path_taken":["M","M","M","?","M","E","R","E","T","M","E","$","R","M","R","BOSS","M","$","M","?","?","R","E","M","T","M","E","M"],"items_purchased_type":["Card","Card","Card","Card"],"build_version":"2020-12-13","purchased_purges":0,"victory":false,"max_hp_per_floor":[80,80,80,80,80,80,80,80,80,80,80,80,80,80,80,80,80,80,80,80,80,40,40,40,40,40,40,40,40,40],"card_choices":[{"not_picked":["Iron Wave","Reckless Charge"],"picked":"Warcry","floor":1},{"not_picked":["Havoc","Blood for Blood","Iron Wave"],"picked":"SKIP","floor":2},{"not_picked":["Body Slam","Heavy Blade"],"picked":"Clash","floor":3},{"not_picked":["Reaper","Warcry"],"picked":"Inflame","floor":5},{"not_picked":["Burning Pact","Iron Wave"],"picked":"Battle Trance","floor":6},{"not_picked":["Clothesline","Metallicize","True Grit"],"picked":"SKIP","floor":8},{"not_picked":["Thunderclap","Headbutt"],"picked":"Seeing Red","floor":10},{"not_picked":["Whirlwind","Exhume"],"picked":"Headbutt","floor":11},{"not_picked":["Heavy Blade","Sword Boomerang","Iron Wave"],"picked":"SKIP","floor":14},{"not_picked":["Corruption","Feed"],"picked":"Demon Form","floor":16},{"not_picked":["Wild Strike","Body Slam"],"picked":"Warcry+1","floor":18},{"not_picked":["Dark Embrace+1","Sentinel"],"picked":"Power Through","floor":20},{"not_picked":["Entrench+1","Thunderclap+1"],"picked":"Dual Wield+1","floor":24},{"not_picked":["Carnage+1","Wild Strike"],"picked":"Warcry","floor":25},{"not_picked":["Whirlwind","Disarm"],"picked":"Perfected Strike+1","floor":27},{"not_picked":["Anger+1","Ghostly Armor","Wild Strike"],"picked":"SKIP","floor":28}],"player_experience":26869,"relics_obtained":[{"floor":6,"key":"Centennial Puzzle"},{"floor":8,"key":"PreservedInsect"},{"floor":9,"key":"Blood Vial"},{"floor":11,"key":"Mummified Hand"},{"floor":24,"key":"Vajra"},{"floor":26,"key":"InkBottle"},{"floor":28,"key":"Frozen Egg 2"}],"event_choices":[{"damage_healed":0,"gold_gain":0,"player_choice":"Success","damage_taken":7,"relics_obtained":["Ancient Tea Set"],"max_hp_gain":0,"max_hp_loss":0,"event_name":"Scrap Ooze","floor":4,"gold_loss":0},{"damage_healed":0,"gold_gain":0,"player_choice":"Obtain J.A.X.","damage_taken":0,"max_hp_gain":0,"max_hp_loss":0,"event_name":"Drug Dealer","floor":21,"gold_loss":0,"cards_obtained":["J.A.X."]},{"damage_healed":0,"gold_gain":0,"player_choice":"Became a Ghost","damage_taken":0,"max_hp_gain":0,"max_hp_loss":40,"event_name":"Ghosts","floor":22,"gold_loss":0,"cards_obtained":["Ghostly","Ghostly","Ghostly","Ghostly","Ghostly"]}],"is_beta":false,"boss_relics":[{"not_picked":["Snecko Eye","Empty Cage"],"picked":"Astrolabe"}],"items_purged_floors":[],"is_endless":false,"potions_floor_spawned":[2,3,10,11,18,20,25,27],"killed_by":"Shelled Parasite and Fungi","ascension_level":1}}