{"host":"f5gffvlv6a66yqkd","time":1608409124,"event":{"mods":["2.2 Compatiblity","BaseMod","Colored Map","DeckTracker","Keyboard Shortcuts","Minty Spire (QoL Compilation)","Permanent Neow","Quick Restart","Relic Stats","StSLib","SuperFastMode"],"gold_per_floor":[19,37,37,54,54,54,88,88,88,126,126,51,69,69,69,163,163,187,203,203,219,45,60,60,60,140,140,140,140],"floor_reached":28,"playtime":718,"items_purged":["Strike_G","Strike_G"],"score":502,"play_id":"6955c594-766f-472b-956c-a8e7db2243c3","local_time":"20201220051844","is_ascension_mode":true,"campfire_choices":[{"data":"Corpse Explosion","floor":6.0,"key":"SMITH"},{"data":"Bane","floor":8.0,"key":"SMITH"},{"floor":11.0,"key":"REST"},{"data":"Noxious Fumes","floor":15.0,"key":"SMITH"},{"data":"Tactician","floor":24,"key":"SMITH"},{"data":"Bouncing Flask","floor":27,"key":"SMITH"}],"circlet_count":0,"master_deck":["AscendersBane","Strike_G","Strike_G","Defend_G","Defend_G","Defend_G","Defend_G","Defend_G","Survivor","Neutralize","Corpse Explosion+1","Bane+1","Escape Plan","Prepared","Noxious Fumes+1","Deflect","Adrenaline","Acrobatics+1","Bouncing Flask+1","PiercingWail","Footwork","Tactician+1"],"relics":["Ring of the Snake","Golden Idol","Girya","WingedGreaves","Ninja Scroll","HoveringKite","Frozen Egg 2"],"acts_visited":["Exordium","TheCity"],"potions_floor_usage":[21],"damage_taken":[{"damage":6.0,"enemies":"Jaw Worm","floor":1.0,"turns":6.0},{"damage":0.0,"enemies":"2 Louse","floor":2.0,"turns":3.0},{"damage":1.0,"enemies":"Small Slimes","floor":4.0,"turns":3.0},{"damage":36.0,"enemies":"Lagavulin","floor":7.0,"turns":6.0},{"damage":15.0,"enemies":"3 Sentries","floor":10.0,"turns":4.0},{"damage":0.0,"enemies":"2 Fungi Beasts","floor":13.0,"turns":3.0},{"damage":12.0,"enemies":"The Guardian","floor":16.0,"turns":11.0},{"damage":17.0,"enemies":"2 Thieves","floor":18.0,"turns":3.0},{"damage":14.0,"enemies":"Shell Parasite","floor":19.0,"turns":4.0},{"damage":4,"enemies":"Chosen and Byrds","floor":21,"turns":4},{"damage":2,"enemies":"Centurion and Healer","floor":23,"turns":5},{"damage":29,"enemies":"Cultist and Chosen","floor":28,"turns":6}],"seed_played":"-7565755827636212890","potions_obtained":[{"floor":7.0,"key":"Ancient Potion"},{"floor":10.0,"key":"Explosive Potion"},{"floor":19.0,"key":"PowerPotion"},{"floor":21,"key":"Poison Potion"}],"is_trial":false,"path_per_floor":["M","M","?","M","?","R","E","R","T","E","R","$","M","?","R","B",null,"M","M","?","M","$","M","R","?","T","R","M"],"character_chosen":"THE_SILENT","items_purchased":["Footwork"],"campfire_rested":1,"item_purchase_floors":[22],"current_hp_per_floor":[53,53,58,57,57,57,21,21,21,6,25,25,25,18,18,6,50,33,19,32,28,28,26,26,26,26,26,0,0],"gold":140,"neow_bonus":"THREE_RARE_CARDS","is_daily":false,"chose_seed":false,"campfire_upgraded":5,"win_rate":0.0,"timestamp":1608409124,"path_taken":["M","M","?","M","?","R","E","R","T","E","R","?","M","?","R","BOSS","M","M","?","M","$","M","R","?","T","R","M"],"items_purchased_type":["Card"],"build_version":"2020-12-13","purchased_purges":2,"victory":false,"max_hp_per_floor":[66,66,71,71,64,64,64,64,64,64,64,64,64,64,64,64,64,64,64,64,64,64,64,64,64,64,64,64,64],"relic_stats":{"counters":[12,58],"Golden Idol":52,"HoveringKite":[12],"obtain_stats":[{"Girya":7,"Golden Idol":5,"Ninja Scroll":10,"HoveringKite":17,"WingedGreaves":9,"Frozen Egg 2":26,"Ring of the Snake":0},{"Girya":4,"Golden Idol":3,"Ninja Scroll":5,"HoveringKite":7,"WingedGreaves":4,"Frozen Egg 2":11,"Ring of the Snake":0},{"Girya":18,"Golden Idol":12,"Ninja Scroll":22,"HoveringKite":36,"WingedGreaves":18,"Frozen Egg 2":52,"Ring of the Snake":0}],"Ring of the Snake":[24]},"card_choices":[{"not_picked":["A Thousand Cuts","Die Die Die"],"picked":"Corpse Explosion","floor":0.0},{"not_picked":["Outmaneuver","Dodge and Roll"],"picked":"Bane","floor":1.0},{"not_picked":["Underhanded Strike","Bane","Distraction"],"picked":"SKIP","floor":2.0},{"not_picked":["Blade Dance","Sucker Punch"],"picked":"Escape Plan","floor":4.0},{"not_picked":["Predator","Escape Plan"],"picked":"Prepared","floor":7.0},{"not_picked":["Finisher","Eviscerate"],"picked":"Noxious Fumes","floor":10.0},{"not_picked":["Sucker Punch","Noxious Fumes"],"picked":"Deflect","floor":13.0},{"not_picked":["A Thousand Cuts","Burst"],"picked":"Adrenaline","floor":16.0},{"not_picked":["Prepared","Escape Plan"],"picked":"Acrobatics+1","floor":18.0},{"not_picked":["Outmaneuver","Masterful Stab"],"picked":"Bouncing Flask","floor":19.0},{"not_picked":["Sucker Punch","Cloak And Dagger"],"picked":"PiercingWail","floor":21},{"not_picked":["Dagger Throw","Quick Slash"],"picked":"Tactician","floor":23}],"player_experience":1471140,"relics_obtained":[{"floor":7.0,"key":"Girya"},{"floor":9.0,"key":"WingedGreaves"},{"floor":10.0,"key":"Ninja Scroll"},{"floor":26,"key":"Frozen Egg 2"}],"event_choices":[{"damage_healed":0.0,"max_hp_gain":5.0,"max_hp_loss":0.0,"gold_gain":0.0,"event_name":"Big Fish","player_choice":"Donut","floor":3.0,"gold_loss":0.0,"damage_taken":0.0},{"damage_healed":0.0,"max_hp_gain":0.0,"max_hp_loss":7.0,"gold_gain":0.0,"event_name":"Golden Idol","player_choice":"Lose Max HP","floor":5.0,"gold_loss":0.0,"damage_taken":0.0,"relics_obtained":["Golden Idol"]},{"cards_removed":["Strike_G"],"damage_healed":0.0,"max_hp_gain":0.0,"max_hp_loss":0.0,"gold_gain":0.0,"event_name":"Golden Wing","player_choice":"Card Removal","floor":14.0,"gold_loss":0.0,"damage_taken":7.0},{"damage_healed":13.0,"max_hp_gain":0.0,"max_hp_loss":0.0,"gold_gain":0.0,"event_name":"The Library","player_choice":"Heal","floor":20.0,"gold_loss":0.0,"damage_taken":0.0}],"is_beta":false,"boss_relics":[{"not_picked":["Snecko Eye","SlaversCollar"],"picked":"HoveringKite"}],"items_purged_floors":[12,22],"is_endless":false,"potions_floor_spawned":[7,10,13,19,21],"killed_by":"Cultist and Chosen","ascension_level":20}}