{"host":"xd92u7alcwi518yp","time":1608365516,"event":{"mods":["Aspiration","BaseMod","BetterRewards","Colored Map","Colored Powertips","Hubris","Minty Spire (QoL Compilation)","Quick Restart","StSLib"],"gold_per_floor":[212,231,242,254,268,268,303,314,314,329,340,340,340,358,358,455,455,475,491,505,143,143,143,143],"floor_reached":23,"playtime":2221,"items_purged":[],"score":299,"play_id":"f29aa66c-e167-4b4f-bab1-e830dbf223f3","local_time":"20201219001156","is_ascension_mode":false,"campfire_choices":[{"floor":6,"key":"REST"},{"floor":15,"key":"REST"}],"circlet_count":0,"master_deck":["Strike_G","Strike_G","Strike_G","Strike_G","Defend_G","Defend_G","Defend_G","Defend_G","Defend_G","Survivor","Neutralize","Deadly Poison","Caltrops","Deadly Poison","Bane","Dagger Spray","Backflip","Footwork","Crippling Poison","Poisoned Stab","Venomology","hubris:TrickCloak+1","Backflip","Deadly Poison","Crippling Poison","Noxious Fumes","Blur","hubris:NaturalOne"],"relics":["Ring of the Snake","Singing Bowl","Eternal Feather","hubris:Backtick","Snake Skull","Membership Card","Frozen Egg 2","hubris:Icosahedron"],"acts_visited":["Exordium","TheCity"],"potions_floor_usage":[13,16,18,19,19,23,23],"damage_taken":[{"damage":8,"enemies":"Jaw Worm","floor":1,"turns":7},{"damage":0,"enemies":"2 Louse","floor":2,"turns":3},{"damage":0,"enemies":"Cultist","floor":3,"turns":4},{"damage":12,"enemies":"Gremlin Gang","floor":4,"turns":6},{"damage":7,"enemies":"Blue Slaver","floor":5,"turns":4},{"damage":41,"enemies":"3 Sentries","floor":7,"turns":8},{"damage":4,"enemies":"2 Fungi Beasts","floor":8,"turns":4},{"damage":3,"enemies":"Exordium Wildlife","floor":10,"turns":5},{"damage":0,"enemies":"3 Louse","floor":11,"turns":4},{"damage":5,"enemies":"Large Slime","floor":14,"turns":7},{"damage":14,"enemies":"Hexaghost","floor":16,"turns":9},{"damage":13,"enemies":"Spheric Guardian","floor":18,"turns":4},{"damage":33,"enemies":"2 Thieves","floor":19,"turns":4},{"damage":15,"enemies":"Shelled Parasite and Fungi","floor":20,"turns":6},{"damage":19,"enemies":"Chosen and Byrds","floor":23,"turns":6}],"seed_played":"9210365286675861174","potions_obtained":[{"floor":1,"key":"GhostInAJar"},{"floor":4,"key":"LiquidBronze"},{"floor":5,"key":"SpeedPotion"},{"floor":7,"key":"CultistPotion"},{"floor":13,"key":"Fruit Juice"},{"floor":13,"key":"CultistPotion"},{"floor":16,"key":"Swift Potion"},{"floor":20,"key":"Explosive Potion"}],"is_trial":false,"path_per_floor":["M","M","M","M","M","R","E","M","T","M","M","?","?","M","R","B",null,"M","M","M","$","?","M"],"character_chosen":"THE_SILENT","items_purchased":["Membership Card","Crippling Poison","Noxious Fumes","Frozen Egg 2","Blur"],"campfire_rested":2,"item_purchase_floors":[21,21,21,21,21],"current_hp_per_floor":[62,62,62,50,43,64,23,19,19,16,16,9,14,9,43,29,75,62,29,14,14,14,0,0],"gold":143,"neow_bonus":"HUNDRED_GOLD","is_daily":false,"chose_seed":false,"campfire_upgraded":0,"win_rate":0.0,"timestamp":1608365516,"path_taken":["M","M","M","M","M","R","E","M","T","M","M","?","?","?","R","BOSS","M","?","M","$","?","M"],"items_purchased_type":["Relic","Card","Card","Relic","Card"],"build_version":"2020-12-13","purchased_purges":0,"victory":false,"max_hp_per_floor":[70,70,70,70,70,70,70,70,70,70,70,70,75,75,75,75,75,75,75,75,75,75,75,75],"card_choices":[{"not_picked":["Finisher","hubris:SlightOfHand","Blade Dance"],"picked":"SKIP","floor":1},{"not_picked":["Caltrops","Tactician"],"picked":"Deadly Poison","floor":2},{"not_picked":["Predator","hubris:Counter"],"picked":"Caltrops","floor":3},{"not_picked":["hubris:SlightOfHand","Tactician"],"picked":"Deadly Poison","floor":4},{"not_picked":["Cloak And Dagger","Acrobatics"],"picked":"Bane","floor":5},{"not_picked":["Grand Finale","Leg Sweep"],"picked":"Dagger Spray","floor":7},{"not_picked":["Finisher","Deadly Poison"],"picked":"Backflip","floor":8},{"not_picked":["Dagger Throw","PiercingWail"],"picked":"Footwork","floor":10},{"not_picked":["Deadly Poison","Blade Dance"],"picked":"Crippling Poison","floor":11},{"not_picked":["Dagger Throw","Slice"],"picked":"Poisoned Stab","floor":14},{"not_picked":["Night Terror","Storm of Steel"],"picked":"Venomology","floor":16},{"not_picked":["Blade Dance","hubris:SlightOfHand"],"picked":"hubris:TrickCloak+1","floor":18},{"not_picked":["hubris:Counter+1","Masterful Stab"],"picked":"Backflip","floor":19},{"not_picked":["Finisher","Blade Dance"],"picked":"Deadly Poison","floor":20}],"player_experience":334591,"relics_obtained":[{"floor":7,"key":"Singing Bowl"},{"floor":9,"key":"Eternal Feather"}],"event_choices":[{"cards_removed":["Strike_G"],"damage_healed":0,"gold_gain":0,"player_choice":"Card Removal","damage_taken":7,"max_hp_gain":0,"max_hp_loss":0,"event_name":"Golden Wing","floor":12,"gold_loss":0},{"damage_healed":0,"gold_gain":0,"player_choice":"Got Potions","damage_taken":0,"max_hp_gain":0,"max_hp_loss":0,"event_name":"Lab","floor":13,"gold_loss":0}],"is_beta":false,"boss_relics":[{"not_picked":["aspiration:PoetsPen_weak","aspiration:WatcherSkillbook"],"picked":"hubris:Backtick"}],"items_purged_floors":[],"is_endless":false,"potions_floor_spawned":[1,4,5,7,10,16,20],"killed_by":"Chosen and Byrds","ascension_level":0}}