{"host":"cf32014d19ld5mat","time":1608380253,"event":{"mods":["AchievementEnabler","BaseMod","Block Reminder","Minty Spire (QoL Compilation)","Random Character Button","Relic Stats","StSLib"],"gold_per_floor":[115,135,60,78,93,93,106,138,138,170,170,8,8,8,8,8,8],"floor_reached":16,"playtime":477,"items_purged":["Strike_G"],"score":220,"play_id":"7d571132-6c8c-4164-8dfd-c36b6aba33c2","local_time":"20201219121733","is_ascension_mode":true,"campfire_choices":[{"data":"Glass Knife","floor":6.0,"key":"SMITH"},{"data":"Footwork","floor":13.0,"key":"SMITH"},{"data":"Poisoned Stab","floor":15.0,"key":"SMITH"}],"circlet_count":0,"master_deck":["AscendersBane","Strike_G","Strike_G","Strike_G","Defend_G","Defend_G","Defend_G","Defend_G","Defend_G","Survivor","Neutralize","Glass Knife+1","Quick Slash","Flying Knee","Poisoned Stab+1","Dagger Spray","Bullet Time","Deflect+1","Footwork+1"],"relics":["Ring of the Snake","Blood Vial","HornCleat","Toxic Egg 2","Golden Idol"],"acts_visited":["Exordium"],"potions_floor_usage":[16],"damage_taken":[{"damage":2.0,"enemies":"Jaw Worm","floor":1.0,"turns":4.0},{"damage":1.0,"enemies":"Small Slimes","floor":2.0,"turns":3.0},{"damage":0.0,"enemies":"2 Louse","floor":4.0,"turns":2.0},{"damage":5.0,"enemies":"Exordium Wildlife","floor":5.0,"turns":4.0},{"damage":14.0,"enemies":"Lots of Slimes","floor":7.0,"turns":4.0},{"damage":7.0,"enemies":"3 Sentries","floor":8.0,"turns":5.0},{"damage":11.0,"enemies":"Gremlin Nob","floor":10.0,"turns":4.0},{"damage":5,"enemies":"Hexaghost","floor":16,"turns":11}],"seed_played":"-7112596895139414373","potions_obtained":[{"floor":4.0,"key":"BlessingOfTheForge"},{"floor":7.0,"key":"Energy Potion"},{"floor":8.0,"key":"Block Potion"},{"floor":10.0,"key":"Swift Potion"}],"is_trial":false,"path_per_floor":["M","M","?","M","M","R","M","E","T","E","?","$","R","?","R","B"],"character_chosen":"THE_SILENT","items_purchased":["Footwork"],"campfire_rested":0,"item_purchase_floors":[12],"current_hp_per_floor":[57,56,56,56,51,51,37,30,30,21,21,21,21,21,21,18,18],"gold":8,"neow_bonus":"ONE_RANDOM_RARE_CARD","is_daily":false,"chose_seed":false,"campfire_upgraded":3,"win_rate":0.0,"timestamp":1608380253,"path_taken":["M","M","?","M","M","R","M","E","T","E","?","$","R","?","R","BOSS"],"items_purchased_type":["Card"],"build_version":"2020-12-13","purchased_purges":1,"victory":false,"max_hp_per_floor":[66,66,66,66,66,66,66,66,66,66,60,60,60,60,60,60,60],"relic_stats":{"Blood Vial":4,"counters":[8,37],"Golden Idol":0,"obtain_stats":[{"Blood Vial":8,"HornCleat":9,"Golden Idol":11,"Toxic Egg 2":10,"Ring of the Snake":0},{"Blood Vial":6,"HornCleat":6,"Golden Idol":7,"Toxic Egg 2":7,"Ring of the Snake":0},{"Blood Vial":22,"HornCleat":22,"Golden Idol":26,"Toxic Egg 2":26,"Ring of the Snake":0}],"Ring of the Snake":[16]},"card_choices":[{"not_picked":["Terror","Deadly Poison"],"picked":"Quick Slash","floor":1.0},{"not_picked":["PiercingWail","Underhanded Strike"],"picked":"Flying Knee","floor":2.0},{"not_picked":["Prepared","Sucker Punch"],"picked":"Poisoned Stab","floor":4.0},{"not_picked":["Flying Knee","Flechettes"],"picked":"Dagger Spray","floor":5.0},{"not_picked":["Flying Knee","Reflex","Quick Slash"],"picked":"SKIP","floor":7.0},{"not_picked":["Eviscerate","Deadly Poison"],"picked":"Bullet Time","floor":8.0},{"not_picked":["Flechettes","Expertise+1"],"picked":"Deflect+1","floor":10.0}],"player_experience":956562,"relics_obtained":[{"floor":8.0,"key":"Blood Vial"},{"floor":9.0,"key":"HornCleat"},{"floor":10.0,"key":"Toxic Egg 2"}],"event_choices":[{"cards_removed":["Strike_G"],"damage_healed":0.0,"max_hp_gain":0.0,"max_hp_loss":0.0,"gold_gain":0.0,"event_name":"The Cleric","player_choice":"Card Removal","floor":3.0,"gold_loss":75.0,"damage_taken":0.0},{"damage_healed":0.0,"max_hp_gain":0.0,"max_hp_loss":6.0,"gold_gain":0.0,"event_name":"Golden Idol","player_choice":"Lose Max HP","floor":11.0,"gold_loss":0.0,"damage_taken":0.0,"relics_obtained":["Golden Idol"]},{"damage_healed":0.0,"max_hp_gain":0.0,"max_hp_loss":0.0,"gold_gain":0.0,"event_name":"Liars Game","player_choice":"Ignored","floor":14.0,"gold_loss":0.0,"damage_taken":0.0}],"is_beta":false,"boss_relics":[],"items_purged_floors":[12],"is_endless":false,"potions_floor_spawned":[4,7,8,10],"killed_by":"Hexaghost","ascension_level":20}}