{"host":"mqhvlr3kpxebko0t","time":1608375778,"event":{"mods":["AchievementEnabler","BaseMod","Colored Map","Colored Powertips","Keyboard Shortcuts","Minty Spire (QoL Compilation)","StSLib","SuperFastMode"],"gold_per_floor":[116,29,29,29,0,30,43,73,73,85,102,118,132,132,132,206,206,216,216,216],"floor_reached":19,"playtime":339,"items_purged":[],"score":408,"play_id":"d4d6f06c-d00f-472d-b409-adf9ca0225e9","local_time":"20201219200258","is_ascension_mode":true,"campfire_choices":[{"data":"Evolve","floor":15,"key":"SMITH"}],"circlet_count":0,"master_deck":["AscendersBane","Strike_R","Strike_R","Strike_R","Strike_R","Strike_R","Defend_R","Defend_R","Defend_R","Defend_R","Bash","Uppercut","Evolve+1","Shrug It Off+1","Headbutt","Power Through+1","Body Slam","Dual Wield+1","Sever Soul","Shrug It Off+1","Burning Pact+1"],"relics":["Burning Blood","NeowsBlessing","Toxic Egg 2","StrikeDummy","Akabeko","Sundial","Runic Pyramid"],"acts_visited":["Exordium","TheCity"],"potions_floor_usage":[7,12,16],"damage_taken":[{"damage":0,"enemies":"Cultist","floor":1,"turns":1},{"damage":0,"enemies":"Gremlin Nob","floor":6,"turns":1},{"damage":0,"enemies":"2 Louse","floor":7,"turns":1},{"damage":29,"enemies":"3 Sentries","floor":8,"turns":8},{"damage":3,"enemies":"Small Slimes","floor":10,"turns":3},{"damage":12,"enemies":"3 Louse","floor":11,"turns":3},{"damage":8,"enemies":"Exordium Thugs","floor":12,"turns":5},{"damage":13,"enemies":"Blue Slaver","floor":13,"turns":4},{"damage":16,"enemies":"Slime Boss","floor":16,"turns":9},{"damage":59,"enemies":"Shell Parasite","floor":18,"turns":8},{"damage":0,"enemies":"3 Byrds","floor":19,"turns":1}],"seed_played":"-828703298472105946","potions_obtained":[{"floor":6,"key":"Weak Potion"},{"floor":7,"key":"Fruit Juice"},{"floor":10,"key":"Dexterity Potion"},{"floor":12,"key":"Explosive Potion"},{"floor":18,"key":"PowerPotion"}],"is_trial":false,"path_per_floor":["M","$","$","?","$","E","M","E","T","M","M","M","M","?","R","B",null,"M","M"],"character_chosen":"IRONCLAD","items_purchased":["Evolve","Shrug It Off+1"],"campfire_rested":0,"item_purchase_floors":[2,5],"current_hp_per_floor":[74,74,74,48,48,54,65,42,42,45,39,37,30,35,35,25,70,17,17,17],"gold":216,"neow_bonus":"THREE_ENEMY_KILL","is_daily":false,"chose_seed":false,"campfire_upgraded":1,"win_rate":0.0,"timestamp":1608375778,"path_taken":["M","?","$","?","$","E","M","E","T","M","M","M","M","?","R","BOSS","M","M"],"items_purchased_type":["Card","Card"],"build_version":"2020-12-13","purchased_purges":0,"victory":false,"max_hp_per_floor":[75,75,75,75,75,75,80,80,80,80,80,80,80,85,85,85,85,85,85,85],"card_choices":[{"not_picked":["Perfected Strike","Armaments"],"picked":"Uppercut","floor":1},{"not_picked":["Metallicize","Demon Form"],"picked":"Headbutt","floor":6},{"not_picked":["Dark Embrace","Warcry+1"],"picked":"Power Through+1","floor":7},{"not_picked":["Rupture","Flex+1"],"picked":"Body Slam","floor":8},{"not_picked":["Heavy Blade","Evolve"],"picked":"Dual Wield+1","floor":10},{"not_picked":["Sword Boomerang","Flex+1"],"picked":"Sever Soul","floor":11},{"not_picked":["Twin Strike","Rupture"],"picked":"Shrug It Off+1","floor":12},{"not_picked":["Perfected Strike","Sword Boomerang","Uppercut"],"picked":"SKIP","floor":13},{"not_picked":["Anger","Whirlwind+1"],"picked":"Burning Pact+1","floor":18}],"player_experience":651646,"relics_obtained":[{"floor":6,"key":"StrikeDummy"},{"floor":8,"key":"Akabeko"},{"floor":9,"key":"Sundial"}],"event_choices":[{"damage_healed":0,"gold_gain":0,"player_choice":"Success","damage_taken":26,"relics_obtained":["Toxic Egg 2"],"max_hp_gain":0,"max_hp_loss":0,"event_name":"Scrap Ooze","floor":4,"gold_loss":0},{"damage_healed":0,"gold_gain":0,"player_choice":"Donut","damage_taken":0,"max_hp_gain":5,"max_hp_loss":0,"event_name":"Big Fish","floor":14,"gold_loss":0}],"is_beta":false,"boss_relics":[{"not_picked":["SacredBark","Ectoplasm"],"picked":"Runic Pyramid"}],"items_purged_floors":[],"is_endless":false,"potions_floor_spawned":[6,7,10,12,18],"killed_by":"3 Byrds","ascension_level":20}}