{"host":"aa0sjkbwxfqg4wg0","time":1608353616,"event":{"mods":["AchievementEnabler","BaseMod","Downfall","Minty Spire (QoL Compilation)","Shop Mod","StSLib","The Cursed","The Hierophant","The Servant 0.9.4"],"gold_per_floor":[146,200,200,55,113,113,190,190,243,330,330,181,278,372,372,553,553,659,73,73],"floor_reached":19,"playtime":2007,"items_purged":[],"score":219,"play_id":"ced8c095-0326-4dc4-9d45-512f211aff18","local_time":"20201219055336","daily_mods":["Draft","Vintage","Heirloom","Flight","DeadlyEvents","Elite Swarm","Lethality"],"is_ascension_mode":true,"campfire_choices":[{"data":"1","floor":6,"key":"LIFT"},{"data":"2","floor":8,"key":"LIFT"},{"data":"3","floor":11,"key":"LIFT"},{"data":"hierophant:Doubloon","floor":15,"key":"SMITH"}],"circlet_count":0,"master_deck":["hierophant:FieryStrike","hierophant:OrnateBuckler","hierophant:Sermon","hierophant:AuricShield","hierophant:HolyVerse","hierophant:RepressedViolence","hierophant:Doubloon","hierophant:Doubloon+1","hierophant:Sermon","hierophant:EyeForCoin","hierophant:HolyVerse","hierophant:FaithHealing","hierophant:Smite+1","hierophant:Doubloon+1","hierophant:MirrorShield","hierophant:Doubloon","hierophant:Doubloon+1","hierophant:Doubloon+1","hierophant:Doubloon+1","hierophant:MintersHammer","hierophant:Doubloon+1","hierophant:Doubloon+1","hierophant:Doubloon+1","hierophant:Doubloon","hierophant:Doubloon"],"relics":["hierophant:PropheticMaskRelic","Girya","Oddly Smooth Stone","Boot","Lantern","CaptainsWheel","Anchor","Bag of Preparation","Blood Vial","MerchantsRug","Nunchaku","Bronze Scales","HornCleat","champ:DuelingGlove","Turnip"],"acts_visited":["Exordium","TheCity"],"potions_floor_usage":[7],"damage_taken":[{"damage":10,"enemies":"Cultist","floor":1,"turns":4},{"damage":27,"enemies":"Small Slimes","floor":2,"turns":4},{"damage":10,"enemies":"Jaw Worm","floor":5,"turns":2},{"damage":69,"enemies":"3 Sentries","floor":7,"turns":10},{"damage":21,"enemies":"Lagavulin","floor":10,"turns":7},{"damage":24,"enemies":"3 Sentries","floor":13,"turns":5},{"damage":13,"enemies":"Looter","floor":14,"turns":5},{"damage":186,"enemies":"The Guardian","floor":16,"turns":18},{"damage":0,"enemies":"Spheric Guardian","floor":18,"turns":4}],"seed_played":"450800254473608400","potions_obtained":[{"floor":2,"key":"Ancient Potion"},{"floor":7,"key":"FairyPotion"},{"floor":10,"key":"EntropicBrew"},{"floor":16,"key":"Swift Potion"},{"floor":18,"key":"Slimebound:ThreeZeroPotion"}],"is_trial":true,"path_per_floor":["M","M","?","$","M","R","E","R","T","E","R","$","E","M","R","B",null,"M","$"],"character_chosen":"HIEROPHANT","items_purchased":["Lantern","MerchantsRug","champ:DuelingGlove","Turnip"],"campfire_rested":0,"item_purchase_floors":[4,12,19,19],"current_hp_per_floor":[65,38,38,38,28,28,75,75,75,75,75,75,75,75,75,75,75,75,75,75],"gold":73,"neow_bonus":"","is_daily":false,"chose_seed":false,"campfire_upgraded":1,"win_rate":0.0,"timestamp":1608353616,"path_taken":["M","?","?","$","?","R","E","R","T","E","R","$","E","M","R","BOSS","M","$"],"items_purchased_type":["Relic","Relic","Relic","Relic"],"build_version":"2020-12-13","purchased_purges":0,"victory":false,"max_hp_per_floor":[75,75,75,75,75,75,75,75,75,75,75,75,75,75,75,75,75,75,75,75],"card_choices":[{"not_picked":["hierophant:CoinFling","hierophant:FlamingChariot"],"picked":"hierophant:FieryStrike","floor":0},{"not_picked":["hierophant:HolyVerse","hierophant:Charity"],"picked":"hierophant:OrnateBuckler","floor":0},{"not_picked":["hierophant:Repentance","hierophant:Doubloon"],"picked":"hierophant:Sermon","floor":0},{"not_picked":["hierophant:SealAway","hierophant:Martyrdom"],"picked":"hierophant:AuricShield","floor":0},{"not_picked":["hierophant:Zeal","hierophant:Blessing"],"picked":"hierophant:HolyVerse","floor":0},{"not_picked":["hierophant:MorningPrayer","hierophant:Sermon"],"picked":"hierophant:RepressedViolence","floor":0},{"not_picked":["hierophant:AuricBeam","hierophant:HammerAndAnvil"],"picked":"hierophant:Doubloon","floor":0},{"not_picked":["hierophant:Sermon","hierophant:ThreeLashes"],"picked":"hierophant:Doubloon","floor":0},{"not_picked":["hierophant:TollTheBells","hierophant:FieryStrike"],"picked":"hierophant:Sermon","floor":0},{"not_picked":["hierophant:RepressedViolence","hierophant:Doomsaying"],"picked":"hierophant:EyeForCoin","floor":0},{"not_picked":["hierophant:DisplayOfPower","hierophant:Remorse"],"picked":"hierophant:HolyVerse","floor":0},{"not_picked":["hierophant:Prophecy","hierophant:AuricShield"],"picked":"hierophant:FaithHealing","floor":0},{"not_picked":["hierophant:Blessing","hierophant:Mercenaries"],"picked":"hierophant:Smite","floor":0},{"not_picked":["hierophant:Shelter","hierophant:FlamingChariot"],"picked":"hierophant:Doubloon","floor":0},{"not_picked":["hierophant:DisplayOfPower","hierophant:AuricBeam"],"picked":"hierophant:MirrorShield","floor":0},{"not_picked":["hierophant:Cornucopia","hierophant:BulkyChest"],"picked":"hierophant:MintersHammer","floor":7},{"not_picked":["hierophant:DivineIntervention","hierophant:Levitation","hierophant:LocustPlague"],"picked":"SKIP","floor":10},{"not_picked":["hierophant:Cornucopia","hierophant:Invocation","hierophant:Kindle"],"picked":"SKIP","floor":13}],"player_experience":61052,"relics_obtained":[{"floor":1,"key":"Oddly Smooth Stone"},{"floor":2,"key":"Boot"},{"floor":5,"key":"CaptainsWheel"},{"floor":7,"key":"Anchor"},{"floor":9,"key":"Bag of Preparation"},{"floor":10,"key":"Blood Vial"},{"floor":13,"key":"Nunchaku"},{"floor":14,"key":"Bronze Scales"},{"floor":18,"key":"HornCleat"}],"event_choices":[{"damage_healed":0,"gold_gain":0,"player_choice":"Upgraded","damage_taken":0,"max_hp_gain":0,"max_hp_loss":0,"event_name":"Upgrade Shrine","floor":3,"gold_loss":0,"cards_upgraded":["hierophant:Smite"]}],"is_beta":false,"boss_relics":[{"not_picked":["Fusion Hammer","Velvet Choker","Runic Pyramid"]}],"items_purged_floors":[],"is_endless":true,"potions_floor_spawned":[2,7,10,16,18],"ascension_level":1}}