{"host":"gdt3r9fmwl0zcuhi","time":1608420704,"event":{"mods":["Aspiration","BaseMod","Better Altar","Better Match","Better Note","Better Third Choice","Better Vampires","BetterRewards","Card Forge","ChefMod","Clockwork Mod","Conspire","Downfall","Energized Spire","Gremlin Mod","GungeonMod","Hermit","Highlight Path","Hubris","Jedi Mod","Mimic Mod","Minty Spire (QoL Compilation)","Permanent Neow","Potionbrewer","Relic Sorter","Replay The Spire","Shedinja","Shop Mod","Spicy Shops","Spikes Relics","Spire Birthday Party","StSLib","Thieving Mod","Unceasing Turn Reminder","everything is the same but u backflip on backflip","slay the spire mod where everything is the same but ironclad has a cowboy hat","themimic","vexMod"],"gold_per_floor":[15,15,31,31,45,71,36,0,0,18,48,48,58,71,71,175,175,186,201,120,140,110,110,136,156,179,179,179,196,196,210,210,307,307,327,94,94,94],"floor_reached":37,"playtime":5671,"items_purged":["Strike_B"],"score":451,"play_id":"1ed4b37f-1856-4023-9c6f-9348b1adba0d","local_time":"20201219183144","is_ascension_mode":false,"campfire_choices":[{"data":"Strike_B","floor":15.0,"key":"PURGE"},{"floor":23,"key":"REST"},{"floor":27,"key":"REST"},{"data":"hubris:DoWhile","floor":32,"key":"SMITH"}],"circlet_count":0,"master_deck":["Strike_B","Defend_B","Defend_B","Zap","Dualcast","Master of Strategy","Scrape","RefreshScreen+1","Fusion","Genetic Algorithm","Machine Learning","Shedinja:Substitute","Enlightenment","Beam Cell","Thunder Strike","Fusion","hubris:DoWhile+1","Conserve Battery","Scrape","Redo+1","jedi:darknesscall","hubris:Ukulele","champ:BerserkerStyle","Rebound","Fission","Static Discharge","Gash","Gash","Apotheosis","Replay:SS_forest_6","expansioncontent:DefensiveMode"],"relics":["Cracked Core","Hammer of Thor","Seething Fire","Anvil of the Gods","Replay:Baseball","hubris:Potato","Happy Flower","hubris:Backtick","Unceasing Top","Blood Vial","aspiration:RunicSpoon","ReplayTheSpireMod:ShopPack"],"acts_visited":["Exordium","TheCity","TheBeyond"],"potions_floor_usage":[18,24,29,29,29,29,33,33,33,35],"damage_taken":[{"damage":0.0,"enemies":"conspire:RoseBush","floor":1.0,"turns":3.0},{"damage":1.0,"enemies":"Jaw Worm","floor":3.0,"turns":3.0},{"damage":0.0,"enemies":"2 Louse","floor":5.0,"turns":2.0},{"damage":51.0,"enemies":"3 Sentries","floor":6.0,"turns":8.0},{"damage":0.0,"enemies":"2 Fungi Beasts","floor":10.0,"turns":4.0},{"damage":0.0,"enemies":"Lagavulin","floor":11.0,"turns":7.0},{"damage":0.0,"enemies":"Looter","floor":13.0,"turns":3.0},{"damage":0.0,"enemies":"Red Slaver","floor":14.0,"turns":3.0},{"damage":15.0,"enemies":"The Guardian","floor":16.0,"turns":9.0},{"damage":0,"enemies":"conspire:FuzzyDice","floor":18,"turns":8},{"damage":22,"enemies":"2 Thieves","floor":19,"turns":4},{"damage":24,"enemies":"Snake Plant","floor":21,"turns":5},{"damage":40,"enemies":"Slavers","floor":24,"turns":4},{"damage":5,"enemies":"Centurion and Healer","floor":25,"turns":9},{"damage":1,"enemies":"Chosen and Byrds","floor":29,"turns":5},{"damage":2,"enemies":"Sentry and Sphere","floor":31,"turns":4},{"damage":3,"enemies":"conspire:MysteriousRune","floor":33,"turns":10},{"damage":58,"enemies":"3 Darklings","floor":35,"turns":6},{"damage":57,"enemies":"2 Orb Walkers","floor":37,"turns":4}],"seed_played":"-2840582578527295453","potions_obtained":[{"floor":6.0,"key":"Block Potion"},{"floor":13.0,"key":"ColorlessPotion"},{"floor":14.0,"key":"FocusPotion"},{"floor":16.0,"key":"potionbrewer:DiscountPotion"},{"floor":21,"key":"DemoMod:LeadSkinPotion"},{"floor":22,"key":"potionbrewer:InfectionPotion"},{"floor":22,"key":"AttackPotion"},{"floor":24,"key":"PowerPotion"},{"floor":25,"key":"EntropicBrew"},{"floor":31,"key":"EssenceOfSteel"},{"floor":33,"key":"potionbrewer:AcidPotion"}],"is_trial":false,"path_per_floor":["M","?","M","$","M","E","?","?","T","M","E","?","M","M","R","B",null,"M","M","$","M","?","R","E","M","T","R","?","M","?","M","R","B",null,"M","$","?"],"character_chosen":"DEFECT","items_purchased":["Scrape","Gash","ReplayTheSpireMod:ShopPack"],"campfire_rested":2,"item_purchase_floors":[20,36,36],"current_hp_per_floor":[75,75,74,74,74,23,23,29,29,29,29,29,29,29,29,14,81,81,59,59,35,35,59,19,16,16,40,40,45,45,51,51,64,81,39,39,0,0],"gold":94,"neow_bonus":"RANDOM_COLORLESS_2","is_daily":false,"chose_seed":false,"campfire_upgraded":1,"win_rate":0.0,"timestamp":1608420704,"path_taken":["M","?","M","?","M","E","?","?","T","?","E","?","?","M","R","BOSS","M","M","$","M","?","R","E","M","T","R","?","?","?","M","R","BOSS","M","?","?"],"items_purchased_type":["Card","Card","Relic"],"build_version":"2020-12-13","purchased_purges":1,"victory":false,"max_hp_per_floor":[75,75,75,75,75,75,75,81,81,81,81,81,81,81,81,81,81,81,81,81,81,81,81,81,81,81,81,81,81,81,81,81,81,81,81,81,81,81],"card_choices":[{"not_picked":["Poisoned Strike","Magnetism"],"picked":"Master of Strategy","floor":0.0},{"not_picked":["Barrage","Sweeping Beam"],"picked":"Scrape","floor":1.0},{"not_picked":["Barrage","Beam Cell"],"picked":"Fusion","floor":3.0},{"not_picked":["Leap","Coolheaded"],"picked":"Genetic Algorithm","floor":5.0},{"not_picked":["Sweeping Beam","Undo"],"picked":"Machine Learning","floor":6.0},{"not_picked":["Recycle","Loop"],"picked":"Beam Cell","floor":10.0},{"not_picked":["Force Field","Cold Snap","jedi:blockon"],"picked":"SKIP","floor":11.0},{"not_picked":["Barrage","Cold Snap"],"picked":"Fusion","floor":13.0},{"not_picked":["Steam Power","BasicCrystalCard","Hologram"],"picked":"SKIP","floor":14.0},{"not_picked":["jedi:studyfrost","Mirror Shield"],"picked":"hubris:DoWhile","floor":16.0},{"not_picked":["Scrape","Stack"],"picked":"Conserve Battery","floor":18},{"not_picked":["BasicCrystalCard+1","ReplayTheSpireMod:GoodbyeWorld","ReplayTheSpireMod:Calculation Training"],"picked":"SKIP","floor":19},{"not_picked":["Leap","jedi:blockon"],"picked":"Redo+1","floor":21},{"not_picked":["ReplayTheSpireMod:Dual Polarity","hubris:PowerSurge+1"],"picked":"jedi:darknesscall","floor":24},{"not_picked":["Heatsinks","Conserve Battery"],"picked":"hubris:Ukulele","floor":25},{"not_picked":["jedi:blockon","Thunder Strike"],"picked":"Rebound","floor":29},{"not_picked":["Conserve Battery+1","Hologram","jedi:reiji"],"picked":"SKIP","floor":31},{"not_picked":["jedi:darknesscall","Rainbow"],"picked":"Fission","floor":33},{"not_picked":["jedi:BurstLightning+1","Glacier+1"],"picked":"Static Discharge","floor":35},{"not_picked":["expansioncontent:DashGenerateEvil","expansioncontent:StudyTheSpire"],"picked":"Apotheosis","floor":36},{"not_picked":["Replay:SS_forest_2","Replay:SS_hec_2"],"picked":"Replay:SS_forest_6","floor":36},{"not_picked":["expansioncontent:PolyBeam","Replay:SS_fish_1"],"picked":"expansioncontent:DefensiveMode","floor":36}],"player_experience":5523163,"relics_obtained":[{"floor":6.0,"key":"Replay:Baseball"},{"floor":9.0,"key":"hubris:Potato"},{"floor":11.0,"key":"Happy Flower"},{"floor":24,"key":"Blood Vial"}],"event_choices":[{"damage_healed":0.0,"max_hp_gain":0.0,"max_hp_loss":0.0,"gold_gain":0.0,"event_name":"betterThird:BetterSerpent","player_choice":"RENOUNCE","floor":8.0,"gold_loss":36.0,"damage_taken":36.0,"cards_obtained":["Enlightenment"]},{"damage_healed":0.0,"max_hp_gain":0.0,"max_hp_loss":0.0,"gold_gain":0.0,"cards_transformed":["Strike_B"],"event_name":"Transmorgrifier","player_choice":"Transformed","floor":12.0,"gold_loss":0.0,"damage_taken":0.0,"cards_obtained":["Thunder Strike"]},{"damage_healed":0,"gold_gain":0,"player_choice":"Bought 2 Potions","damage_taken":0,"max_hp_gain":0,"max_hp_loss":0,"event_name":"The Woman in Blue","floor":22,"gold_loss":0},{"cards_removed":["Genetic Algorithm"],"damage_healed":0,"gold_gain":0,"player_choice":"Take \u0026 Give","damage_taken":0,"max_hp_gain":0,"max_hp_loss":0,"event_name":"betterNote:BetterNote","floor":28,"gold_loss":0,"cards_obtained":["champ:BerserkerStyle"]},{"cards_removed":["Defend_B"],"damage_healed":0,"gold_gain":0,"player_choice":"Purged","damage_taken":0,"max_hp_gain":0,"max_hp_loss":0,"event_name":"Purifier","floor":30,"gold_loss":0},{"damage_healed":0,"gold_gain":0,"player_choice":"Fight","damage_taken":0,"max_hp_gain":0,"max_hp_loss":0,"event_name":"Mysterious Sphere","floor":37,"gold_loss":0}],"is_beta":false,"boss_relics":[{"not_picked":["energizedSpire:EnergizedDie","ReplayTheSpireMod:DimensionalGlitch"],"picked":"hubris:Backtick"},{"not_picked":["hubris:ScarierMask","FrozenCore"],"picked":"aspiration:RunicSpoon"}],"items_purged_floors":[36],"is_endless":false,"potions_floor_spawned":[6,13,14,16,21,24,25,31,33],"killed_by":"2 Orb Walkers","ascension_level":0}}