{"host":"dk2z91z2zpxxiy2a","time":1608408633,"event":{"mods":["Act Like it!","Aspiration","BaseMod","BetterRewards","Colored Map","Colored Powertips","Conspire","DeckTracker","Energized Spire","Halation","Hermit","Hubris","Key Reminder","Minty Spire (QoL Compilation)","Relic Stats","Replay The Spire","Shop Mod","StSLib","The Bladedancer","The Necromancer"],"gold_per_floor":[114,127,147,161,161,161,161],"floor_reached":6,"playtime":286,"items_purged":[],"score":57,"play_id":"fdfd1898-7d81-4494-b74c-4117ed9b372e","local_time":"20201219151033","is_ascension_mode":true,"campfire_choices":[],"circlet_count":0,"master_deck":["AscendersBane","blademaster:Strike","blademaster:Strike","blademaster:Strike","blademaster:Strike","blademaster:Defend","blademaster:Defend","blademaster:Defend","blademaster:Defend","blademaster:RagingBlow","blademaster:HighVoltage","blademaster:Frontflip","blademaster:ParryingStrike","blademaster:LeechingStrike","blademaster:ThreePointStrike"],"relics":["blademaster:DancersAmulet","NeowsBlessing","halation:EternalFortune"],"acts_visited":["Exordium"],"potions_floor_usage":[6],"damage_taken":[{"damage":0,"enemies":"2 Louse","floor":1,"turns":2},{"damage":0,"enemies":"conspire:RoseBush","floor":2,"turns":1},{"damage":0,"enemies":"Small Slimes","floor":3,"turns":2},{"damage":6,"enemies":"Looter","floor":4,"turns":4},{"damage":92,"enemies":"Lagavulin","floor":6,"turns":12}],"seed_played":"6122785454130839215","potions_obtained":[{"floor":2,"key":"Reflective Coating"},{"floor":4,"key":"conspire:TimeTravelPotion"}],"is_trial":false,"path_per_floor":["M","M","M","M","?","E"],"character_chosen":"THE_BLADEMASTER","items_purchased":[],"campfire_rested":0,"item_purchase_floors":[],"current_hp_per_floor":[68,68,68,65,68,0,0],"gold":161,"neow_bonus":"THREE_ENEMY_KILL","is_daily":false,"chose_seed":false,"campfire_upgraded":0,"win_rate":0.0,"timestamp":1608408633,"path_taken":["M","M","M","M","?","E"],"items_purchased_type":[],"build_version":"2020-12-13","purchased_purges":0,"victory":false,"max_hp_per_floor":[75,75,75,75,78,78,78],"relic_stats":{"counters":[9,37],"obtain_stats":[{"keyreminder:keyreminder":9,"Ring of Hypnosis":2,"NeowsBlessing":0,"blademaster:StrongPerk":6,"Ring of Misfortune":2,"Pantograph":6,"halation:EternalFortune":5,"blademaster:DancersAmulet":0,"halation:StarCompass":4},{"keyreminder:keyreminder":3,"Ring of Hypnosis":1,"NeowsBlessing":4,"blademaster:StrongPerk":2,"Ring of Misfortune":1,"Pantograph":2,"halation:EternalFortune":8,"blademaster:DancersAmulet":0,"halation:StarCompass":1},{"keyreminder:keyreminder":12,"Ring of Hypnosis":3,"NeowsBlessing":16,"blademaster:StrongPerk":10,"Ring of Misfortune":3,"Pantograph":10,"halation:EternalFortune":25,"blademaster:DancersAmulet":0,"halation:StarCompass":3}]},"card_choices":[{"not_picked":["blademaster:Thrust","blademaster:CombatPrep"],"picked":"blademaster:Frontflip","floor":1},{"not_picked":["blademaster:Thrust","blademaster:Rupture"],"picked":"blademaster:ParryingStrike","floor":2},{"not_picked":["blademaster:Thrust","blademaster:BloodyBlow"],"picked":"blademaster:LeechingStrike","floor":3},{"not_picked":["blademaster:Quickness","blademaster:Breeze"],"picked":"blademaster:ThreePointStrike","floor":4}],"player_experience":455475,"relics_obtained":[],"event_choices":[],"is_beta":false,"boss_relics":[],"items_purged_floors":[],"is_endless":false,"potions_floor_spawned":[2,4],"killed_by":"Lagavulin","ascension_level":10}}