{"host":"ks12kfi5c4d9hdxy","time":1608387261,"event":{"mods":["Act Like it!","BaseMod","Conspire","Gensokyo","GifTheSpireLib","Koishi","Marisa（F雨　魔理沙）","Minty Spire (QoL Compilation)","Quick Restart","Reimu（博丽灵梦）","Remilia（蕾米莉亚）","Replay The Spire","RumiaBox-露米娅的神秘盒子","Shop Mod","StSLib","SuperFastMode","The Administrix","The Servant 0.9.4","Youmu（魂魄妖梦）","Yuyuko","【东方二次创作】八云紫mod","【功能Mod】混沌之环修复补丁","【功能Mod】聪明的最终Boss","篝火指南"],"gold_per_floor":[112,112,112,112,126,126,51,86,86,121,121,21,52,67,67,142,142,161,180,130,130,144,172,204,259,259,298,298,7,7,33,33,53,53],"floor_reached":33,"playtime":1112,"items_purged":["Strike_MRS","Strike_MRS","conspire:SpireCoStock"],"score":906,"play_id":"da1b8e92-db2a-4fd1-9409-58034a4b2bb3","local_time":"20201219221421","is_ascension_mode":true,"campfire_choices":[{"data":"TreasureHunter","floor":6.0,"key":"SMITH"},{"floor":11.0,"key":"REST"},{"data":"OortCloud","floor":15.0,"key":"SMITH"},{"data":"OortCloud","floor":28.0,"key":"SMITH"},{"data":"MaximisePower","floor":30.0,"key":"SMITH"},{"floor":32.0,"key":"DIG"}],"circlet_count":0,"master_deck":["AscendersBane","Strike_MRS","Strike_MRS+1","Defend_MRS+1","Defend_MRS+2","Defend_MRS+1","Defend_MRS+1","MasterSpark+1","UpSweep","OortCloud+1","TreasureHunter+1","OortCloud+1","MilkyWay","MaximisePower+1","PropBag","FinalSpark+1"],"relics":["MiniHakkero","YidongShenshe:ReiMu","Pen Nib","GodSword1","GodSword5","Molten Egg 2","Bottled Lightning","MealTicket","Simple Rune","WingedGreaves","Replay:Grab Bag","Busted Crown","Coffee Dripper","ExperimentalFamiliar","RedLine:ReiMu","Potion Belt","Replay:Bottled Eggs","Blood Vial","Replay:Bottled Steam","Gremlin Food","LastBattle","Sling","Replay:Bandana","Mercury Hourglass","conspire:Flyswatter","Blue Candle"],"acts_visited":["Exordium","TheCity"],"potions_floor_usage":[33],"damage_taken":[{"damage":7.0,"enemies":"Small Slimes","floor":1.0,"turns":4.0},{"damage":3.0,"enemies":"2 Louse","floor":5.0,"turns":4.0},{"damage":3.0,"enemies":"Lagavulin","floor":8.0,"turns":7.0},{"damage":29.0,"enemies":"Gremlin Nob","floor":10.0,"turns":5.0},{"damage":0.0,"enemies":"Lagavulin","floor":13.0,"turns":7.0},{"damage":0.0,"enemies":"Jaw Worm","floor":14.0,"turns":3.0},{"damage":4.0,"enemies":"The Guardian","floor":16.0,"turns":12.0},{"damage":0.0,"enemies":"Chosen","floor":18.0,"turns":3.0},{"damage":0.0,"enemies":"2 Thieves","floor":19.0,"turns":2.0},{"damage":8.0,"enemies":"conspire:HollyBat","floor":22.0,"turns":4.0},{"damage":2.0,"enemies":"Book of Stabbing","floor":23.0,"turns":3.0},{"damage":0.0,"enemies":"3 Cultists","floor":24.0,"turns":3.0},{"damage":7.0,"enemies":"Gremlin Leader","floor":25.0,"turns":4.0},{"damage":0.0,"enemies":"conspire:Head Lice","floor":27.0,"turns":3.0},{"damage":0.0,"enemies":"Replay:Snechameleon","floor":31.0,"turns":4.0},{"damage":0,"enemies":"Automaton","floor":33,"turns":2}],"seed_played":"-3519160304831521231","potions_obtained":[{"floor":5.0,"key":"AttackPotion"},{"floor":8.0,"key":"FearPotion"},{"floor":14.0,"key":"LiquidMemories"},{"floor":24.0,"key":"EssenceOfSteel"},{"floor":25.0,"key":"FearPotion"},{"floor":27.0,"key":"Dexterity Potion"}],"is_trial":false,"path_per_floor":["M","?","?","?","M","R","$","E","T","E","R","$","E","M","R","B",null,"M","M","?","?","M","E","M","E","T","E","R","$","R","E","R","B"],"character_chosen":"MARISA","items_purchased":["Sling"],"campfire_rested":1,"item_purchase_floors":[29],"current_hp_per_floor":[56,56,56,56,53,53,53,50,50,21,47,47,47,47,47,43,68,68,68,68,68,60,58,58,51,51,53,53,70,70,70,70,70,70],"gold":53,"neow_bonus":"UPGRADE_CARD","is_daily":false,"chose_seed":false,"campfire_upgraded":4,"win_rate":0.0,"timestamp":1608387261,"path_taken":["M","?","?","?","?","R","$","E","T","E","R","$","E","M","R","BOSS","M","?","?","?","M","E","M","E","T","E","R","$","R","E","R","BOSS"],"items_purchased_type":["Relic"],"build_version":"2020-12-13","purchased_purges":3,"victory":false,"max_hp_per_floor":[70,70,70,70,70,70,70,70,70,70,70,70,70,70,70,70,70,70,70,70,70,70,70,70,70,70,70,70,70,70,70,70,70,70],"card_choices":[{"not_picked":["IllusionStar","Acceleration"],"picked":"OortCloud","floor":1.0},{"not_picked":["AsteroidBelt","6A"],"picked":"MilkyWay","floor":5.0},{"not_picked":["GrandCross","MysteriousBeam","MaximisePower"],"picked":"SKIP","floor":8.0},{"not_picked":["GrandCross","MysteriousBeam"],"picked":"MaximisePower","floor":8.0},{"not_picked":["DC+1","LuminesStrike+1","WitchLeyline+1"],"picked":"SKIP","floor":10.0},{"not_picked":["MysteriousBeam+1","IllusionStar"],"picked":"PropBag","floor":13.0},{"not_picked":["AsteroidBelt","PowerUp","LuminesStrike+1"],"picked":"SKIP","floor":14.0},{"not_picked":["EscapeVelocity","AbsoluteMagnitude+1"],"picked":"FinalSpark+1","floor":16.0},{"not_picked":["MeteoricShower+1"],"picked":"SKIP","floor":18.0},{"not_picked":["WitchOfGreed"],"picked":"SKIP","floor":19.0},{"not_picked":["PulseMagic"],"picked":"SKIP","floor":22.0},{"not_picked":["PowerUp"],"picked":"SKIP","floor":23.0},{"not_picked":["PowerUp"],"picked":"SKIP","floor":23.0},{"not_picked":["DoubleSpark+1"],"picked":"SKIP","floor":24.0},{"not_picked":["MilkyWay"],"picked":"SKIP","floor":25.0},{"not_picked":["AsteroidBelt"],"picked":"SKIP","floor":27.0},{"not_picked":["DC+1"],"picked":"SKIP","floor":31.0}],"player_experience":528541,"relics_obtained":[{"floor":8.0,"key":"Pen Nib"},{"floor":8.0,"key":"GodSword1"},{"floor":9.0,"key":"GodSword5"},{"floor":10.0,"key":"Molten Egg 2"},{"floor":10.0,"key":"Bottled Lightning"},{"floor":13.0,"key":"MealTicket"},{"floor":13.0,"key":"Simple Rune"},{"floor":16.0,"key":"WingedGreaves"},{"floor":23.0,"key":"Potion Belt"},{"floor":23.0,"key":"Replay:Bottled Eggs"},{"floor":25.0,"key":"Blood Vial"},{"floor":26.0,"key":"Replay:Bottled Steam"},{"floor":27.0,"key":"Gremlin Food"},{"floor":27.0,"key":"LastBattle"},{"floor":31.0,"key":"Replay:Bandana"},{"floor":31.0,"key":"Mercury Hourglass"},{"floor":32.0,"key":"conspire:Flyswatter"}],"event_choices":[{"damage_healed":0.0,"max_hp_gain":0.0,"max_hp_loss":0.0,"gold_gain":0.0,"event_name":"yidonshenshe","player_choice":"带走神社","floor":2.0,"gold_loss":0.0,"damage_taken":0.0,"relics_obtained":["YidongShenshe:ReiMu"],"cards_obtained":["Poor:ReiMu"]},{"cards_removed":["Poor:ReiMu"],"damage_healed":0.0,"max_hp_gain":0.0,"max_hp_loss":0.0,"gold_gain":0.0,"event_name":"Living Wall","player_choice":"Forget","floor":3.0,"gold_loss":0.0,"damage_taken":0.0},{"damage_healed":0.0,"max_hp_gain":0.0,"max_hp_loss":0.0,"gold_gain":0.0,"event_name":"Match and Keep!","player_choice":"2 cards matched","floor":4.0,"gold_loss":0.0,"damage_taken":0.0,"cards_obtained":["TreasureHunter","OortCloud"]},{"damage_healed":0.0,"max_hp_gain":0.0,"max_hp_loss":0.0,"gold_gain":0.0,"event_name":"conspire:Investor","player_choice":"Invest 1","floor":20.0,"gold_loss":0.0,"damage_taken":0.0}],"is_beta":false,"boss_relics":[{"not_picked":["Velvet Choker","RampagingMagicTools"],"picked":"Replay:Grab Bag"},{"not_picked":["Sozu","Philosopher\u0027s Stone"],"picked":"Busted Crown"},{"not_picked":["SlaversCollar","ChewingGum"],"picked":"Coffee Dripper"},{"not_picked":["BewitchedHakkero","Tiny House"],"picked":"ExperimentalFamiliar"},{"not_picked":["Pandora\u0027s Box","Snecko Eye"],"picked":"RedLine:ReiMu"}],"items_purged_floors":[7,12,29],"is_endless":false,"potions_floor_spawned":[5,8,14,24,25,27],"killed_by":"Automaton","ascension_level":19}}