{"host":"0cnf9zf1gia27zti","time":1608339690,"event":{"mods":["BaseMod","BetterRewards","Card Forge","Colored Map","Colored Powertips","Conspire","Downfall","Minty Spire (QoL Compilation)","Practice Mode","Quick Restart","Replay The Spire","Robot Space Explorer","Shade Mod","Spicy Shops","StSLib"],"gold_per_floor":[111,286,286,305,38,38,55,55,55,55,71,135,150,162,162,234,234,247,247,9,33,43,43,54,73,73,73,73,73,5,5,5,79,79,95,14,14,14,14,14,25,35,62,97,110,110,125,95,95,95,95],"floor_reached":50,"playtime":2338,"items_purged":["Strike_B"],"score":807,"play_id":"7387d4d3-272b-47e5-9367-eb910e420e0e","local_time":"20201219010130","is_ascension_mode":true,"campfire_choices":[{"floor":6,"key":"REST"},{"floor":8,"key":"REST"},{"data":"Self Repair","floor":10,"key":"SMITH"},{"data":"Zap","floor":15,"key":"SMITH"},{"data":"Echo Form","floor":23,"key":"SMITH"},{"data":"Heatsinks","floor":27,"key":"SMITH"},{"floor":32,"key":"REST"},{"data":"Creative AI","floor":40,"key":"SMITH"},{"floor":49,"key":"REST"}],"circlet_count":0,"master_deck":["AscendersBane","Strike_B+1","Strike_B","Strike_B+1","Defend_B","Defend_B","Defend_B","Defend_B","Zap+1","Dualcast","Capacitor","Reinforced Body+1","ReplayTheSpireMod:Omega Cannon","ReplayTheSpireMod:Omega Cannon","Conserve Battery+1","Steam+1","Self Repair+1","Bandage Up+1","BasicCrystalCard+1","Turbo+1","ReplayRNGCard+1","BasicCrystalCard+1","Echo Form+1","Redo+1","ReplayTheSpireMod:Omega Cannon","Heatsinks+1","Conserve Battery+1","Chill+1","Creative AI+1","Reinforced Body+1","Reinforced Body+1","Glacier+1","Panic Button+1","Ball Lightning+1","Ball Lightning+1","Madness+1","Madness+1","Auto Shields+1"],"relics":["Cracked Core","Hammer of Thor","Seething Fire","Anvil of the Gods","Toxic Egg 2","DollysMirror","Turnip","HornCleat","Ring of Chaos","Mummified Hand","Blood Vial","Darkstone Periapt","Nilry\u0027s Codex","Replay:Accelerometer","SlaversCollar","PreservedInsect","Replay:Baseball","Replay:Wax Seal","Prayer Wheel"],"acts_visited":["Exordium","TheCity","TheBeyond"],"potions_floor_usage":[13,16,16,18,33,41,44,45,50,50],"damage_taken":[{"damage":0,"enemies":"Jaw Worm","floor":1,"turns":1},{"damage":0,"enemies":"Small Slimes","floor":4,"turns":1},{"damage":0,"enemies":"2 Louse","floor":7,"turns":1},{"damage":0,"enemies":"Exordium Thugs","floor":11,"turns":1},{"damage":0,"enemies":"Lots of Slimes","floor":13,"turns":2},{"damage":0,"enemies":"3 Louse","floor":14,"turns":1},{"damage":12,"enemies":"The Guardian","floor":16,"turns":7},{"damage":10,"enemies":"Shell Parasite","floor":18,"turns":2},{"damage":0,"enemies":"3 Byrds","floor":22,"turns":3},{"damage":0,"enemies":"Snecko","floor":24,"turns":3},{"damage":6,"enemies":"Shelled Parasite and Fungi","floor":25,"turns":4},{"damage":57,"enemies":"Collector","floor":33,"turns":8},{"damage":0,"enemies":"Orb Walker","floor":35,"turns":3},{"damage":0,"enemies":"3 Shapes","floor":41,"turns":2},{"damage":0,"enemies":"3 Darklings","floor":42,"turns":1},{"damage":21,"enemies":"Giant Head","floor":44,"turns":8},{"damage":14,"enemies":"Writhing Mass","floor":45,"turns":7},{"damage":45,"enemies":"Transient","floor":47,"turns":5},{"damage":64,"enemies":"Awakened One","floor":50,"turns":7}],"seed_played":"2282262396856537954","potions_obtained":[{"floor":4,"key":"Adrenaline Potion"},{"floor":12,"key":"EssenceOfDarkness"},{"floor":14,"key":"PotionOfCapacity"},{"floor":16,"key":"Weak Potion"},{"floor":24,"key":"SpeedPotion"},{"floor":33,"key":"PowerPotion"},{"floor":42,"key":"Regen Potion"},{"floor":44,"key":"Energy Potion"},{"floor":48,"key":"SkillPotion"},{"floor":48,"key":"DistilledChaos"}],"is_trial":false,"path_per_floor":["M","?","?","M","$","R","M","R","T","R","M","?","M","M","R","B",null,"M","?","$","T","M","R","M","M","T","R","?","?","$","T","R","B",null,"M","$","?","?","$","R","M","M","T","E","M","?","M","?","R","B"],"character_chosen":"DEFECT","items_purchased":["Toxic Egg 2","Capacitor","Reinforced Body+1","ReplayTheSpireMod:Omega Cannon","DollysMirror","Self Repair","Bandage Up+1","Mummified Hand","Defragment","Reinforced Body+1"],"campfire_rested":4,"item_purchase_floors":[0,0,0,0,0,5,5,20,30,36],"current_hp_per_floor":[32,32,18,18,18,39,46,67,67,67,71,71,71,71,71,71,71,71,71,71,71,71,71,71,70,70,70,70,54,54,54,71,30,61,71,71,71,71,71,71,71,71,71,71,71,62,25,25,46,0,0],"gold":95,"neow_bonus":"","is_daily":false,"chose_seed":false,"campfire_upgraded":5,"win_rate":0.0,"timestamp":1608339690,"path_taken":["M","?","?","M","$","R","M","R","T","R","M","?","M","M","R","BOSS","M","?","$","?","M","R","?","M","T","R","?","?","$","?","R","BOSS","M","$","?","?","$","R","?","M","T","E","M","?","M","?","R","BOSS"],"items_purchased_type":["Relic","Card","Card","Card","Relic","Card","Card","Relic","Card","Card"],"build_version":"2020-12-13","purchased_purges":1,"victory":false,"max_hp_per_floor":[71,71,71,71,71,71,71,71,71,71,71,71,71,71,71,71,71,71,71,71,71,71,71,71,71,71,71,71,71,71,71,71,71,71,71,71,71,71,71,71,71,71,71,71,71,71,71,71,71,71,71],"card_choices":[{"not_picked":["Sweeping Beam","Coolheaded+1"],"picked":"Conserve Battery+1","floor":1},{"not_picked":["ReplayTheSpireMod:GoodbyeWorld","Sweeping Beam"],"picked":"Steam+1","floor":4},{"not_picked":["Cold Snap","Thunder Strike","Compile Driver"],"picked":"SKIP","floor":7},{"not_picked":["Hologram+1","Stack+1"],"picked":"BasicCrystalCard+1","floor":11},{"not_picked":["Force Field+1","Barrage"],"picked":"Turbo+1","floor":12},{"not_picked":["Go for the Eyes","Loop"],"picked":"ReplayRNGCard+1","floor":13},{"not_picked":["Stack+1","Gash"],"picked":"BasicCrystalCard+1","floor":14},{"not_picked":["Mirror Shield+1","Reboot+1"],"picked":"Echo Form","floor":16},{"not_picked":["Streamline","Rip and Tear"],"picked":"Redo+1","floor":18},{"not_picked":["Steam Power+1","Steam+1"],"picked":"Heatsinks","floor":22},{"not_picked":["BasicCrystalCard+1","Coolheaded+1"],"picked":"Conserve Battery+1","floor":24},{"not_picked":["Leap+1","Panic Button+1"],"picked":"Chill+1","floor":25},{"not_picked":["Reboot+1","Meteor Strike"],"picked":"Creative AI","floor":33},{"not_picked":["Leap+1","Coolheaded+1","ReplayGash"],"picked":"SKIP","floor":35},{"not_picked":["Panic Button+1","Undo+1"],"picked":"Glacier+1","floor":41},{"not_picked":["Go for the Eyes","Sweeping Beam"],"picked":"Panic Button+1","floor":42},{"not_picked":["Leap+1","Panic Button+1"],"picked":"Ball Lightning+1","floor":44},{"not_picked":["Force Field+1","Scrape"],"picked":"Ball Lightning+1","floor":45},{"not_picked":["Go for the Eyes","ReplayTheSpireMod:Omega Cannon"],"picked":"Auto Shields+1","floor":47}],"player_experience":2139685,"relics_obtained":[{"floor":9,"key":"Turnip"},{"floor":12,"key":"HornCleat"},{"floor":21,"key":"Blood Vial"},{"floor":26,"key":"Darkstone Periapt"},{"floor":29,"key":"Nilry\u0027s Codex"},{"floor":31,"key":"Replay:Accelerometer"},{"floor":38,"key":"PreservedInsect"},{"floor":43,"key":"Replay:Baseball"},{"floor":44,"key":"Replay:Wax Seal"}],"event_choices":[{"damage_healed":0,"gold_gain":175,"player_choice":"AGREE","damage_taken":0,"max_hp_gain":0,"max_hp_loss":0,"event_name":"Liars Game","floor":2,"gold_loss":0,"cards_obtained":["Doubt"]},{"damage_healed":0,"gold_gain":0,"player_choice":"Entered Light","damage_taken":14,"max_hp_gain":0,"max_hp_loss":0,"event_name":"Shining Light","floor":3,"gold_loss":0,"cards_upgraded":["Strike_B","Strike_B"]},{"damage_healed":0,"gold_gain":0,"player_choice":"Copied","damage_taken":0,"max_hp_gain":0,"max_hp_loss":0,"event_name":"Duplicator","floor":19,"gold_loss":0,"cards_obtained":["ReplayTheSpireMod:Omega Cannon"]},{"damage_healed":0,"gold_gain":0,"player_choice":"Leave","damage_taken":0,"max_hp_gain":0,"max_hp_loss":0,"event_name":"conspire:Investor","floor":28,"gold_loss":0},{"damage_healed":0,"gold_gain":0,"player_choice":"Obtained Book","damage_taken":16,"max_hp_gain":0,"max_hp_loss":0,"event_name":"Cursed Tome","floor":29,"gold_loss":0},{"cards_removed":["Defragment"],"damage_healed":0,"gold_gain":0,"player_choice":"Removed Power","damage_taken":0,"max_hp_gain":0,"max_hp_loss":0,"event_name":"Falling","floor":37,"gold_loss":0},{"damage_healed":0,"gold_gain":0,"player_choice":"Relic","damage_taken":0,"max_hp_gain":0,"max_hp_loss":0,"event_name":"Wheel of Change","floor":38,"gold_loss":0},{"damage_healed":0,"gold_gain":0,"player_choice":"Embrace Madness","damage_taken":9,"max_hp_gain":0,"max_hp_loss":0,"event_name":"Winding Halls","floor":46,"gold_loss":0,"cards_obtained":["Madness","Madness"]},{"damage_healed":0,"gold_gain":0,"player_choice":"Bought 2 Potions","damage_taken":0,"max_hp_gain":0,"max_hp_loss":0,"event_name":"The Woman in Blue","floor":48,"gold_loss":0}],"is_beta":false,"boss_relics":[{"not_picked":["Coffee Dripper","Calling Bell"],"picked":"Ring of Chaos"},{"not_picked":["Replay:Bronze Core","ChewingGum"],"picked":"SlaversCollar"}],"items_purged_floors":[5],"is_endless":false,"potions_floor_spawned":[4,14,16,24,33,42,44],"killed_by":"Awakened One","ascension_level":14}}