{"host":"qwttrqaysb380yri","time":1608366798,"event":{"mods":["BaseMod","Custom Start","Minty Spire (QoL Compilation)","Permanent Neow","Puzzle Mod","Relic Stats","StSLib","The Cursed","The Hierophant"],"gold_per_floor":[113,125,275,291,311,267,267],"floor_reached":6,"playtime":195,"items_purged":[],"score":67,"play_id":"39e87308-4a67-40ae-9e83-09bca3f6b6b2","local_time":"20201219093318","is_ascension_mode":true,"campfire_choices":[],"circlet_count":0,"master_deck":["AscendersBane","hierophant:Strike_Hierophant","hierophant:Strike_Hierophant","hierophant:Strike_Hierophant","hierophant:Strike_Hierophant","hierophant:Punish","hierophant:Defend_Hierophant","hierophant:Defend_Hierophant","hierophant:Defend_Hierophant","hierophant:Defend_Hierophant","hierophant:ChurchCoffers","hierophant:Zeal","hierophant:FieryStrike","hierophant:RepressedViolence","Doubt","hierophant:Doubloon","hierophant:Remorse"],"relics":["hierophant:PropheticMaskRelic"],"acts_visited":["Exordium"],"potions_floor_usage":[],"damage_taken":[{"damage":0,"enemies":"2 Louse","floor":1,"turns":1},{"damage":7,"enemies":"Jaw Worm","floor":2,"turns":3},{"damage":0,"enemies":"Small Slimes","floor":4,"turns":3},{"damage":19,"enemies":"Blue Slaver","floor":5,"turns":4},{"damage":30,"enemies":"Lagavulin","floor":6,"turns":7}],"seed_played":"7678028902906451228","potions_obtained":[],"is_trial":false,"path_per_floor":["M","M","?","M","M","E"],"character_chosen":"HIEROPHANT","items_purchased":[],"campfire_rested":0,"item_purchase_floors":[],"current_hp_per_floor":[68,61,61,61,42,12,12],"gold":267,"neow_bonus":"THREE_CARDS","is_daily":false,"chose_seed":false,"campfire_upgraded":0,"win_rate":0.0,"timestamp":1608366798,"path_taken":["M","M","?","M","M","E"],"items_purchased_type":[],"build_version":"2020-12-13","purchased_purges":0,"victory":false,"max_hp_per_floor":[75,75,75,75,75,75,75],"relic_stats":{"counters":[5,18],"obtain_stats":[{"hierophant:PropheticMaskRelic":0},{"hierophant:PropheticMaskRelic":0},{"hierophant:PropheticMaskRelic":0}]},"card_choices":[{"not_picked":["hierophant:Embezzle","hierophant:RepressedViolence"],"picked":"hierophant:Zeal","floor":0},{"not_picked":["hierophant:HolyVerse","hierophant:Smite"],"picked":"hierophant:FieryStrike","floor":1},{"not_picked":["hierophant:Zeal","hierophant:Alms"],"picked":"hierophant:RepressedViolence","floor":2},{"not_picked":["hierophant:FlamingChariot","hierophant:FieryStrike"],"picked":"hierophant:Remorse","floor":4},{"not_picked":["hierophant:EyeForCoin","hierophant:Patience","hierophant:DisplayOfPower"],"picked":"SKIP","floor":5}],"player_experience":1892229,"relics_obtained":[],"event_choices":[{"damage_healed":0,"gold_gain":150,"player_choice":"AGREE","damage_taken":0,"max_hp_gain":0,"max_hp_loss":0,"event_name":"Liars Game","floor":3,"gold_loss":0,"cards_obtained":["Doubt"]}],"is_beta":false,"boss_relics":[],"items_purged_floors":[],"is_endless":false,"potions_floor_spawned":[],"killed_by":"Lagavulin","ascension_level":15}}