{"host":"4axoa1rfjgnprp9l","time":1608363655,"event":{"mods":["2.2 Compatiblity","AchievementEnabler","BaseMod","Colored Map","DeckTracker","Highlight Path","Minty Spire (QoL Compilation)","Permanent Neow","StSLib","SuperFastMode"],"gold_per_floor":[214,232,244,2,16,16,45,45,45,45,45,70,145,163,163,237,237,247,262,21,21,47,47,80,80,133,3,3,3,3,14,14,92,92,108,123,20,44,69,81,128,150,185,197,227,239,282,313,325,337,337],"floor_reached":50,"playtime":6574,"items_purged":["Strike_G","Strike_G"],"score":1131,"play_id":"48ec0232-2182-42bc-a65f-bf92032e9475","local_time":"20201219164055","is_ascension_mode":true,"campfire_choices":[{"data":"Bouncing Flask","floor":6.0,"key":"SMITH"},{"data":"Corpse Explosion","floor":8.0,"key":"SMITH"},{"floor":10.0,"key":"REST"},{"data":"Noxious Fumes","floor":15.0,"key":"SMITH"},{"floor":23.0,"key":"REST"},{"floor":29.0,"key":"REST"},{"data":"Catalyst","floor":32.0,"key":"SMITH"},{"data":"Calculated Gamble","floor":40.0,"key":"SMITH"},{"data":"Tactician","floor":44.0,"key":"SMITH"},{"floor":46.0,"key":"REST"},{"floor":49.0,"key":"REST"}],"circlet_count":0,"master_deck":["AscendersBane","Defend_G","Defend_G","Defend_G","Defend_G","Defend_G","Survivor","Neutralize","Dagger Throw","PiercingWail","Bouncing Flask+1","Corpse Explosion+1","Deflect","Backflip","Tactician","Noxious Fumes+1","After Image","Bane+1","Predator+1","Blade Dance+1","Catalyst+1","Reflex","Dodge and Roll","Well Laid Plans","Escape Plan","Backflip","Tactician+1","Tactician+1","Prepared","Blur+1","Calculated Gamble+1","Prepared+1"],"relics":["Ring of the Snake","Blue Candle","Torii","Mango","Astrolabe","Membership Card","Red Mask","Tiny Chest","Juzu Bracelet","The Specimen","Sozu","Orrery","MawBank","Mummified Hand","PreservedInsect","Happy Flower"],"acts_visited":["Exordium","TheCity","TheBeyond"],"potions_floor_usage":[],"damage_taken":[{"damage":2.0,"enemies":"2 Louse","floor":1.0,"turns":3.0},{"damage":2.0,"enemies":"Jaw Worm","floor":2.0,"turns":4.0},{"damage":6.0,"enemies":"Small Slimes","floor":3.0,"turns":6.0},{"damage":8.0,"enemies":"3 Louse","floor":5.0,"turns":2.0},{"damage":27.0,"enemies":"Gremlin Nob","floor":7.0,"turns":4.0},{"damage":1.0,"enemies":"Lagavulin","floor":12.0,"turns":7.0},{"damage":2.0,"enemies":"Blue Slaver","floor":14.0,"turns":3.0},{"damage":14.0,"enemies":"The Guardian","floor":16.0,"turns":8.0},{"damage":2.0,"enemies":"Shell Parasite","floor":18.0,"turns":6.0},{"damage":19.0,"enemies":"3 Byrds","floor":19.0,"turns":4.0},{"damage":4.0,"enemies":"Masked Bandits","floor":22.0,"turns":3.0},{"damage":33.0,"enemies":"Book of Stabbing","floor":24.0,"turns":6.0},{"damage":0.0,"enemies":"Cultist and Chosen","floor":31.0,"turns":5.0},{"damage":18.0,"enemies":"Automaton","floor":33.0,"turns":6.0},{"damage":0.0,"enemies":"3 Shapes","floor":35.0,"turns":4.0},{"damage":0.0,"enemies":"Orb Walker","floor":36.0,"turns":3.0},{"damage":0.0,"enemies":"Transient","floor":39.0,"turns":6.0},{"damage":42.0,"enemies":"Reptomancer","floor":41.0,"turns":4.0},{"damage":0.0,"enemies":"4 Shapes","floor":42.0,"turns":3.0},{"damage":13.0,"enemies":"Sphere and 2 Shapes","floor":45.0,"turns":5.0},{"damage":27.0,"enemies":"Giant Head","floor":47.0,"turns":6.0},{"damage":3.0,"enemies":"Writhing Mass","floor":48.0,"turns":5.0},{"damage":40,"enemies":"Donu and Deca","floor":50,"turns":7}],"seed_played":"-5235132810572582135","potions_obtained":[{"floor":1.0,"key":"Dexterity Potion"},{"floor":5.0,"key":"Strength Potion"},{"floor":7.0,"key":"FearPotion"},{"floor":19.0,"key":"PowerPotion"},{"floor":22.0,"key":"FearPotion"}],"is_trial":false,"path_per_floor":["M","M","M","$","M","R","E","R","T","R","?","E","?","M","R","B",null,"M","M","$","?","?","R","E","?","T","$","T","R","?","M","R","B",null,"M","M","$","T","M","R","E","M","T","R","M","R","E","M","R","B"],"character_chosen":"THE_SILENT","items_purchased":["Corpse Explosion","Membership Card","Catalyst","Reflex","Well Laid Plans","Escape Plan","Orrery","Calculated Gamble"],"campfire_rested":5,"item_purchase_floors":[4,20,20,20,27,27,37,37],"current_hp_per_floor":[57,55,49,49,41,41,14,14,14,33,33,46,35,33,33,19,65,63,44,44,21,17,42,9,9,9,9,9,34,34,34,34,16,68,68,68,68,68,68,68,26,26,26,26,13,38,11,8,33,0,0],"gold":337,"neow_bonus":"HUNDRED_GOLD","is_daily":false,"chose_seed":false,"campfire_upgraded":6,"win_rate":0.0,"timestamp":1608363655,"path_taken":["M","M","M","$","M","R","E","R","T","R","?","E","?","M","R","BOSS","M","M","$","?","?","R","E","?","T","$","?","R","?","M","R","BOSS","M","M","$","?","M","R","E","M","T","R","M","R","E","M","R","BOSS"],"items_purchased_type":["Card","Relic","Card","Card","Card","Card","Relic","Card"],"build_version":"2020-12-13","purchased_purges":2,"victory":false,"max_hp_per_floor":[66,66,66,66,66,66,66,66,66,66,66,80,80,80,80,80,80,80,80,80,85,85,85,85,85,85,85,85,85,85,85,85,85,85,85,85,85,85,85,85,85,85,85,85,85,85,85,85,85,85,85],"card_choices":[{"not_picked":["Infinite Blades","Expertise"],"picked":"Dagger Throw","floor":1.0},{"not_picked":["Choke","Terror"],"picked":"PiercingWail","floor":2.0},{"not_picked":["Choke","Concentrate"],"picked":"Bouncing Flask","floor":3.0},{"not_picked":["Underhanded Strike","Dash"],"picked":"Deflect","floor":5.0},{"not_picked":["Well Laid Plans","Accuracy"],"picked":"Backflip","floor":7.0},{"not_picked":["Grand Finale","Riddle With Holes"],"picked":"Tactician","floor":12.0},{"not_picked":["Well Laid Plans","Deflect"],"picked":"Noxious Fumes","floor":14.0},{"not_picked":["Venomology","Unload"],"picked":"After Image","floor":16.0},{"not_picked":["Choke","Bane","Deflect"],"picked":"SKIP","floor":18.0},{"not_picked":["Slice+1","Deflect","Riddle With Holes"],"picked":"SKIP","floor":19.0},{"not_picked":["Dagger Spray+1","Prepared"],"picked":"Dodge and Roll","floor":22.0},{"not_picked":["Flechettes","Outmaneuver","Dagger Spray"],"picked":"SKIP","floor":24.0},{"not_picked":["Finisher","Storm of Steel","Outmaneuver"],"picked":"SKIP","floor":31.0},{"not_picked":["Bouncing Flask+1","Expertise","Dodge and Roll"],"picked":"SKIP","floor":35.0},{"not_picked":["Outmaneuver","Quick Slash+1"],"picked":"Backflip","floor":36.0},{"not_picked":["Bouncing Flask","Outmaneuver"],"picked":"Tactician+1","floor":37.0},{"not_picked":["Cloak And Dagger","Deadly Poison+1"],"picked":"Tactician","floor":37.0},{"not_picked":["Bane","Backflip"],"picked":"Prepared","floor":37.0},{"not_picked":["Deflect","Concentrate"],"picked":"Blur+1","floor":37.0},{"not_picked":["Slice","Backstab","Deflect"],"picked":"SKIP","floor":39.0},{"not_picked":["Flying Knee","Flechettes+1","Setup"],"picked":"SKIP","floor":41.0},{"not_picked":["Bouncing Flask+1","Dodge and Roll","Outmaneuver"],"picked":"SKIP","floor":42.0},{"not_picked":["Dagger Spray+1","Backflip"],"picked":"Prepared+1","floor":45.0},{"not_picked":["Prepared","Finisher+1","Skewer+1"],"picked":"SKIP","floor":47.0},{"not_picked":["Sucker Punch","Noxious Fumes","Flying Knee"],"picked":"SKIP","floor":48.0}],"player_experience":735918,"relics_obtained":[{"floor":7.0,"key":"Blue Candle"},{"floor":9.0,"key":"Torii"},{"floor":12.0,"key":"Mango"},{"floor":22.0,"key":"Red Mask"},{"floor":24.0,"key":"Tiny Chest"},{"floor":26.0,"key":"Juzu Bracelet"},{"floor":28.0,"key":"The Specimen"},{"floor":38.0,"key":"MawBank"},{"floor":41.0,"key":"Mummified Hand"},{"floor":43.0,"key":"PreservedInsect"},{"floor":47.0,"key":"Happy Flower"}],"event_choices":[{"damage_healed":0.0,"max_hp_gain":0.0,"max_hp_loss":0.0,"gold_gain":0.0,"event_name":"Dead Adventurer","player_choice":"Searched \u00271\u0027 times","floor":11.0,"gold_loss":0.0,"damage_taken":0.0},{"damage_healed":0.0,"max_hp_gain":0.0,"max_hp_loss":0.0,"gold_gain":75.0,"event_name":"World of Goop","player_choice":"Gather Gold","floor":13.0,"gold_loss":0.0,"damage_taken":11.0},{"damage_healed":0.0,"max_hp_gain":5.0,"max_hp_loss":0.0,"gold_gain":0.0,"event_name":"Forgotten Altar","player_choice":"Shed Blood","floor":21.0,"gold_loss":0.0,"damage_taken":28.0},{"damage_healed":0.0,"max_hp_gain":0.0,"max_hp_loss":0.0,"gold_gain":0.0,"event_name":"Masked Bandits","player_choice":"Fought Bandits","floor":22.0,"gold_loss":0.0,"damage_taken":0.0},{"damage_healed":0.0,"max_hp_gain":0.0,"max_hp_loss":0.0,"gold_gain":0.0,"event_name":"Cursed Tome","player_choice":"Ignored","floor":30.0,"gold_loss":0.0,"damage_taken":0.0}],"is_beta":false,"boss_relics":[{"not_picked":["Cursed Key","Runic Pyramid"],"picked":"Astrolabe"},{"not_picked":["Velvet Choker","SacredBark"],"picked":"Sozu"}],"items_purged_floors":[4,27],"is_endless":false,"potions_floor_spawned":[1,5,7,19,22,35,41,42,45],"killed_by":"Donu and Deca","ascension_level":20}}