{"host":"rihxvzvzrfpivboj","time":1608412070,"event":{"mods":["Act Like it!","BaseMod","Better Third Choice","Block Reminder","Colored Map","Colored Powertips","Duelist Mod","Gensokyo","GifTheSpireLib","Keyboard Shortcuts","KomeijiMod","Minty Spire (QoL Compilation)","Quick Restart","Relic Sorter","StSLib","The Jungle","Unceasing Turn Reminder","Waifu the Spire","[IsaacMod]à»éTêÎìÉ"],"gold_per_floor":[137,155,169,169,189,216,231,263,263,263,275,275,302,98,98,205,205,233,252,0,0,29,63,63,63],"floor_reached":24,"playtime":3031,"items_purged":["Pain","theDuelist:ZombieCorpse"],"score":284,"play_id":"36495f5b-f5f5-4b85-8f89-3d148700a1c6","local_time":"20201219220750","is_ascension_mode":true,"campfire_choices":[{"data":"theDuelist:RelinquishedFusion","floor":10,"key":"SMITH"},{"floor":12,"key":"REST"},{"floor":15,"key":"REST"}],"circlet_count":0,"master_deck":["theDuelist:ZombieCorpse","theDuelist:ZombieCorpse","theDuelist:ZombieCorpse","theDuelist:ZombieCorpse","theDuelist:ZombieCorpse","theDuelist:ArchfiendZombieSkull","theDuelist:ArmoredZombie","theDuelist:ArmoredZombie","theDuelist:ArmoredZombie","theDuelist:ClownZombie","theDuelist:ClownZombie","theDuelist:ShallowGrave","theDuelist:TutanMask","theDuelist:VampireDuke","theDuelist:OboroGuruma","theDuelist:RelinquishedFusion+1","theDuelist:VampireDomain","theDuelist:VampireDomain","theDuelist:RelinquishedFusion+1","theDuelist:BoneMouse+1","theDuelist:CustomResummonCard","theDuelist:NecroworldBanshee","theDuelist:Chewbone+1"],"relics":["theDuelist:MillenniumPuzzle","theDuelist:CardPoolRelic","theDuelist:CardPoolBasicRelic","theDuelist:BoosterPackPoolRelic","theDuelist:CardPoolAddRelic","theDuelist:CardPoolMinusRelic","theDuelist:CardPoolSaveRelic","theDuelist:CardPoolOptionsRelic","HushsDoor","KeepersGift","Gensokyo:LunaticRedEyes","Omamori","SteamSale","Toxic Egg 2","CeramicFish","SlaversCollar","Matryoshka","Orichalcum","theDuelist:GhostToken","Void"],"acts_visited":["Exordium","Gensokyo:Gensokyo"],"potions_floor_usage":[8,13,24],"damage_taken":[{"damage":0,"enemies":"Gensokyo:2_Kodama","floor":1,"turns":3},{"damage":0,"enemies":"Gensokyo:Python","floor":2,"turns":3},{"damage":2,"enemies":"Gensokyo:Gryphon","floor":3,"turns":2},{"damage":2,"enemies":"Gensokyo:LivingMonolith","floor":5,"turns":2},{"damage":33,"enemies":"Gensokyo:Cirno","floor":6,"turns":9},{"damage":11,"enemies":"Gensokyo:Python_and_Kodama","floor":7,"turns":4},{"damage":5,"enemies":"Gensokyo:Aya","floor":8,"turns":4},{"damage":18,"enemies":"Gensokyo:Kitsune","floor":11,"turns":4},{"damage":22,"enemies":"Gensokyo:Mamizou","floor":13,"turns":8},{"damage":27,"enemies":"Gensokyo:Kokoro","floor":16,"turns":11},{"damage":32,"enemies":"Gensokyo:3_Dogs","floor":18,"turns":5},{"damage":5,"enemies":"Gensokyo:Chomper","floor":19,"turns":3},{"damage":9,"enemies":"Gensokyo:Slime_Group","floor":22,"turns":4},{"damage":20,"enemies":"Gensokyo:Reisen","floor":23,"turns":5},{"damage":22,"enemies":"Gensokyo:Monolith_and_Dog","floor":24,"turns":3}],"seed_played":"-683913233174538196","potions_obtained":[{"floor":1,"key":"theDuelist:FlamingBottle"},{"floor":2,"key":"theDuelist:VoidBottle"},{"floor":5,"key":"PowerPotion"},{"floor":16,"key":"BloodPotion"},{"floor":23,"key":"SteroidPotion"}],"is_trial":false,"path_per_floor":["M","M","M","?","M","E","M","E","T","R","M","R","E","$","R","B",null,"M","M","$","?","M","E","M"],"character_chosen":"THE_DUELIST","items_purchased":["theDuelist:BoneMouse+1","CeramicFish","theDuelist:MetronomeRelicB","Matryoshka","Orichalcum"],"campfire_rested":2,"item_purchase_floors":[14,14,14,20,20],"current_hp_per_floor":[88,88,86,86,84,51,40,35,35,35,17,43,21,21,47,20,88,56,51,51,51,42,22,0,0],"gold":63,"neow_bonus":"TEN_PERCENT_HP_BONUS","is_daily":false,"chose_seed":false,"campfire_upgraded":1,"win_rate":0.0,"timestamp":1608412070,"path_taken":["M","M","M","?","M","E","M","E","T","R","?","R","E","$","R","BOSS","M","?","$","?","?","E","M"],"items_purchased_type":["Card","Relic","Relic","Relic","Relic"],"build_version":"2020-12-13","purchased_purges":2,"victory":false,"max_hp_per_floor":[88,88,88,88,88,88,88,88,88,88,88,88,88,88,88,88,88,88,88,88,81,81,81,81,81],"card_choices":[{"not_picked":["theDuelist:SouleatingOviraptor","theDuelist:GarbageLord","theDuelist:RedEyesZombie","theDuelist:VampireGrace"],"picked":"theDuelist:GhostrickWarwolf","floor":0},{"not_picked":["theDuelist:TerraTerrible","theDuelist:Lajinn","theDuelist:ZombieWarrior","theDuelist:Pumpking"],"picked":"theDuelist:VampireLord","floor":1},{"not_picked":["theDuelist:Pumpking","theDuelist:VampireLady","theDuelist:CheerfulCoffin","theDuelist:VampireGrimson"],"picked":"theDuelist:VampireDuke","floor":2},{"not_picked":["theDuelist:YukiOnnaIce","theDuelist:Yoko","theDuelist:Hajun","theDuelist:Dakki"],"picked":"theDuelist:OboroGuruma","floor":3},{"not_picked":["theDuelist:SilentDoom","theDuelist:FuryFire","theDuelist:OneForOne","theDuelist:Mausoleum"],"picked":"theDuelist:RelinquishedFusion","floor":5},{"not_picked":["theDuelist:DoomDonuts","theDuelist:SphereKuriboh","theDuelist:CardSafeReturn"],"picked":"theDuelist:VampireDomain","floor":6},{"not_picked":["theDuelist:DoomDonuts","theDuelist:MayakashiReturn","theDuelist:BookMoon","theDuelist:OniGamiCombo"],"picked":"theDuelist:VampireDomain","floor":7},{"not_picked":["theDuelist:VampireVamp","theDuelist:VampireSorcerer","theDuelist:VampireFraulein","theDuelist:VampireDuke"],"picked":"theDuelist:VampireRetainer","floor":8},{"not_picked":["theDuelist:MayakashiReturn","theDuelist:GhostrickScare","theDuelist:AntiFusionDevice","theDuelist:DarknessNeosphere"],"picked":"theDuelist:EndlessDecay","floor":11},{"not_picked":["theDuelist:TutanMask+1","theDuelist:ShallowGrave+1","theDuelist:VampireDomain"],"picked":"theDuelist:RelinquishedFusion+1","floor":13},{"not_picked":["theDuelist:CallGrave","theDuelist:LightningBlade","theDuelist:AmuletAmbition+1","theDuelist:FusionGuard+1"],"picked":"theDuelist:BookLife+1","floor":16},{"not_picked":["theDuelist:DoomsdayHorror","theDuelist:SouleatingOviraptor","theDuelist:GhostOgre","theDuelist:FabledGallabas+1"],"picked":"theDuelist:NecroworldBanshee","floor":18},{"not_picked":["theDuelist:FireDarts+1","theDuelist:Wiretap+1","theDuelist:Cloning+1","theDuelist:VendreadRevolution+1","theDuelist:VendreadReunion+1"],"picked":"SKIP","floor":19},{"not_picked":["theDuelist:Relinkuriboh","theDuelist:SkullArchfiend","theDuelist:NecroworldBanshee","theDuelist:FossilSkullKing"],"picked":"theDuelist:Chewbone+1","floor":22},{"not_picked":["theDuelist:Kasha","theDuelist:GoblinZombie","theDuelist:TriWight+1","theDuelist:MoltenZombie+1","theDuelist:UmbralHorrorGhoul"],"picked":"SKIP","floor":23},{"not_picked":["theDuelist:Kasha","theDuelist:GoblinZombie","theDuelist:TriWight+1","theDuelist:MoltenZombie+1","theDuelist:UmbralHorrorGhoul"],"picked":"SKIP","floor":23}],"player_experience":947311,"relics_obtained":[{"floor":6,"key":"Omamori"},{"floor":8,"key":"SteamSale"},{"floor":13,"key":"Toxic Egg 2"},{"floor":23,"key":"Void"}],"event_choices":[],"is_beta":false,"boss_relics":[{"not_picked":["Cursed Key","Ectoplasm"],"picked":"SlaversCollar"},{"not_picked":[]}],"items_purged_floors":[14,20],"is_endless":false,"potions_floor_spawned":[1,2,5,7,16,23],"killed_by":"Gensokyo:Monolith_and_Dog","ascension_level":2}}