{"host":"vumwfieg2b2mnrfl","time":1608350537,"event":{"mods":["AchievementEnabler","BaseMod","Minty Spire (QoL Compilation)","Rare Cards Sparkle","Relic Stats"],"gold_per_floor":[119,119,119,119,119,152,163,163,188,233,258,305,118,135,135,135,135],"floor_reached":16,"playtime":395,"items_purged":[],"score":193,"play_id":"fbd5db85-043e-4dc0-b8f8-334d1ac214b2","local_time":"20201218220217","is_ascension_mode":true,"campfire_choices":[{"data":"Double Tap","floor":8,"key":"SMITH"},{"floor":15,"key":"REST"}],"circlet_count":0,"master_deck":["Strike_R","Strike_R","Strike_R","Strike_R","Defend_R+1","Defend_R+1","Defend_R","Defend_R","Bash","Hemokinesis","Burning Pact","Double Tap+1","Body Slam","Armaments","Anger","Sword Boomerang","Shrug It Off","Shrug It Off"],"relics":["Burning Blood","NeowsBlessing","War Paint","MawBank","Shovel","Potion Belt","Medical Kit"],"acts_visited":["Exordium"],"potions_floor_usage":[14,16,16],"damage_taken":[{"damage":0.0,"enemies":"Jaw Worm","floor":1.0,"turns":1.0},{"damage":0,"enemies":"3 Sentries","floor":6,"turns":2},{"damage":0,"enemies":"Small Slimes","floor":7,"turns":1},{"damage":58,"enemies":"Gremlin Nob","floor":10,"turns":5},{"damage":2,"enemies":"2 Louse","floor":11,"turns":2},{"damage":28,"enemies":"Lagavulin","floor":12,"turns":6},{"damage":3,"enemies":"2 Fungi Beasts","floor":14,"turns":4},{"damage":55,"enemies":"The Guardian","floor":16,"turns":10}],"seed_played":"-2188172743573044579","potions_obtained":[{"floor":7,"key":"Regen Potion"},{"floor":11,"key":"Block Potion"},{"floor":12,"key":"CultistPotion"}],"is_trial":false,"path_per_floor":["M","$","?","?","$","E","M","R","T","E","M","E","$","M","R","B"],"character_chosen":"IRONCLAD","items_purchased":["Medical Kit","Shrug It Off"],"campfire_rested":1,"item_purchase_floors":[13,13],"current_hp_per_floor":[78,78,78,78,78,80,80,80,80,28,32,10,10,13,37,0,0],"gold":135,"neow_bonus":"THREE_ENEMY_KILL","is_daily":false,"chose_seed":false,"campfire_upgraded":1,"win_rate":0.0,"timestamp":1608350537,"path_taken":["M","$","?","?","$","E","M","R","T","E","M","E","?","M","R","BOSS"],"items_purchased_type":["Relic","Card"],"build_version":"2020-12-13","purchased_purges":0,"victory":false,"max_hp_per_floor":[80,80,80,80,80,80,80,80,80,80,80,80,80,80,80,80,80],"relic_stats":{"Shovel":0,"counters":[8,31],"War Paint":["Defend_R","Defend_R"],"MawBank":48,"Medical Kit":[0],"obtain_stats":[{"Potion Belt":12,"Shovel":10,"NeowsBlessing":0,"War Paint":6,"MawBank":9,"Medical Kit":13,"Burning Blood":0},{"Potion Belt":6,"Shovel":4,"NeowsBlessing":0,"War Paint":2,"MawBank":3,"Medical Kit":6,"Burning Blood":0},{"Potion Belt":17,"Shovel":9,"NeowsBlessing":0,"War Paint":3,"MawBank":4,"Medical Kit":17,"Burning Blood":0}],"Burning Blood":32},"card_choices":[{"not_picked":["True Grit","Rage"],"picked":"Hemokinesis","floor":1.0},{"not_picked":["True Grit","Sentinel"],"picked":"Double Tap","floor":6},{"not_picked":["True Grit","Inflame"],"picked":"Body Slam","floor":7},{"not_picked":["True Grit","Infernal Blade"],"picked":"Armaments","floor":10},{"not_picked":["Clothesline","Heavy Blade"],"picked":"Anger","floor":11},{"not_picked":["Havoc","Wild Strike"],"picked":"Sword Boomerang","floor":12},{"not_picked":["Rage","Sword Boomerang"],"picked":"Shrug It Off","floor":14}],"player_experience":252494,"relics_obtained":[{"floor":6,"key":"War Paint"},{"floor":9,"key":"MawBank"},{"floor":10,"key":"Shovel"},{"floor":12,"key":"Potion Belt"}],"event_choices":[{"damage_healed":0,"gold_gain":0,"player_choice":"Fled","damage_taken":0,"max_hp_gain":0,"max_hp_loss":0,"event_name":"Scrap Ooze","floor":3,"gold_loss":0},{"damage_healed":0,"gold_gain":0,"cards_transformed":["Strike_R"],"player_choice":"Change","damage_taken":0,"max_hp_gain":0,"max_hp_loss":0,"event_name":"Living Wall","floor":4,"gold_loss":0,"cards_obtained":["Burning Pact"]}],"is_beta":false,"boss_relics":[],"items_purged_floors":[],"is_endless":false,"potions_floor_spawned":[7,11,12],"killed_by":"The Guardian","ascension_level":7}}