{"host":"qg7fj05lalo09o61","time":1608375682,"event":{"mods":["Act Like it!","Always Whale","BaseMod","CapriCore","Gensokyo","Minty Spire (QoL Compilation)","StSLib","Yuyuko"],"gold_per_floor":[110,128,158,13,27,60,78,110,135,150,150,150,191,203,215,328,340,370,394,406,418,430,470,482,512,524,536,575,587,630,658,670,780,792,819,846,858,886,898,910,972,984,996,1008,1030,1068,1080,430,430,430],"floor_reached":51,"playtime":3875,"items_purged":[],"score":906,"play_id":"141a5626-241e-4366-9b47-ff2bdb1df981","local_time":"20201219140122","is_ascension_mode":true,"campfire_choices":[{"floor":11.0,"key":"REST"},{"floor":15.0,"key":"REST"},{"floor":24,"key":"REST"},{"data":"Reinforced Body","floor":27,"key":"SMITH"},{"data":"Become Phantom","floor":29,"key":"SMITH"},{"floor":32,"key":"REST"},{"floor":40,"key":"REST"},{"data":"All Wander","floor":42,"key":"SMITH"},{"data":"Home of Suicide","floor":49,"key":"SMITH"}],"circlet_count":0,"master_deck":["Fantasy Butterflies","Fantasy Butterflies","Fantasy Butterflies","Fantasy Butterflies","Fantasy Butterflies","Dreamy Sakura","Dreamy Sakura","Dreamy Sakura","Dreamy Sakura","Dreamy Sakura","Deathly Ground","Bomb","Ghostdom Sakura","Dying Butterflies","Lunch","Become Phantom","Gather the Spring","Home of Suicide","Become Phantom+1","Lunch","Reinforced Body+1","City of Death","Snow+1","Redemption of Death+1","Fondling of Papilio","Dark Wind","Ghost Spot","Redemption of Death+1","Flash of Steel+1","Dark Shackles","Dramatic Entrance+1","Become Phantom+1","All Wander+1","Fondling of Papilio+1","Home of Suicide+1","Postpone Bloom","Bloom","Secret Weapon"],"relics":["Coronal","Yuyuko\u0027s fan","Oddly Smooth Stone","Lantern","Chemical X","Meat on the Bone","Centennial Puzzle","Regal Pillow","MawBank","Molten Egg 2","Pear","Sozu","Gensokyo:DirgeOfMelancholy","Unceasing Top","Blue Candle","Bottled Tornado","Pear","Runic Pyramid","Pocketwatch","Question Card","Singing Bowl","Bottled Lightning","Lee\u0027s Waffle"],"acts_visited":["Exordium","Gensokyo:Gensokyo","TheBeyond"],"potions_floor_usage":[41],"damage_taken":[{"damage":19.0,"enemies":"Gensokyo:2_Kodama","floor":1.0,"turns":3.0},{"damage":16.0,"enemies":"Gensokyo:Python","floor":2.0,"turns":4.0},{"damage":28.0,"enemies":"Gensokyo:Mamizou","floor":3.0,"turns":11.0},{"damage":10.0,"enemies":"Gensokyo:Gryphon","floor":5.0,"turns":3.0},{"damage":19.0,"enemies":"Gensokyo:Cirno","floor":6.0,"turns":5.0},{"damage":19.0,"enemies":"Gensokyo:Kitsune","floor":7.0,"turns":3.0},{"damage":46.0,"enemies":"Gensokyo:Aya","floor":8.0,"turns":7.0},{"damage":20.0,"enemies":"Gensokyo:Gryphon_and_Rabbit","floor":10.0,"turns":4.0},{"damage":26.0,"enemies":"Gensokyo:Cirno","floor":13.0,"turns":5.0},{"damage":47.0,"enemies":"Gensokyo:Yukari","floor":16.0,"turns":8.0},{"damage":11,"enemies":"Gensokyo:Chomper","floor":18,"turns":3},{"damage":11,"enemies":"Gensokyo:2_Gloops","floor":19,"turns":3},{"damage":15,"enemies":"Gensokyo:Reisen","floor":23,"turns":4},{"damage":8,"enemies":"Gensokyo:Swordslinger","floor":25,"turns":4},{"damage":20,"enemies":"Gensokyo:Koishi","floor":28,"turns":5},{"damage":5,"enemies":"Gensokyo:Reisen","floor":30,"turns":4},{"damage":39,"enemies":"Gensokyo:Mirror_and_Dog","floor":31,"turns":4},{"damage":22,"enemies":"Gensokyo:Eiki","floor":33,"turns":6},{"damage":13,"enemies":"Orb Walker","floor":35,"turns":3},{"damage":15,"enemies":"3 Shapes","floor":36,"turns":3},{"damage":15,"enemies":"Jaw Worm Horde","floor":38,"turns":2},{"damage":21,"enemies":"2 Orb Walkers","floor":41,"turns":3},{"damage":18,"enemies":"Transient","floor":45,"turns":5},{"damage":10,"enemies":"Reptomancer","floor":46,"turns":3},{"damage":50,"enemies":"Awakened One","floor":50,"turns":6}],"seed_played":"3704713964306364816","potions_obtained":[{"floor":3.0,"key":"EssenceOfSteel"},{"floor":5.0,"key":"Explosive Potion"},{"floor":8.0,"key":"LiquidMemories"}],"is_trial":false,"path_per_floor":["M","M","?","$","M","E","M","E","T","M","R","?","E","?","R","B",null,"M","M","?","$","?","E","R","M","T","R","E","R","E","M","R","B",null,"M","M","?","M","?","R","?","R","T","$","M","E","?","$","R","B",null],"character_chosen":"YUYOKO","items_purchased":["Chemical X","Bottled Lightning","Lee\u0027s Waffle","Postpone Bloom","Bloom","Secret Weapon"],"campfire_rested":5,"item_purchase_floors":[4,48,48,48,48,48],"current_hp_per_floor":[25,25,25,25,36,35,32,23,23,18,40,32,20,15,45,42,50,41,41,41,41,41,46,50,46,46,46,45,45,59,56,60,54,60,57,57,47,40,40,60,57,57,57,57,59,59,59,69,69,53],"gold":430,"neow_bonus":"RANDOM_COMMON_RELIC","is_daily":false,"chose_seed":false,"campfire_upgraded":4,"win_rate":0.0,"timestamp":1608375682,"path_taken":["M","?","?","$","?","E","M","E","T","?","R","?","E","?","R","BOSS","M","M","?","$","?","E","R","M","T","R","E","R","E","M","R","BOSS","M","M","?","M","?","R","?","R","T","$","M","E","?","$","R","BOSS"],"items_purchased_type":["Relic","Relic","Relic","Card","Card","Card"],"build_version":"2020-12-13","purchased_purges":0,"victory":true,"max_hp_per_floor":[40,40,40,40,40,40,40,40,40,40,40,40,40,50,50,50,50,50,50,50,50,50,50,50,50,50,50,50,50,60,60,60,60,60,60,60,60,60,60,60,60,60,60,60,60,62,62,69,69,69],"card_choices":[{"not_picked":["Spear of Papilio","Redemption of Death"],"picked":"Bomb","floor":1.0},{"not_picked":["Gather the Spring","Unstable Ward"],"picked":"Ghostdom Sakura","floor":2.0},{"not_picked":["Showy Withering","Childlike"],"picked":"Dying Butterflies","floor":3.0},{"not_picked":["Elegance","Unborn Light","Song of Papilio"],"picked":"SKIP","floor":5.0},{"not_picked":["Infinite Sin","Spear of Papilio","Immigrant Phantom"],"picked":"SKIP","floor":6.0},{"not_picked":["Gather the Spring","End of Faramita"],"picked":"Lunch","floor":7.0},{"not_picked":["Infinite Reviving","Steamed Phantom"],"picked":"Become Phantom","floor":8.0},{"not_picked":["Steamed Phantom","Unborn Light"],"picked":"Gather the Spring","floor":10.0},{"not_picked":["The Forgotten Winter","Wandering Soul","Phantom Village"],"picked":"SKIP","floor":13.0},{"not_picked":["The Inky Sakura+1","Mirror of Mind"],"picked":"Home of Suicide","floor":16.0},{"not_picked":["Snow","Gather the Spring+1"],"picked":"Become Phantom","floor":18},{"not_picked":["Reverse The Screen","Triple Snow"],"picked":"Lunch","floor":19},{"not_picked":["Triple Snow","Gather the Spring+1"],"picked":"City of Death","floor":23},{"not_picked":["The Forgotten Winter","Elegance"],"picked":"Snow+1","floor":25},{"not_picked":["Stifle+1","Gauzy Sakura"],"picked":"Redemption of Death+1","floor":28},{"not_picked":["Infinite Sin+1","Mirror of Mind"],"picked":"Fondling of Papilio","floor":30},{"not_picked":["Song of Papilio","Spear of Papilio+1"],"picked":"Dark Wind","floor":31},{"not_picked":["The Inky Sakura+1","Float on Moon"],"picked":"Ghost Spot","floor":33},{"not_picked":["The Nether+1","Unstable Ward+1","Song of Papilio"],"picked":"SKIP","floor":35},{"not_picked":["The Forgotten Winter+1","Infinite Sin+1"],"picked":"Redemption of Death+1","floor":36},{"not_picked":["Madness","Deep Breath"],"picked":"Flash of Steel+1","floor":37},{"not_picked":["Panacea","Master of Strategy"],"picked":"Dark Shackles","floor":37},{"not_picked":["Jack Of All Trades","Finesse"],"picked":"Dramatic Entrance+1","floor":37},{"not_picked":["Suicide+1","Ghostdom Sakura+1"],"picked":"Become Phantom+1","floor":38},{"not_picked":["Steamed Phantom","Redemption of Death+1"],"picked":"All Wander","floor":41},{"not_picked":["Spear of Papilio+1","Explore Ghostdom","Bloom"],"picked":"Fondling of Papilio+1","floor":45},{"not_picked":["Final of Final+1","Dancing Butterflies+1","Cerasus Subhirtella","End of Faramita+1"],"picked":"Singing Bowl","floor":46}],"player_experience":209797,"relics_obtained":[{"floor":3.0,"key":"Lantern"},{"floor":6.0,"key":"Meat on the Bone"},{"floor":8.0,"key":"Centennial Puzzle"},{"floor":9.0,"key":"Regal Pillow"},{"floor":13.0,"key":"Molten Egg 2"},{"floor":23,"key":"Unceasing Top"},{"floor":26,"key":"Blue Candle"},{"floor":28,"key":"Bottled Tornado"},{"floor":30,"key":"Pear"},{"floor":41,"key":"Pocketwatch"},{"floor":43,"key":"Question Card"},{"floor":46,"key":"Singing Bowl"}],"event_choices":[{"damage_healed":0,"gold_gain":0,"player_choice":"Memory 3","damage_taken":10,"max_hp_gain":0,"max_hp_loss":0,"event_name":"SensoryStone","floor":37,"gold_loss":0},{"damage_healed":0,"gold_gain":0,"player_choice":"Ignored","damage_taken":0,"max_hp_gain":0,"max_hp_loss":0,"event_name":"Tomb of Lord Red Mask","floor":39,"gold_loss":0},{"damage_healed":0,"gold_gain":0,"player_choice":"Fight","damage_taken":0,"max_hp_gain":0,"max_hp_loss":0,"event_name":"Mysterious Sphere","floor":41,"gold_loss":0},{"damage_healed":0,"gold_gain":0,"cards_transformed":["Faramita\u0027s Temptation"],"player_choice":"Transformed","damage_taken":0,"max_hp_gain":0,"max_hp_loss":0,"event_name":"Transmorgrifier","floor":47,"gold_loss":0,"cards_obtained":["Home of Suicide"]}],"is_beta":false,"boss_relics":[{"not_picked":["Ectoplasm","SlaversCollar"],"picked":"Sozu"},{"not_picked":["Empty Cage","Tiny House"],"picked":"Runic Pyramid"}],"items_purged_floors":[],"is_endless":false,"potions_floor_spawned":[3,5,8,19,25,30,35,36],"ascension_level":3}}