{"host":"sz8c8ni79nvzjmmg","time":1608406199,"event":{"mods":["AchievementEnabler","BaseMod","DeckTracker","Keyboard Shortcuts","Minty Spire (QoL Compilation)","SuperFastMode"],"gold_per_floor":[112,112,187,200,215,215,215,215,215,140,140,151,170,197,197,268,268,279,7,21,21,38,70,83,100,126,154,172,198,216,232,232,310,310,328,348,361,412,412,446,446,446,470,505,208,238,248,283,283,283,283,283,283,49,84,84,84],"floor_reached":56,"playtime":2491,"items_purged":["Strike_P","Consecrate","SignatureMove+1","Defend_P+1"],"score":2408,"play_id":"be0328ba-02eb-4395-a7fd-cb1d1fd477ab","local_time":"20201220042959","is_ascension_mode":true,"campfire_choices":[{"floor":6.0,"key":"REST"},{"floor":11.0,"key":"REST"},{"data":"Eruption","floor":15.0,"key":"SMITH"},{"floor":32.0,"key":"REST"},{"floor":42.0,"key":"DIG"},{"floor":49,"key":"RECALL"},{"floor":53,"key":"DIG"}],"circlet_count":0,"master_deck":["AscendersBane","Strike_P+1","Strike_P+1","Defend_P+1","Eruption+1","Vigilance+1","LessonLearned+1","EmptyBody+1","Perseverance+1","Tantrum","CarveReality+1","Ragnarok+1","Ragnarok+1","InnerPeace+1","Worship+1","FearNoEvil+1","Vault+1","Worship","Vault+1","MentalFortress","Swivel","MentalFortress+1","Fasting2+1"],"relics":["HolyWater","Centennial Puzzle","Kunai","Blue Candle","Snecko Eye","ClockworkSouvenir","Bottled Lightning","Boot","Juzu Bracelet","Oddly Smooth Stone","Shovel","Nunchaku","Toy Ornithopter","Vajra","White Beast Statue","TheAbacus","Bag of Marbles","Frozen Egg 2","Pantograph","Lantern"],"acts_visited":["Exordium","TheCity","TheBeyond","TheEnding"],"potions_floor_usage":[56,56],"damage_taken":[{"damage":7.0,"enemies":"2 Louse","floor":1.0,"turns":4.0},{"damage":5.0,"enemies":"Small Slimes","floor":4.0,"turns":4.0},{"damage":12.0,"enemies":"Jaw Worm","floor":5.0,"turns":3.0},{"damage":0.0,"enemies":"3 Louse","floor":12.0,"turns":3.0},{"damage":13.0,"enemies":"Blue Slaver","floor":13.0,"turns":5.0},{"damage":0.0,"enemies":"Gremlin Nob","floor":14.0,"turns":2.0},{"damage":2.0,"enemies":"The Guardian","floor":16.0,"turns":8.0},{"damage":0.0,"enemies":"Spheric Guardian","floor":18.0,"turns":2.0},{"damage":3.0,"enemies":"2 Thieves","floor":20.0,"turns":2.0},{"damage":0.0,"enemies":"Snecko","floor":22.0,"turns":2.0},{"damage":0.0,"enemies":"Slavers","floor":23.0,"turns":1.0},{"damage":1.0,"enemies":"Centurion and Healer","floor":24.0,"turns":3.0},{"damage":0.0,"enemies":"Chosen and Byrds","floor":25.0,"turns":3.0},{"damage":8.0,"enemies":"Gremlin Leader","floor":27.0,"turns":2.0},{"damage":0.0,"enemies":"Cultist and Chosen","floor":28.0,"turns":4.0},{"damage":13.0,"enemies":"Book of Stabbing","floor":29.0,"turns":4.0},{"damage":20.0,"enemies":"3 Cultists","floor":30.0,"turns":4.0},{"damage":0.0,"enemies":"Snecko","floor":31.0,"turns":2.0},{"damage":24.0,"enemies":"Collector","floor":33.0,"turns":5.0},{"damage":0.0,"enemies":"3 Darklings","floor":35.0,"turns":3.0},{"damage":12.0,"enemies":"Orb Walker","floor":36.0,"turns":4.0},{"damage":0.0,"enemies":"3 Darklings","floor":37.0,"turns":2.0},{"damage":9.0,"enemies":"2 Orb Walkers","floor":38.0,"turns":3.0},{"damage":1.0,"enemies":"Nemesis","floor":40.0,"turns":4.0},{"damage":0.0,"enemies":"Reptomancer","floor":44.0,"turns":2.0},{"damage":0.0,"enemies":"Giant Head","floor":46.0,"turns":8.0},{"damage":0,"enemies":"Transient","floor":47,"turns":7},{"damage":0,"enemies":"Nemesis","floor":48,"turns":2},{"damage":10,"enemies":"Time Eater","floor":50,"turns":9},{"damage":0,"enemies":"Awakened One","floor":51,"turns":10},{"damage":20,"enemies":"Shield and Spear","floor":55,"turns":6},{"damage":81,"enemies":"The Heart","floor":56,"turns":7}],"seed_played":"4728233256512509670","potions_obtained":[{"floor":13.0,"key":"DistilledChaos"},{"floor":14.0,"key":"Strength Potion"},{"floor":16.0,"key":"PowerPotion"},{"floor":20.0,"key":"LiquidMemories"},{"floor":25.0,"key":"GamblersBrew"},{"floor":28.0,"key":"Energy Potion"},{"floor":29.0,"key":"Ancient Potion"},{"floor":33.0,"key":"SkillPotion"},{"floor":46.0,"key":"Weak Potion"}],"is_trial":false,"path_per_floor":["M","?","?","M","M","R","T","?","T","$","R","M","M","E","R","B",null,"M","$","M","?","M","E","M","M","T","E","M","E","M","M","R","B",null,"M","M","M","?","?","E","?","R","T","E","$","E","M","E","R","B","B",null,"R","$","E","B"],"character_chosen":"WATCHER","items_purchased":["ClockworkSouvenir","TheAbacus","Fasting2+1"],"campfire_rested":3,"item_purchase_floors":[19,45,54],"current_hp_per_floor":[54,36,25,20,8,28,28,28,28,28,48,48,35,35,35,33,59,59,59,56,56,56,56,55,55,55,47,47,34,14,14,34,10,54,54,42,42,33,33,32,32,32,32,37,37,37,37,37,37,27,27,58,58,58,38,0,0],"gold":84,"neow_bonus":"ONE_RANDOM_RARE_CARD","is_daily":false,"chose_seed":false,"campfire_upgraded":1,"win_rate":0.0,"timestamp":1608406199,"path_taken":["M","?","?","M","M","R","?","?","T","$","R","M","M","E","R","BOSS","M","$","M","?","M","E","M","M","T","E","M","E","M","M","R","BOSS","M","M","M","?","?","E","?","R","T","E","$","E","M","E","R","BOSS","BOSS","R","$","E","BOSS"],"items_purchased_type":["Relic","Relic","Card"],"build_version":"2020-12-13","purchased_purges":4,"victory":false,"max_hp_per_floor":[68,68,68,68,68,68,68,68,68,68,68,68,68,68,68,68,68,68,68,68,68,68,68,68,68,68,68,68,68,68,68,68,68,68,68,68,68,68,68,68,68,68,68,68,68,68,68,68,68,68,68,68,68,68,68,68,68],"card_choices":[{"not_picked":["ThirdEye","DeceiveReality"],"picked":"EmptyBody","floor":1.0},{"not_picked":["Perseverance","Fasting2","Indignation"],"picked":"SKIP","floor":4.0},{"not_picked":["Collect","EmptyBody"],"picked":"Consecrate","floor":5.0},{"not_picked":["WaveOfTheHand","CutThroughFate"],"picked":"Tantrum","floor":12.0},{"not_picked":["BowlingBash","Evaluate"],"picked":"CarveReality","floor":13.0},{"not_picked":["CrushJoints","JustLucky"],"picked":"Ragnarok","floor":14.0},{"not_picked":["Consecrate","ThirdEye+1","WreathOfFlame"],"picked":"SKIP","floor":18.0},{"not_picked":["DeceiveReality+1","Wireheading","CarveReality"],"picked":"SKIP","floor":20.0},{"not_picked":["JustLucky+1","Crescendo","Prostrate"],"picked":"SKIP","floor":22.0},{"not_picked":["EmptyFist","Study"],"picked":"InnerPeace","floor":23.0},{"not_picked":["Conclude","PathToVictory","Crescendo"],"picked":"SKIP","floor":24.0},{"not_picked":["EmptyFist","Crescendo"],"picked":"Worship","floor":25.0},{"not_picked":["Halt","JustLucky","FollowUp"],"picked":"SKIP","floor":27.0},{"not_picked":["TalkToTheHand","LikeWater","ThirdEye"],"picked":"SKIP","floor":28.0},{"not_picked":["Judgement","WaveOfTheHand","WindmillStrike"],"picked":"SKIP","floor":29.0},{"not_picked":["Fasting2","Prostrate","Sanctity"],"picked":"SKIP","floor":30.0},{"not_picked":["Fasting2","Halt"],"picked":"FearNoEvil","floor":31.0},{"not_picked":["Devotion","Wish"],"picked":"Vault","floor":33.0},{"not_picked":["FollowUp+1","EmptyFist","Tantrum+1"],"picked":"SKIP","floor":35.0},{"not_picked":["Collect","Crescendo","Study"],"picked":"SKIP","floor":36.0},{"not_picked":["ThirdEye","CrushJoints","BattleHymn+1"],"picked":"SKIP","floor":37.0},{"not_picked":["Study","JustLucky"],"picked":"Worship","floor":40.0},{"not_picked":["WindmillStrike+1","Consecrate+1"],"picked":"MentalFortress","floor":44.0},{"not_picked":["ClearTheMind+1","WindmillStrike"],"picked":"Swivel","floor":46.0},{"not_picked":["Swivel+1","Crescendo+1","Halt+1"],"picked":"SKIP","floor":47},{"not_picked":["Nirvana+1","Protect"],"picked":"MentalFortress+1","floor":48},{"not_picked":["CutThroughFate","Worship","Wireheading+1"],"picked":"SKIP","floor":55}],"player_experience":1203913,"relics_obtained":[{"floor":7.0,"key":"Kunai"},{"floor":14.0,"key":"Blue Candle"},{"floor":23.0,"key":"Bottled Lightning"},{"floor":26.0,"key":"Boot"},{"floor":27.0,"key":"Juzu Bracelet"},{"floor":29.0,"key":"Oddly Smooth Stone"},{"floor":38.0,"key":"Shovel"},{"floor":40.0,"key":"Nunchaku"},{"floor":42.0,"key":"Toy Ornithopter"},{"floor":43.0,"key":"Vajra"},{"floor":44.0,"key":"White Beast Statue"},{"floor":46.0,"key":"Bag of Marbles"},{"floor":48,"key":"Frozen Egg 2"},{"floor":53,"key":"Pantograph"},{"floor":55,"key":"Lantern"}],"event_choices":[{"damage_healed":0.0,"max_hp_gain":0.0,"max_hp_loss":0.0,"gold_gain":0.0,"event_name":"Scrap Ooze","player_choice":"Success","floor":2.0,"gold_loss":0.0,"damage_taken":18.0,"relics_obtained":["Centennial Puzzle"]},{"damage_healed":0.0,"max_hp_gain":0.0,"max_hp_loss":0.0,"gold_gain":75.0,"event_name":"World of Goop","player_choice":"Gather Gold","floor":3.0,"gold_loss":0.0,"damage_taken":11.0},{"damage_healed":0.0,"max_hp_gain":0.0,"max_hp_loss":0.0,"gold_gain":0.0,"cards_transformed":["Defend_P"],"event_name":"Living Wall","player_choice":"Change","floor":8.0,"gold_loss":0.0,"damage_taken":0.0,"cards_obtained":["Perseverance"]},{"damage_healed":0.0,"max_hp_gain":0.0,"max_hp_loss":0.0,"gold_gain":0.0,"cards_transformed":["Strike_P","Defend_P"],"event_name":"Drug Dealer","player_choice":"Became Test Subject","floor":21.0,"gold_loss":0.0,"damage_taken":0.0,"cards_obtained":["SignatureMove","Ragnarok"]},{"damage_healed":0.0,"max_hp_gain":0.0,"max_hp_loss":0.0,"gold_gain":0.0,"event_name":"Mysterious Sphere","player_choice":"Fight","floor":38.0,"gold_loss":0.0,"damage_taken":0.0},{"damage_healed":0.0,"max_hp_gain":0.0,"max_hp_loss":0.0,"gold_gain":0.0,"event_name":"Tomb of Lord Red Mask","player_choice":"Ignored","floor":39.0,"gold_loss":0.0,"damage_taken":0.0},{"damage_healed":0.0,"max_hp_gain":0.0,"max_hp_loss":0.0,"gold_gain":0.0,"event_name":"Duplicator","player_choice":"Copied","floor":41.0,"gold_loss":0.0,"damage_taken":0.0,"cards_obtained":["Vault"]}],"is_beta":false,"boss_relics":[{"not_picked":["Runic Dome","Pandora\u0027s Box"],"picked":"Snecko Eye"},{"not_picked":["Tiny House","SlaversCollar"],"picked":"HolyWater"}],"items_purged_floors":[10,19,45,54],"is_endless":false,"potions_floor_spawned":[13,14,16,18,20,22,25,28,29,33,40,46,47,48,55],"killed_by":"The Heart","ascension_level":20}}