{"host":"8e68pzgs4bln6t6e","time":1608337968,"event":{"mods":["AchievementEnabler","Act Like it!","BaseMod","Better Note","BetterRewards","Colored Powertips","Googly Eyes","Hallownest","Hubris","Jorbs\u0027s Wanderer Trilogy","Marisa????????","Minty Spire (QoL Compilation)","Quick Restart","Rare Cards Sparkle","Replay The Spire","Shop Mod","StSLib","The Animator","The Bug Knight","The Cursed","The Disciple","The Hierophant","The Servant 0.9.4"],"gold_per_floor":[110,63,80,80,94,124,140,153,179,208,208,226,226,243,243,346,346,357,357,357,370,370,396,415,415,469,480,492,102,114,114,114,219,219,232,232,232,232],"floor_reached":37,"playtime":3374,"items_purged":["animator:Curse_Nutcracker"],"score":428,"play_id":"e6336bd1-d5f9-448e-a8e3-82cc087d3e6c","local_time":"20201219013248","is_ascension_mode":false,"campfire_choices":[{"data":"Rainbow","floor":11.0,"key":"SMITH"},{"data":"Chaos","floor":15.0,"key":"SMITH"},{"floor":25,"key":"REST"},{"floor":32,"key":"RECALL"}],"circlet_count":0,"master_deck":["Strike_B","Strike_B","Strike_B","Strike_B","Defend_B","Defend_B","Defend_B","Defend_B","Zap","Dualcast","Conserve Battery","Chill","Electrodynamics","Melter","Chaos+1","Redo","Turbo","Conserve Battery","Double Energy","CurseOfTheBell","Fusion","hubris:DuctTapeCard","Turbo+1","Redo+1","Lockon+1","Seek","Coolheaded+1","ReplayRNGCard"],"relics":["Cracked Core","hubris:Metronome","Happy Flower","Ancient Tea Set","Calling Bell","MealTicket","ReplayTheSpireMod:Ninjato","hubris:Zylophone","hubris:DuctTape","Durian","hubris:ToyBattleship","Thread and Needle","hubris:GrandSneckoEye","hubris:Towel","Prayer Wheel"],"acts_visited":["Exordium","TheCity","TheBeyond"],"potions_floor_usage":[23,24,27],"damage_taken":[{"damage":0.0,"enemies":"2 Louse","floor":1.0,"turns":2.0},{"damage":0.0,"enemies":"Cultist","floor":3.0,"turns":4.0},{"damage":4.0,"enemies":"Jaw Worm","floor":5.0,"turns":2.0},{"damage":8.0,"enemies":"Replay:BlueRogue","floor":6.0,"turns":4.0},{"damage":9.0,"enemies":"3 Louse","floor":7.0,"turns":2.0},{"damage":0.0,"enemies":"Large Slime","floor":8.0,"turns":4.0},{"damage":0.0,"enemies":"HollowMod:MossKnight","floor":10.0,"turns":5.0},{"damage":8.0,"enemies":"Looter","floor":12.0,"turns":3.0},{"damage":0.0,"enemies":"Exordium Wildlife","floor":14.0,"turns":2.0},{"damage":2.0,"enemies":"Fading Forest","floor":16.0,"turns":12.0},{"damage":1.0,"enemies":"Spheric Guardian","floor":18.0,"turns":3.0},{"damage":10.0,"enemies":"2 Thieves","floor":21.0,"turns":4.0},{"damage":31,"enemies":"Slavers","floor":23,"turns":7},{"damage":6,"enemies":"Sentry and Sphere","floor":24,"turns":5},{"damage":5,"enemies":"Snake Plant","floor":27,"turns":4},{"damage":0,"enemies":"Chosen and Byrds","floor":28,"turns":4},{"damage":18,"enemies":"Centurion and Healer","floor":30,"turns":6},{"damage":54,"enemies":"Automaton","floor":33,"turns":12},{"damage":3,"enemies":"3 Shapes","floor":35,"turns":4},{"damage":78,"enemies":"Orin","floor":37,"turns":13}],"seed_played":"-4046224611009981241","potions_obtained":[{"floor":5.0,"key":"ColorlessPotion"},{"floor":7.0,"key":"Flashbang"},{"floor":10.0,"key":"Weak Potion"},{"floor":16.0,"key":"AttackPotion"},{"floor":18.0,"key":"SteroidPotion"},{"floor":23,"key":"EssenceOfSteel"},{"floor":35,"key":"Reflective Coating"}],"is_trial":false,"path_per_floor":["M","$","M","?","M","E","M","M","T","E","R","M","T","M","R","B",null,"M","?","?","M","?","E","M","R","T","M","M","$","M","$","R","B",null,"M","?","?"],"character_chosen":"DEFECT","items_purchased":["Conserve Battery","Thread and Needle"],"campfire_rested":1,"item_purchase_floors":[2,29],"current_hp_per_floor":[75,75,75,75,71,63,54,54,54,54,54,46,46,46,46,54,75,74,74,74,64,64,38,32,56,56,51,51,66,48,63,63,9,80,77,77,0,0],"gold":232,"neow_bonus":"ONE_RANDOM_RARE_CARD","is_daily":false,"chose_seed":false,"campfire_upgraded":2,"win_rate":0.0,"timestamp":1608337968,"path_taken":["M","$","M","?","M","E","M","M","T","E","R","?","?","M","R","BOSS","M","?","?","M","?","E","M","R","T","M","M","$","?","$","R","BOSS","M","?","?"],"items_purchased_type":["Card","Relic"],"build_version":"2020-12-13","purchased_purges":1,"victory":false,"max_hp_per_floor":[75,75,75,75,75,75,75,75,75,75,75,75,75,75,75,75,75,75,75,75,75,75,80,80,80,80,80,80,80,80,80,80,80,80,80,80,80,80],"card_choices":[{"not_picked":["Coolheaded","Crystallizer","Go for the Eyes"],"picked":"SKIP","floor":1.0},{"not_picked":["ReplayTheSpireMod:Calculation Training","Barrage"],"picked":"Chill","floor":3.0},{"not_picked":["Coolheaded","Sweeping Beam"],"picked":"Melter","floor":5.0},{"not_picked":["Tempest","Recycle"],"picked":"Chaos","floor":6.0},{"not_picked":["Compile Driver","ReplayTheSpireMod:Fabricate Wheel"],"picked":"Redo","floor":7.0},{"not_picked":["Redo","Compile Driver"],"picked":"Turbo","floor":8.0},{"not_picked":["Crystallizer","Gash"],"picked":"Conserve Battery","floor":10.0},{"not_picked":["FIFO Queue","Stack"],"picked":"Double Energy","floor":12.0},{"not_picked":["Cold Snap","Redo","Coolheaded"],"picked":"SKIP","floor":14.0},{"not_picked":["hubris:Prefetch","Rainbow"],"picked":"Buffer","floor":16.0},{"not_picked":["Force Field","Ball Lightning","Compile Driver"],"picked":"SKIP","floor":18.0},{"not_picked":["Cold Snap","ReplaySort","Panic Button"],"picked":"SKIP","floor":21.0},{"not_picked":["hubris:PowerSurge","Stack"],"picked":"Turbo+1","floor":23},{"not_picked":["Barrage","Capacitor"],"picked":"Redo+1","floor":24},{"not_picked":["Gash","Stack"],"picked":"Lockon+1","floor":27},{"not_picked":["Reprogram","Rebound"],"picked":"Seek","floor":28},{"not_picked":["Streamline","Stack"],"picked":"Coolheaded+1","floor":30},{"not_picked":["Electrodynamics","Buffer"],"picked":"ReplayRNGCard","floor":33},{"not_picked":["Rebound","Turbo","Go for the Eyes"],"picked":"SKIP","floor":35}],"player_experience":199815,"relics_obtained":[{"floor":6.0,"key":"hubris:Metronome"},{"floor":9.0,"key":"Happy Flower"},{"floor":10.0,"key":"Ancient Tea Set"},{"floor":17.0,"key":"MealTicket"},{"floor":17.0,"key":"ReplayTheSpireMod:Ninjato"},{"floor":17.0,"key":"hubris:Zylophone"},{"floor":23,"key":"Durian"},{"floor":26,"key":"hubris:ToyBattleship"}],"event_choices":[{"damage_healed":0.0,"max_hp_gain":0.0,"max_hp_loss":0.0,"gold_gain":0.0,"event_name":"Match and Keep!","player_choice":"1 cards matched","floor":4.0,"gold_loss":0.0,"damage_taken":0.0,"cards_obtained":["Electrodynamics"]},{"cards_removed":["Defend_B"],"damage_healed":0.0,"max_hp_gain":0.0,"max_hp_loss":0.0,"gold_gain":0.0,"event_name":"betterNote:BetterNote","player_choice":"Take \u0026 Give","floor":19.0,"gold_loss":0.0,"damage_taken":0.0,"cards_obtained":["Fusion"]},{"damage_healed":0,"gold_gain":0,"player_choice":"Fight","damage_taken":0,"max_hp_gain":0,"max_hp_loss":0,"event_name":"OrinTheCat","floor":37,"gold_loss":0}],"is_beta":false,"boss_relics":[{"not_picked":["Runic Pyramid","Snecko Eye"],"picked":"Calling Bell"},{"not_picked":["Runic Dome","hubris:Backtick"],"picked":"hubris:GrandSneckoEye"}],"items_purged_floors":[29],"is_endless":false,"potions_floor_spawned":[5,7,10,16,18,23,35],"killed_by":"Orin","ascension_level":0}}