{"host":"esx1hwjnbftf3eqj","time":1608399924,"event":{"mods":["BaseMod","Colored Map","Minty Spire (QoL Compilation)","StSLib","The Jungle"],"gold_per_floor":[113,127,302,317,392,392,417,417,444,471,488,224,244,68,68,68,68],"floor_reached":16,"playtime":1287,"items_purged":["Doubt","Defend_G"],"score":132,"play_id":"6346dd02-f964-44ab-90a1-3e7eae729e94","local_time":"20201219094524","is_ascension_mode":true,"campfire_choices":[{"floor":6,"key":"REST"},{"floor":8,"key":"REST"},{"floor":15,"key":"REST"}],"circlet_count":0,"master_deck":["Strike_G","Strike_G","Strike_G","Strike_G","Defend_G","Defend_G","Defend_G+1","Survivor","Neutralize","Noxious Fumes","Phantasmal Killer","Dash","Blur","Corpse Explosion+1","Blade Dance","Backflip","Noxious Fumes","Accuracy","Blur","Dodge and Roll"],"relics":["Ring of the Snake","War Paint","Smiling Mask","Boot","Anchor"],"acts_visited":["Exordium"],"potions_floor_usage":[7,16],"damage_taken":[{"damage":2,"enemies":"Small Slimes","floor":1,"turns":6},{"damage":0,"enemies":"2 Louse","floor":2,"turns":3},{"damage":20,"enemies":"Jaw Worm","floor":4,"turns":6},{"damage":15,"enemies":"Lagavulin","floor":7,"turns":6},{"damage":14,"enemies":"Gremlin Nob","floor":10,"turns":5},{"damage":12,"enemies":"Exordium Thugs","floor":11,"turns":3},{"damage":0,"enemies":"Red Slaver","floor":13,"turns":3},{"damage":40,"enemies":"Slime Boss","floor":16,"turns":8}],"seed_played":"-4843387671099549048","potions_obtained":[{"floor":4,"key":"CultistPotion"},{"floor":10,"key":"FearPotion"}],"is_trial":false,"path_per_floor":["M","M","?","M","?","R","E","R","T","E","M","$","M","$","R","B"],"character_chosen":"THE_SILENT","items_purchased":["Anchor","Noxious Fumes","Blur","Dodge and Roll"],"campfire_rested":3,"item_purchase_floors":[12,12,14,14],"current_hp_per_floor":[47,47,47,27,16,37,22,43,43,29,17,17,17,17,38,0,0],"gold":68,"neow_bonus":"TRANSFORM_TWO_CARDS","is_daily":false,"chose_seed":false,"campfire_upgraded":0,"win_rate":0.0,"timestamp":1608399924,"path_taken":["M","M","?","M","?","R","E","R","T","E","?","$","M","?","R","BOSS"],"items_purchased_type":["Relic","Card","Card","Card"],"build_version":"2020-12-13","purchased_purges":2,"victory":false,"max_hp_per_floor":[70,70,70,70,70,70,70,70,70,70,70,70,70,70,70,70,70],"card_choices":[{"not_picked":["Poisoned Stab","Skewer"],"picked":"Dash","floor":1},{"not_picked":["PiercingWail","Tactician"],"picked":"Blur","floor":2},{"not_picked":["Blade Dance","Outmaneuver"],"picked":"Corpse Explosion","floor":4},{"not_picked":["Underhanded Strike","Prepared"],"picked":"Blade Dance","floor":7},{"not_picked":["Prepared","Distraction","Expertise"],"picked":"SKIP","floor":10},{"not_picked":["Prepared","Outmaneuver"],"picked":"Backflip","floor":11},{"not_picked":["Calculated Gamble","Underhanded Strike"],"picked":"Accuracy","floor":13}],"player_experience":483212,"relics_obtained":[{"floor":7,"key":"War Paint"},{"floor":9,"key":"Smiling Mask"},{"floor":10,"key":"Boot"}],"event_choices":[{"damage_healed":0,"gold_gain":175,"player_choice":"AGREE","damage_taken":0,"max_hp_gain":0,"max_hp_loss":0,"event_name":"Liars Game","floor":3,"gold_loss":0,"cards_obtained":["Doubt"]},{"damage_healed":0,"gold_gain":75,"player_choice":"Gather Gold","damage_taken":11,"max_hp_gain":0,"max_hp_loss":0,"event_name":"World of Goop","floor":5,"gold_loss":0}],"is_beta":false,"boss_relics":[],"items_purged_floors":[12,14],"is_endless":false,"potions_floor_spawned":[4,10],"killed_by":"Slime Boss","ascension_level":4}}