{"host":"ucrubczzhd6ttfof","time":1608411207,"event":{"mods":["Aspiration","BaseMod","Better Match","Better Note","Booster Modes","CapriCore","Card Forge","Conspire","Downfall","Energized Spire","GifTheSpireLib","Glutton Mod","Halation","Hermit","Hubris","Jorbs\u0027s Wanderer Trilogy","Koishi","Marisa????????","Marked Mod","Minty Spire (QoL Compilation)","Permanent Neow","Reimu??????","Remove Card Discount Mod","Replay The Spire","Retaliation","Reworked Bosses","Spicy Shops","Spikes Relics","StSLib","Stuff the Spire","Td1madao Mod","The Animator","The Blue Laboratory","The Bug Knight","The Cursed","The Hierophant","The Immortal","The Marked","The Mystic","The Valiant","TheBandit","TheSwordswoman","TheVacant","vexMod"],"gold_per_floor":[110,108,108,108,108,143,143,163,188,203,217,217,57,87,87,183,183,194,214,214,227,227,227,255,274,325,21,52,52,52,63,63,168,168,187,205,205,51,63,90,90,118,165,185,198,217,217,231,231,231],"floor_reached":51,"playtime":3596,"items_purged":["theMarked:EnhanceMovement","theMarked:RepellingDischarge","theMarked:WardOff","theMarked:HeightenedSenses"],"score":807,"play_id":"57f868db-cab0-4fa7-95a6-50ed52a38aaf","local_time":"20201219125327","daily_mods":["SealedDeck","Heirloom"],"is_ascension_mode":false,"campfire_choices":[{"data":"theMarked:DeterminationOfTheMarked","floor":7,"key":"SMITH"},{"data":"theMarked:EmpowerWeapon","floor":15,"key":"SMITH"},{"data":"theMarked:ReduceFriction","floor":23,"key":"SMITH"},{"floor":29,"key":"DIG"},{"floor":32,"key":"DIG"},{"floor":41,"key":"DIG"},{"floor":47,"key":"DIG"},{"floor":49,"key":"DIG"}],"circlet_count":0,"master_deck":["theMarked:ReduceFriction+1","theMarked:DeterminationOfTheMarked+1","theMarked:TakeOffHeels","theMarked:EmpowerWeapon+1","theMarked:ParalyzingBlade+1","theMarked:EternalStudent+1","theMarked:WardOff+1","theMarked:EmpowerWeapon+1","theMarked:MagicAdept+1","theMarked:WardOff+1","theMarked:HeightenedSenses+1","theMarked:ParalyzingBlade+1","theMarked:MagicAdept+1","theMarked:DeterminationOfTheMarked+1","theMarked:Generate+1","theMarked:ChannelForce+1","theMarked:HeightenedSenses+1","theMarked:WardOff+1","Deep Breath+1","theMarked:Convert+1"],"relics":["theMarked:ArtifactOfAir","Hammer of Thor","Seething Fire","Anvil of the Gods","Shovel","Toxic Egg 2","aspiration:ChemicalBlood","Orrery","ReplayTheSpireMod:TigerMarble","Replay:Bronze Core","conspire:Dentures","Pet Ghost","vexMod:PaidLearning","Replay:Rubber Ducky","Rawhide","Regal Pillow","GiantMaggot","vexMod:Spyglass","StuffTheSpire:CocoNut","Garlic","vexMod:PlasmaPancake","Akabeko","ZombieTooth","conspire:GiftBox"],"acts_visited":["Exordium","TheCity","TheBeyond"],"potions_floor_usage":[8,18,24,36,40,40,44,44],"damage_taken":[{"damage":0,"enemies":"Small Slimes","floor":1,"turns":3},{"damage":3,"enemies":"Lagavulin","floor":6,"turns":6},{"damage":0,"enemies":"Cultist","floor":8,"turns":3},{"damage":0,"enemies":"2 Louse","floor":10,"turns":2},{"damage":2,"enemies":"Looter","floor":11,"turns":3},{"damage":14,"enemies":"3 Sentries","floor":14,"turns":6},{"damage":0,"enemies":"Fading Forest","floor":16,"turns":11},{"damage":0,"enemies":"3 Byrds","floor":18,"turns":5},{"damage":0,"enemies":"Spheric Guardian","floor":19,"turns":4},{"damage":5,"enemies":"Shelled Parasite and Fungi","floor":21,"turns":5},{"damage":5,"enemies":"Book of Stabbing","floor":24,"turns":6},{"damage":0,"enemies":"Snecko","floor":25,"turns":2},{"damage":0,"enemies":"Gremlin Leader","floor":28,"turns":5},{"damage":1,"enemies":"Centurion and Healer","floor":31,"turns":4},{"damage":0,"enemies":"bossMod:newChamp","floor":33,"turns":4},{"damage":0,"enemies":"3 Darklings","floor":35,"turns":6},{"damage":0,"enemies":"Orb Walker","floor":36,"turns":3},{"damage":0,"enemies":"Transient","floor":39,"turns":4},{"damage":3,"enemies":"Nemesis","floor":40,"turns":5},{"damage":0,"enemies":"Giant Head","floor":42,"turns":4},{"damage":2,"enemies":"4 Shapes","floor":44,"turns":1},{"damage":0,"enemies":"Maw","floor":45,"turns":5},{"damage":0,"enemies":"3 Darklings","floor":46,"turns":2},{"damage":0,"enemies":"4 Shapes","floor":48,"turns":4},{"damage":0,"enemies":"Replay:Hell Engine","floor":50,"turns":3}],"seed_played":"-4475577273591562675","potions_obtained":[{"floor":1,"key":"SteroidPotion"},{"floor":6,"key":"blueLaboratory:BubblePotion"},{"floor":14,"key":"DistilledChaos"},{"floor":16,"key":"Cursed Concoction"},{"floor":30,"key":"Elixir"},{"floor":33,"key":"PowerPotion"},{"floor":36,"key":"blueLaboratory:BottleOfVodka"},{"floor":42,"key":"DuplicationPotion"},{"floor":46,"key":"blueLaboratory:TrueEctoplasm"}],"is_trial":true,"path_per_floor":["M","$","?","$","?","E","R","M","T","M","M","?","$","E","R","B",null,"M","M","?","M","?","R","E","M","T","$","E","R","?","M","R","B",null,"M","M","?","$","M","E","R","E","T","M","M","M","R","M","R","B",null],"character_chosen":"THE_DEFAULT","items_purchased":["Orrery","vexMod:PaidLearning","Replay:Rubber Ducky","vexMod:Spyglass"],"campfire_rested":0,"item_purchase_floors":[13,27,27,38],"current_hp_per_floor":[70,70,70,70,70,67,67,67,67,67,65,70,70,56,56,56,75,75,75,75,70,70,70,66,66,66,66,66,66,66,65,65,65,76,76,76,71,71,71,75,75,81,81,79,79,79,79,79,79,79],"gold":231,"neow_bonus":"","is_daily":false,"chose_seed":false,"campfire_upgraded":3,"win_rate":0.0,"timestamp":1608411207,"path_taken":["M","$","?","?","?","E","R","M","T","?","M","?","$","E","R","BOSS","M","M","?","M","?","R","E","M","T","$","E","R","?","M","R","BOSS","M","M","?","$","M","E","R","E","T","M","M","?","R","M","R","BOSS"],"items_purchased_type":["Relic","Relic","Relic","Relic"],"build_version":"2020-12-13","purchased_purges":4,"victory":true,"max_hp_per_floor":[70,70,70,70,70,70,70,70,70,70,70,75,75,75,75,75,75,75,75,75,75,75,75,76,76,76,76,76,76,76,76,76,76,76,76,76,76,76,76,83,83,89,89,89,89,89,89,89,89,89],"card_choices":[{"not_picked":["theMarked:Convert","theMarked:ComboAttacks","theMarked:WardOff"],"picked":"SKIP","floor":1},{"not_picked":["theMarked:EmpowerWeapon+1","theMarked:Frustration"],"picked":"theMarked:WardOff+1","floor":6},{"not_picked":["theMarked:RepellingDischarge+1","theMarked:ChainLightning","theMarked:Opportunist"],"picked":"SKIP","floor":8},{"not_picked":["theMarked:ResourceFulStrike","theMarked:SwordAndMagic"],"picked":"theMarked:EmpowerWeapon+1","floor":10},{"not_picked":["theMarked:MaelstromOfLightning+1","theMarked:MuscleMemory"],"picked":"theMarked:MagicAdept","floor":11},{"not_picked":["theMarked:RepellingDischarge+1","theMarked:TurnInvisible+1"],"picked":"theMarked:WardOff+1","floor":13},{"not_picked":["theMarked:Static+1","theMarked:TakeCover+1"],"picked":"theMarked:HeightenedSenses+1","floor":13},{"not_picked":["theMarked:ContemptForTheProud","theMarked:MysticalArsenal"],"picked":"theMarked:ParalyzingBlade+1","floor":13},{"not_picked":["theMarked:Opportunist","theMarked:EmpowerWeapon+1"],"picked":"theMarked:MagicAdept","floor":13},{"not_picked":["theMarked:TwofoldDefense+1","theMarked:DeterminationOfTheMarked","theMarked:Aftermath+1"],"picked":"SKIP","floor":14},{"not_picked":["theMarked:ElectricStrings","theMarked:EmpowerWeapon+1","theMarked:Static+1"],"picked":"SKIP","floor":18},{"not_picked":["theMarked:Electrocute+1","theMarked:Opportunist","theMarked:ComboAttacks"],"picked":"SKIP","floor":19},{"not_picked":["theMarked:Parkour","theMarked:Aftermath+1","theMarked:MysticalArsenal"],"picked":"SKIP","floor":21},{"not_picked":["theMarked:Static+1","theMarked:ParalyzingBlade+1"],"picked":"theMarked:DeterminationOfTheMarked+1","floor":24},{"not_picked":["theMarked:Parkour","theMarked:RepellingDischarge+1"],"picked":"theMarked:Generate+1","floor":25},{"not_picked":["theMarked:WastefulAttack","theMarked:Static+1"],"picked":"theMarked:ChannelForce+1","floor":28},{"not_picked":["theMarked:Aftermath+1","theMarked:Frustration"],"picked":"theMarked:HeightenedSenses+1","floor":31},{"not_picked":["theMarked:WastefulAttack+1","theMarked:Frustration","theMarked:ChainLightning"],"picked":"SKIP","floor":35},{"not_picked":["theMarked:Polarize+1","theMarked:ChainLightning"],"picked":"theMarked:WardOff+1","floor":36},{"not_picked":["Magnetism","Feint+1"],"picked":"Deep Breath+1","floor":37},{"not_picked":["theMarked:Frustration+1","theMarked:SelfDefenseTraining+1","theMarked:RepellingDischarge+1"],"picked":"SKIP","floor":39},{"not_picked":["theMarked:Electrocute+1","theMarked:Static+1","theMarked:HeritageOfTheMarked"],"picked":"SKIP","floor":40},{"not_picked":["theMarked:ParalyzingBlade+1","theMarked:Challenge+1","theMarked:BanishingStrike"],"picked":"SKIP","floor":42},{"not_picked":["theMarked:DeterminationOfTheMarked","theMarked:BanishingWave","theMarked:ReduceFriction+1"],"picked":"SKIP","floor":44},{"not_picked":["theMarked:RogueSparks","theMarked:Opportunist","theMarked:ElectricStrings+1"],"picked":"SKIP","floor":45},{"not_picked":["theMarked:Frustration+1","theMarked:TwofoldDefense+1"],"picked":"theMarked:Convert+1","floor":46},{"not_picked":["theMarked:ResourceFulStrike","theMarked:Improvise+1","theMarked:Frustration"],"picked":"SKIP","floor":48}],"player_experience":749328,"relics_obtained":[{"floor":6,"key":"Toxic Egg 2"},{"floor":9,"key":"aspiration:ChemicalBlood"},{"floor":14,"key":"ReplayTheSpireMod:TigerMarble"},{"floor":24,"key":"conspire:Dentures"},{"floor":26,"key":"Pet Ghost"},{"floor":28,"key":"Rawhide"},{"floor":29,"key":"Regal Pillow"},{"floor":32,"key":"GiantMaggot"},{"floor":40,"key":"StuffTheSpire:CocoNut"},{"floor":41,"key":"Garlic"},{"floor":42,"key":"vexMod:PlasmaPancake"},{"floor":43,"key":"Akabeko"},{"floor":47,"key":"ZombieTooth"},{"floor":49,"key":"conspire:GiftBox"}],"event_choices":[{"damage_healed":0,"gold_gain":0,"player_choice":"Upgraded","damage_taken":0,"max_hp_gain":0,"max_hp_loss":0,"event_name":"Upgrade Shrine","floor":3,"gold_loss":0,"cards_upgraded":["theMarked:EternalStudent"]},{"damage_healed":0,"gold_gain":0,"player_choice":"Bought 0 Potions","damage_taken":0,"max_hp_gain":0,"max_hp_loss":0,"event_name":"The Woman in Blue","floor":5,"gold_loss":0},{"damage_healed":0,"gold_gain":0,"player_choice":"Donut","damage_taken":0,"max_hp_gain":5,"max_hp_loss":0,"event_name":"Big Fish","floor":12,"gold_loss":0},{"damage_healed":0,"gold_gain":0,"player_choice":"Ignored","damage_taken":0,"max_hp_gain":0,"max_hp_loss":0,"event_name":"betterNote:BetterNote","floor":20,"gold_loss":0,"cards_obtained":["HollowMod:theNailsmith"]},{"damage_healed":0,"gold_gain":0,"player_choice":"Got Potions","damage_taken":0,"max_hp_gain":0,"max_hp_loss":0,"event_name":"Lab","floor":30,"gold_loss":0},{"damage_healed":0,"gold_gain":0,"player_choice":"Memory 2","damage_taken":5,"max_hp_gain":0,"max_hp_loss":0,"event_name":"SensoryStone","floor":37,"gold_loss":0}],"is_beta":false,"boss_relics":[{"not_picked":["halation:SmartPhone","hubris:TerracottaHorce"],"picked":"Replay:Bronze Core"},{"not_picked":["energizedSpire:RedRose","Astrolabe","ReplayTheSpireMod:Onyx Gauntlets"]}],"items_purged_floors":[2,13,13,13],"is_endless":false,"potions_floor_spawned":[1,6,14,16,21,31,33,35,36,42,46],"ascension_level":0}}