{"host":"xcuflocadasoaqda","time":1608341650,"event":{"mods":["BaseMod","Bestiary","Filter the Spire","Minty Spire (QoL Compilation)","Relic Stats"],"gold_per_floor":[112,132,143,66,46,77,19,35,58,58,58,58,85,104,104,182,182,201,116,133,54,70,70,70,104,104,104,130,130,144,157,157,230,230,249,249,13,24,38,73,73,101,101,152,152,180,180,190,190,190,190,190,190,24,24,24],"floor_reached":55,"playtime":5427,"items_purged":[],"score":2056,"play_id":"98bf1943-cdd3-4d99-8197-7c830fc6325a","local_time":"20201218193410","is_ascension_mode":true,"campfire_choices":[{"floor":10,"key":"REST"},{"data":"Defragment","floor":12,"key":"SMITH"},{"data":"Hologram","floor":15,"key":"SMITH"},{"data":"Seek","floor":23,"key":"SMITH"},{"floor":29,"key":"REST"},{"data":"White Noise","floor":32,"key":"SMITH"},{"data":"Loop","floor":41,"key":"SMITH"},{"floor":45,"key":"REST"},{"floor":47,"key":"RECALL"},{"data":"Capacitor","floor":49,"key":"SMITH"},{"floor":53,"key":"REST"}],"circlet_count":0,"master_deck":["AscendersBane","Dualcast","Melter","Echo Form","Rainbow","Sweeping Beam","Chill","White Noise+1","Conserve Battery","Hologram+1","Defragment+1","Doom and Gloom","Turbo+1","Coolheaded","Undo","Core Surge","Multi-Cast+1","Compile Driver+1","Heatsinks+1","Hologram+1","BootSequence","Seek+1","Force Field","Recycle+1","Cold Snap","Electrodynamics","Loop+1","Self Repair","Capacitor+1","Creative AI","Double Energy","Echo Form"],"relics":["Pandora\u0027s Box","Bag of Preparation","Regal Pillow","Ancient Tea Set","Astrolabe","Pear","HornCleat","Question Card","StoneCalendar","Snecko Eye","Runic Capacitor","Dream Catcher","Bottled Lightning","Ice Cream","Omamori"],"acts_visited":["Exordium","TheCity","TheBeyond","TheEnding"],"potions_floor_usage":[13,22,22,22,25,28,35,39,44,44],"damage_taken":[{"damage":0,"enemies":"Cultist","floor":1,"turns":3},{"damage":4,"enemies":"2 Louse","floor":2,"turns":3},{"damage":13,"enemies":"Small Slimes","floor":3,"turns":3},{"damage":24,"enemies":"3 Sentries","floor":6,"turns":5},{"damage":9,"enemies":"Exordium Thugs","floor":8,"turns":4},{"damage":0,"enemies":"Lagavulin","floor":13,"turns":7},{"damage":4,"enemies":"Exordium Wildlife","floor":14,"turns":4},{"damage":6,"enemies":"Slime Boss","floor":16,"turns":9},{"damage":0,"enemies":"Chosen","floor":18,"turns":7},{"damage":0,"enemies":"Spheric Guardian","floor":20,"turns":3},{"damage":9,"enemies":"Snake Plant","floor":22,"turns":3},{"damage":15,"enemies":"Book of Stabbing","floor":25,"turns":6},{"damage":29,"enemies":"Slavers","floor":28,"turns":7},{"damage":4,"enemies":"Shelled Parasite and Fungi","floor":30,"turns":4},{"damage":0,"enemies":"Centurion and Healer","floor":31,"turns":5},{"damage":5,"enemies":"Collector","floor":33,"turns":8},{"damage":0,"enemies":"3 Shapes","floor":35,"turns":4},{"damage":4,"enemies":"3 Darklings","floor":38,"turns":3},{"damage":16,"enemies":"Jaw Worm Horde","floor":39,"turns":3},{"damage":0,"enemies":"Nemesis","floor":40,"turns":7},{"damage":6,"enemies":"Reptomancer","floor":42,"turns":7},{"damage":43,"enemies":"2 Orb Walkers","floor":44,"turns":5},{"damage":25,"enemies":"Nemesis","floor":46,"turns":5},{"damage":0,"enemies":"Sphere and 2 Shapes","floor":48,"turns":5},{"damage":17,"enemies":"Donu and Deca","floor":50,"turns":9},{"damage":36,"enemies":"Time Eater","floor":51,"turns":10},{"damage":81,"enemies":"Shield and Spear","floor":55,"turns":3}],"seed_played":"222869373078669346","potions_obtained":[{"floor":5,"key":"PotionOfCapacity"},{"floor":6,"key":"EntropicBrew"},{"floor":13,"key":"BlessingOfTheForge"},{"floor":22,"key":"FocusPotion"},{"floor":28,"key":"Energy Potion"},{"floor":31,"key":"AttackPotion"},{"floor":33,"key":"Energy Potion"},{"floor":35,"key":"Weak Potion"},{"floor":40,"key":"ColorlessPotion"},{"floor":48,"key":"Explosive Potion"}],"is_trial":false,"path_per_floor":["M","M","M","$","?","E","$","M","T","R","?","R","E","M","R","B",null,"M","?","M","$","M","R","$","E","T","?","E","R","M","M","R","B",null,"M","?","$","M","M","E","R","E","T","?","R","E","R","M","R","B","B",null,"R","$","E"],"character_chosen":"DEFECT","items_purchased":["Doom and Gloom","Turbo","BootSequence","Runic Capacitor","Loop","Echo Form"],"campfire_rested":4,"item_purchase_floors":[4,7,21,37,37,54],"current_hp_per_floor":[64,60,47,47,47,23,23,14,14,50,50,50,50,46,46,40,63,63,73,73,73,64,64,64,49,49,49,20,59,55,55,55,50,73,73,73,73,69,53,60,60,68,68,25,64,39,39,53,53,50,14,64,81,81,0,0],"gold":24,"neow_bonus":"BOSS_RELIC","is_daily":false,"chose_seed":false,"campfire_upgraded":6,"win_rate":0.0,"timestamp":1608341650,"path_taken":["M","M","M","$","?","E","?","M","T","R","?","R","E","M","R","BOSS","M","?","M","?","M","R","?","E","T","?","E","R","?","M","R","BOSS","M","?","$","M","M","E","R","E","T","?","R","E","R","M","R","BOSS","BOSS","R","$","E"],"items_purchased_type":["Card","Card","Card","Relic","Card","Card"],"build_version":"2020-12-13","purchased_purges":0,"victory":false,"max_hp_per_floor":[71,71,71,71,71,71,71,71,71,71,71,71,71,71,71,71,71,71,81,81,81,81,81,81,81,81,81,81,81,81,81,81,81,81,81,81,81,81,81,81,81,81,81,81,81,81,81,81,81,81,81,81,81,81,81,81],"relic_stats":{"Regal Pillow":45,"Dream Catcher":2,"counters":[27,142],"Astrolabe":["Multi-Cast","Compile Driver","Heatsinks"],"Snecko Eye":[114,107,110,120],"Pandora\u0027s Box":["Melter","Echo Form","Rainbow","Storm","Beam Cell","Sweeping Beam","Chill","White Noise"],"StoneCalendar":[208],"Bag of Preparation":[46],"Question Card":14,"obtain_stats":[{"Ice Cream":44,"Regal Pillow":9,"Pear":19,"Astrolabe":17,"StoneCalendar":28,"Bag of Preparation":6,"Runic Capacitor":37,"Omamori":46,"Ancient Tea Set":13,"Question Card":26,"Dream Catcher":40,"HornCleat":25,"Snecko Eye":34,"Pandora\u0027s Box":0,"Bottled Lightning":42,"Cracked Core":0},{"Ice Cream":22,"Regal Pillow":5,"Pear":9,"Astrolabe":8,"StoneCalendar":13,"Bag of Preparation":4,"Runic Capacitor":17,"Omamori":23,"Ancient Tea Set":6,"Question Card":12,"Dream Catcher":20,"HornCleat":12,"Snecko Eye":16,"Pandora\u0027s Box":0,"Bottled Lightning":21,"Cracked Core":0},{"Ice Cream":110,"Regal Pillow":18,"Pear":45,"Astrolabe":38,"StoneCalendar":64,"Bag of Preparation":14,"Runic Capacitor":85,"Omamori":115,"Ancient Tea Set":25,"Question Card":57,"Dream Catcher":98,"HornCleat":57,"Snecko Eye":81,"Pandora\u0027s Box":0,"Bottled Lightning":105,"Cracked Core":0}]},"card_choices":[{"not_picked":["Rebound","Streamline"],"picked":"Conserve Battery","floor":1},{"not_picked":["Heatsinks","Tempest"],"picked":"Hologram","floor":2},{"not_picked":["Doom and Gloom","Sweeping Beam"],"picked":"Defragment","floor":3},{"not_picked":["Storm","Beam Cell","Creative AI"],"picked":"SKIP","floor":6},{"not_picked":["Storm","Beam Cell","Creative AI"],"picked":"SKIP","floor":6},{"not_picked":["Redo","Sunder"],"picked":"Coolheaded","floor":8},{"not_picked":["Streamline","Rip and Tear","Chaos"],"picked":"SKIP","floor":13},{"not_picked":["Barrage","Go for the Eyes"],"picked":"Undo","floor":14},{"not_picked":["Creative AI","Reboot"],"picked":"Core Surge","floor":16},{"not_picked":["Leap","Sweeping Beam"],"picked":"Hologram+1","floor":18},{"not_picked":["Undo","Sweeping Beam","Double Energy"],"picked":"SKIP","floor":20},{"not_picked":["Rebound","Streamline"],"picked":"Seek","floor":22},{"not_picked":["Coolheaded","Rebound"],"picked":"Force Field","floor":25},{"not_picked":["Leap","Go for the Eyes+1","Sunder+1"],"picked":"Recycle+1","floor":28},{"not_picked":["Leap","Hello World","Go for the Eyes"],"picked":"Cold Snap","floor":30},{"not_picked":["Steam","Hologram","Gash","Barrage"],"picked":"SKIP","floor":31},{"not_picked":["Rainbow","Creative AI","All For One"],"picked":"Electrodynamics","floor":33},{"not_picked":["Sweeping Beam+1","Chaos","Leap","Stack"],"picked":"SKIP","floor":35},{"not_picked":["Leap+1","Rebound","Gash","Sweeping Beam+1"],"picked":"SKIP","floor":38},{"not_picked":["Beam Cell","Lockon+1","Storm"],"picked":"Self Repair","floor":39},{"not_picked":["Stack","Hello World","Steam Power","Sweeping Beam+1"],"picked":"SKIP","floor":40},{"not_picked":["Sweeping Beam+1","Ball Lightning","Streamline"],"picked":"Capacitor","floor":42},{"not_picked":["Undo","Turbo","Genetic Algorithm+1"],"picked":"Creative AI","floor":44},{"not_picked":["Conserve Battery","Go for the Eyes","Rebound"],"picked":"Double Energy","floor":46},{"not_picked":["Cold Snap","Loop","Go for the Eyes","Barrage"],"picked":"SKIP","floor":48}],"player_experience":1738987,"relics_obtained":[{"floor":6,"key":"Bag of Preparation"},{"floor":9,"key":"Regal Pillow"},{"floor":13,"key":"Ancient Tea Set"},{"floor":25,"key":"HornCleat"},{"floor":26,"key":"Question Card"},{"floor":28,"key":"StoneCalendar"},{"floor":40,"key":"Dream Catcher"},{"floor":42,"key":"Bottled Lightning"},{"floor":44,"key":"Ice Cream"},{"floor":46,"key":"Omamori"}],"event_choices":[{"damage_healed":0,"gold_gain":0,"player_choice":"Bought 1 Potion","damage_taken":0,"max_hp_gain":0,"max_hp_loss":0,"event_name":"The Woman in Blue","floor":5,"gold_loss":0},{"damage_healed":0,"gold_gain":0,"player_choice":"Ignored","damage_taken":0,"max_hp_gain":0,"max_hp_loss":0,"event_name":"Liars Game","floor":11,"gold_loss":0},{"damage_healed":0,"gold_gain":0,"player_choice":"Obtained Relic","damage_taken":0,"relics_obtained":["Pear"],"max_hp_gain":0,"max_hp_loss":0,"event_name":"Addict","floor":19,"gold_loss":85},{"damage_healed":0,"gold_gain":0,"player_choice":"Forge","damage_taken":0,"max_hp_gain":0,"max_hp_loss":0,"event_name":"Accursed Blacksmith","floor":27,"gold_loss":0,"cards_upgraded":["Turbo"]},{"damage_healed":0,"gold_gain":0,"player_choice":"Ignored","damage_taken":0,"max_hp_gain":0,"max_hp_loss":0,"event_name":"Tomb of Lord Red Mask","floor":36,"gold_loss":0},{"damage_healed":0,"gold_gain":0,"player_choice":"Fight","damage_taken":0,"max_hp_gain":0,"max_hp_loss":0,"event_name":"Mysterious Sphere","floor":44,"gold_loss":0}],"is_beta":false,"boss_relics":[{"not_picked":["Tiny House","Runic Dome"],"picked":"Astrolabe"},{"not_picked":["Inserter","SlaversCollar"],"picked":"Snecko Eye"}],"items_purged_floors":[],"is_endless":false,"potions_floor_spawned":[6,8,13,16,22,28,31,33,35,40,48],"killed_by":"Shield and Spear","ascension_level":20}}