{"host":"sav7uxregyirlf69","time":1608384360,"event":{"mods":["AchievementEnabler","BaseMod","Colored Map","DeckTracker","Keyboard Shortcuts","Minty Spire (QoL Compilation)","READ ME - Guardian Mod","StSLib","SuperFastMode"],"gold_per_floor":[110,110,185,185,197,232,251,251,274,274,26,53,53,66,66,137,137,155,166,191,210,210,236,236,136,136,136,51,62,81,94,94,175,175,189,189,189,217,244,270,270,288,335,335,335],"floor_reached":44,"playtime":776,"items_purged":["Strike_R","Strike_R"],"score":1007,"play_id":"4279cf7b-a1b6-4018-9c96-7fdfb880014b","local_time":"20201219222600","is_ascension_mode":true,"campfire_choices":[{"data":"Inflame","floor":8.0,"key":"SMITH"},{"data":"Pummel","floor":10.0,"key":"SMITH"},{"data":"Demon Form","floor":13.0,"key":"SMITH"},{"data":"Burning Pact","floor":15.0,"key":"SMITH"},{"floor":24.0,"key":"REST"},{"data":"Rage","floor":27.0,"key":"SMITH"},{"data":"Power Through","floor":32.0,"key":"SMITH"}],"circlet_count":0,"master_deck":["AscendersBane","Strike_R","Strike_R","Strike_R","Defend_R","Defend_R","Defend_R+1","Defend_R+1","Bash","Burning Pact+1","Inflame+1","Pummel+1","Demon Form+1","Power Through+1","Reaper","Rage+1","Anger+1","Reaper","Shrug It Off","Panacea","Master of Strategy","Purity"],"relics":["Burning Blood","NeowsBlessing","Bag of Marbles","Bag of Preparation","Boot","TheAbacus","Mango","Black Star","Pen Nib","Juzu Bracelet","CeramicFish","Torii","Sozu","Omamori","Blood Vial"],"acts_visited":["Exordium","TheCity","TheBeyond"],"potions_floor_usage":[],"damage_taken":[{"damage":0.0,"enemies":"Small Slimes","floor":1.0,"turns":2.0},{"damage":0.0,"enemies":"Jaw Worm","floor":5.0,"turns":1.0},{"damage":0.0,"enemies":"Gremlin Nob","floor":6.0,"turns":1.0},{"damage":0.0,"enemies":"2 Louse","floor":7.0,"turns":3.0},{"damage":20.0,"enemies":"Lagavulin","floor":12.0,"turns":5.0},{"damage":6.0,"enemies":"Lots of Slimes","floor":14.0,"turns":5.0},{"damage":11.0,"enemies":"The Guardian","floor":16.0,"turns":7.0},{"damage":21.0,"enemies":"3 Byrds","floor":18.0,"turns":6.0},{"damage":27.0,"enemies":"Spheric Guardian","floor":19.0,"turns":6.0},{"damage":13.0,"enemies":"Snecko","floor":21.0,"turns":4.0},{"damage":61.0,"enemies":"Book of Stabbing","floor":23.0,"turns":6.0},{"damage":28.0,"enemies":"Shelled Parasite and Fungi","floor":29.0,"turns":6.0},{"damage":12.0,"enemies":"Centurion and Healer","floor":30.0,"turns":6.0},{"damage":10.0,"enemies":"Snake Plant","floor":31.0,"turns":4.0},{"damage":56.0,"enemies":"Champ","floor":33.0,"turns":8.0},{"damage":27.0,"enemies":"3 Shapes","floor":35.0,"turns":7.0},{"damage":81.0,"enemies":"3 Darklings","floor":38.0,"turns":7.0},{"damage":24.0,"enemies":"Nemesis","floor":40.0,"turns":5.0},{"damage":48.0,"enemies":"Writhing Mass","floor":42.0,"turns":12.0},{"damage":79,"enemies":"Reptomancer","floor":44,"turns":3}],"seed_played":"6345899932148712064","potions_obtained":[{"floor":1.0,"key":"Swift Potion"},{"floor":7.0,"key":"FairyPotion"},{"floor":18.0,"key":"ColorlessPotion"},{"floor":19.0,"key":"Ancient Potion"},{"floor":23.0,"key":"Regen Potion"},{"floor":30.0,"key":"SpeedPotion"},{"floor":33.0,"key":"Energy Potion"}],"is_trial":false,"path_per_floor":["M","?","?","?","M","E","M","R","T","R","$","E","R","M","R","B",null,"M","M","T","M","?","E","R","$","T","R","?","M","M","M","R","B",null,"M","?","?","M","?","E","?","M","T","E"],"character_chosen":"IRONCLAD","items_purchased":["TheAbacus"],"campfire_rested":1,"item_purchase_floors":[11],"current_hp_per_floor":[74,51,40,40,46,52,58,58,58,58,58,58,58,58,58,53,80,77,56,56,49,49,32,58,58,58,58,58,48,62,63,63,88,89,76,76,76,68,58,59,59,51,51,0,0],"gold":335,"neow_bonus":"THREE_ENEMY_KILL","is_daily":false,"chose_seed":false,"campfire_upgraded":6,"win_rate":0.0,"timestamp":1608384360,"path_taken":["M","?","?","?","?","E","M","R","T","R","?","E","R","M","R","BOSS","M","?","?","?","?","E","R","?","T","R","?","M","M","M","R","BOSS","M","?","?","M","?","E","?","M","T","E"],"items_purchased_type":["Relic"],"build_version":"2020-12-13","purchased_purges":2,"victory":false,"max_hp_per_floor":[75,75,75,75,75,75,75,75,75,75,75,89,89,89,89,89,89,89,89,89,89,89,89,89,89,89,89,89,89,89,89,89,89,89,89,89,85,85,85,85,85,85,85,85,85],"card_choices":[{"not_picked":["Spot Weakness","Warcry"],"picked":"Burning Pact","floor":1.0},{"not_picked":["Clash","Havoc"],"picked":"Sword Boomerang","floor":5.0},{"not_picked":["Hemokinesis","Havoc"],"picked":"Inflame","floor":6.0},{"not_picked":["Battle Trance","Sword Boomerang"],"picked":"Pummel","floor":7.0},{"not_picked":["Burning Pact","Perfected Strike"],"picked":"Demon Form","floor":12.0},{"not_picked":["Dropkick","Spot Weakness"],"picked":"Power Through","floor":14.0},{"not_picked":["Offering","Limit Break"],"picked":"Reaper","floor":16.0},{"not_picked":["Armaments","Cleave"],"picked":"Rage","floor":18.0},{"not_picked":["Pommel Strike","Iron Wave"],"picked":"Anger+1","floor":19.0},{"not_picked":["Ghostly Armor","Dual Wield","Thunderclap"],"picked":"SKIP","floor":21.0},{"not_picked":["Exhume","Iron Wave","Body Slam"],"picked":"SKIP","floor":23.0},{"not_picked":["Reckless Charge","Havoc","Carnage"],"picked":"SKIP","floor":29.0},{"not_picked":["Dark Embrace","Body Slam","True Grit"],"picked":"SKIP","floor":30.0},{"not_picked":["Clothesline","Dark Embrace","Anger"],"picked":"SKIP","floor":31.0},{"not_picked":["Feed","Barricade"],"picked":"Reaper","floor":33.0},{"not_picked":["Blood for Blood","Combust","Havoc"],"picked":"SKIP","floor":35.0},{"not_picked":["Shrug It Off","Inflame","Cleave"],"picked":"SKIP","floor":38.0},{"not_picked":["Inflame","Cleave"],"picked":"Shrug It Off","floor":38.0},{"not_picked":["Madness","Impatience"],"picked":"Panacea","floor":39.0},{"not_picked":["PanicButton","Good Instincts"],"picked":"Master of Strategy","floor":39.0},{"not_picked":["Thinking Ahead","PanicButton"],"picked":"Purity","floor":39.0},{"not_picked":["Warcry","Combust","True Grit"],"picked":"SKIP","floor":40.0},{"not_picked":["Combust","Rupture","Anger+1"],"picked":"SKIP","floor":42.0}],"player_experience":957235,"relics_obtained":[{"floor":4.0,"key":"Bag of Marbles"},{"floor":6.0,"key":"Bag of Preparation"},{"floor":9.0,"key":"Boot"},{"floor":12.0,"key":"Mango"},{"floor":20.0,"key":"Pen Nib"},{"floor":23.0,"key":"Juzu Bracelet"},{"floor":26.0,"key":"CeramicFish"},{"floor":40.0,"key":"Omamori"},{"floor":40.0,"key":"Blood Vial"}],"event_choices":[{"damage_healed":0.0,"max_hp_gain":0.0,"max_hp_loss":0.0,"gold_gain":0.0,"event_name":"Shining Light","player_choice":"Entered Light","floor":2.0,"gold_loss":0.0,"damage_taken":23.0,"cards_upgraded":["Defend_R","Defend_R"]},{"damage_healed":0.0,"max_hp_gain":0.0,"max_hp_loss":0.0,"gold_gain":75.0,"event_name":"World of Goop","player_choice":"Gather Gold","floor":3.0,"gold_loss":0.0,"damage_taken":11.0},{"damage_healed":0.0,"max_hp_gain":0.0,"max_hp_loss":0.0,"gold_gain":0.0,"event_name":"Wheel of Change","player_choice":"Relic","floor":4.0,"gold_loss":0.0,"damage_taken":0.0},{"damage_healed":0.0,"max_hp_gain":0.0,"max_hp_loss":0.0,"gold_gain":0.0,"event_name":"Cursed Tome","player_choice":"Ignored","floor":22.0,"gold_loss":0.0,"damage_taken":0.0},{"damage_healed":0.0,"max_hp_gain":0.0,"max_hp_loss":0.0,"gold_gain":0.0,"event_name":"Addict","player_choice":"Obtained Relic","floor":28.0,"gold_loss":85.0,"damage_taken":0.0,"relics_obtained":["Torii"]},{"cards_removed":["Sword Boomerang"],"damage_healed":0.0,"max_hp_gain":0.0,"max_hp_loss":0.0,"gold_gain":0.0,"event_name":"Falling","player_choice":"Removed Attack","floor":36.0,"gold_loss":0.0,"damage_taken":0.0},{"damage_healed":0.0,"max_hp_gain":0.0,"max_hp_loss":4.0,"gold_gain":0.0,"event_name":"Winding Halls","player_choice":"Max HP","floor":37.0,"gold_loss":0.0,"damage_taken":0.0},{"damage_healed":0.0,"max_hp_gain":0.0,"max_hp_loss":0.0,"gold_gain":0.0,"event_name":"SensoryStone","player_choice":"Memory 3","floor":39.0,"gold_loss":0.0,"damage_taken":10.0},{"damage_healed":0.0,"max_hp_gain":0.0,"max_hp_loss":0.0,"gold_gain":0.0,"event_name":"Mysterious Sphere","player_choice":"Ignored","floor":41.0,"gold_loss":0.0,"damage_taken":0.0}],"is_beta":false,"boss_relics":[{"not_picked":["Pandora\u0027s Box","Busted Crown"],"picked":"Black Star"},{"not_picked":["Black Blood","Cursed Key"],"picked":"Sozu"}],"items_purged_floors":[11,25],"is_endless":false,"potions_floor_spawned":[1,7,12,14,18,19,23,30,33,40,42],"killed_by":"Reptomancer","ascension_level":20}}