{"host":"wxm9nhpxzwflah6x","time":1608346069,"event":{"mods":["2.2 Compatiblity","AchievementEnabler","BaseMod","Bestiary","Better Third Choice","Challenge The Spire","Curses Come First","Minty Spire (QoL Compilation)","Quick Restart","Rare Cards Sparkle","Replay The Spire","StSLib","TheHero"],"gold_per_floor":[114,114,114,129,23,53,53,83,83,83,113,0,15,45,45,145,145,160,175,190,113,128,128,143,143,143,143,0,15,15,15,15,115,115,130,130,1129,1144,298,298,337,337,337,361,400,400,108,108,108,108],"floor_reached":51,"playtime":3324,"items_purged":[],"score":904,"play_id":"f0cd25fb-fc47-4b31-8f1c-3dca7df5cf42","local_time":"20201218184749","daily_mods":["Draft","ControlledChaos","Elite Swarm"],"is_ascension_mode":false,"campfire_choices":[{"floor":7,"key":"REST"},{"floor":10,"key":"REST"},{"floor":15,"key":"REST"},{"floor":23,"key":"REST"},{"floor":25,"key":"REST"},{"floor":27,"key":"REST"},{"floor":30,"key":"REST"},{"floor":32,"key":"DIG"},{"floor":40,"key":"REST"},{"floor":42,"key":"REST"},{"floor":49,"key":"REST"}],"circlet_count":0,"master_deck":["animeID:ToruHagakure","animeID:DetroitSmash","animeID:Stain","animeID:Mina+1","animeID:DelawareSmash","animeID:DetroitSmash","animeID:Deku","animeID:Mina","animeID:Mina+1","animeID:Cementoss","animeID:Twice","animeID:Dabi","animeID:Mina","animeID:Mineta","animeID:HowitzerImpact+1","animeID:DetroitDelaware","animeID:FullCowl","animeID:Shigaraki","animeID:Chisaki","animeID:Chisaki+1","animeID:Uraraka+1","animeID:DetroitDelaware","animeID:Hatsume","animeID:Chisaki+1","animeID:RedRiot+1","animeID:Uraraka+1","animeID:DelawareSmash","animeID:EraserHead","animeID:RecoveryGirl","animeID:Cementoss","animeID:Himiko+1","animeID:AllMight+1","animeID:DetroitDelaware","animeID:Himiko","animeID:Muscular","animeID:Momo+1","ReplayUltimateDefense+1","animeID:PlusUltra","animeID:GranTorino+1","animeID:RedRiot+1","animeID:RedRiot+1","animeID:NightEye","Secret Technique"],"relics":["animeID:HeroCostume","Frozen Eye","StoneCalendar","Whetstone","Lizard Tail","Frozen Egg 2","Replay:Baseball","Sozu","Darkstone Periapt","Ring of Fangs","ReplayTheSpireMod:Ring of Collecting","Potion Belt","Black Star","Thread and Needle","CeramicFish","Quantum Egg","Replay:Ringing Soul","ReplayTheSpireMod:Ring of Exchange","Bottled Flame","StrikeDummy","Snack Pack","Membership Card"],"acts_visited":["Exordium","TheCity","TheBeyond"],"potions_floor_usage":[14,24],"damage_taken":[{"damage":0,"enemies":"Small Slimes","floor":1,"turns":3},{"damage":0,"enemies":"2 Louse","floor":4,"turns":1},{"damage":28,"enemies":"Gremlin Nob","floor":6,"turns":4},{"damage":33,"enemies":"3 Sentries","floor":8,"turns":6},{"damage":36,"enemies":"Lagavulin","floor":11,"turns":5},{"damage":8,"enemies":"Jaw Worm","floor":13,"turns":2},{"damage":18,"enemies":"3 Sentries","floor":14,"turns":4},{"damage":0,"enemies":"Slime Boss","floor":16,"turns":5},{"damage":10,"enemies":"Spheric Guardian","floor":18,"turns":4},{"damage":48,"enemies":"2 Thieves","floor":19,"turns":5},{"damage":25,"enemies":"Snake Plant","floor":20,"turns":4},{"damage":3,"enemies":"Centurion and Healer","floor":22,"turns":6},{"damage":21,"enemies":"3 Cultists","floor":24,"turns":5},{"damage":30,"enemies":"Sentry and Sphere","floor":29,"turns":6},{"damage":12,"enemies":"Champ","floor":33,"turns":6},{"damage":39,"enemies":"3 Shapes","floor":35,"turns":4},{"damage":63,"enemies":"3 Darklings","floor":38,"turns":5},{"damage":23,"enemies":"Giant Head","floor":41,"turns":7},{"damage":0,"enemies":"4 Shapes","floor":44,"turns":3},{"damage":69,"enemies":"Reptomancer","floor":45,"turns":5},{"damage":7,"enemies":"Time Eater","floor":50,"turns":8}],"seed_played":"-2908382401684788831","potions_obtained":[{"floor":6,"key":"SteroidPotion"},{"floor":11,"key":"Explosive Potion"},{"floor":16,"key":"Swift Potion"}],"is_trial":false,"path_per_floor":["M","?","?","M","$","E","R","E","T","R","E","$","M","E","R","B",null,"M","M","M","$","M","R","M","R","T","R","?","M","R","?","R","B",null,"M","$","?","M","$","R","E","R","T","M","E","?","$","?","R","B",null],"character_chosen":"THE_HERO","items_purchased":["animeID:DetroitDelaware","animeID:FullCowl","animeID:Uraraka+1","animeID:DetroitDelaware","animeID:RecoveryGirl","Thread and Needle","CeramicFish","animeID:DetroitDelaware","animeID:Himiko","animeID:Muscular","animeID:Momo+1","ReplayUltimateDefense+1","Membership Card","animeID:RedRiot+1","animeID:NightEye","Secret Technique"],"campfire_rested":10,"item_purchase_floors":[5,5,12,12,21,39,39,39,39,39,39,39,47,47,47,47],"current_hp_per_floor":[75,75,80,80,80,52,76,47,47,71,37,37,29,15,39,41,80,70,26,3,3,8,32,19,43,43,67,67,47,71,77,77,80,86,49,49,61,23,23,52,65,95,95,100,62,62,65,65,98,103],"gold":108,"neow_bonus":"","is_daily":true,"chose_seed":false,"campfire_upgraded":0,"win_rate":0.0,"timestamp":1608346069,"path_taken":["M","?","?","M","?","E","R","E","T","R","E","$","?","E","R","BOSS","M","?","M","$","M","R","M","R","T","R","?","M","R","?","R","BOSS","M","$","?","M","$","R","E","R","T","M","E","?","$","?","R","BOSS"],"items_purchased_type":["Card","Card","Card","Card","Card","Relic","Relic","Card","Card","Card","Card","Card","Relic","Card","Card","Card"],"build_version":"2020-12-13","purchased_purges":0,"victory":true,"max_hp_per_floor":[75,75,80,80,80,80,80,80,80,80,80,80,80,80,80,80,80,80,80,80,80,80,80,80,80,80,80,80,80,80,86,86,86,86,86,86,98,98,98,98,101,101,101,104,107,107,110,110,110,110],"card_choices":[{"not_picked":["animeID:Kaminari","animeID:Tomura"],"picked":"animeID:ToruHagakure","floor":0},{"not_picked":["animeID:Bakugo","animeID:Ojiro"],"picked":"animeID:DetroitSmash","floor":0},{"not_picked":["animeID:Uraraka","animeID:MtLady"],"picked":"animeID:Stain","floor":0},{"not_picked":["animeID:Aoyama","animeID:Kendo"],"picked":"animeID:Mina","floor":0},{"not_picked":["animeID:Mina","animeID:Kaminari"],"picked":"animeID:DelawareSmash","floor":0},{"not_picked":["animeID:Kaminari","animeID:Ojiro"],"picked":"animeID:DetroitSmash","floor":0},{"not_picked":["animeID:ToruHagakure","animeID:Mezo"],"picked":"animeID:Deku","floor":0},{"not_picked":["animeID:Himiko","animeID:Mineta"],"picked":"animeID:Mina","floor":0},{"not_picked":["animeID:Tomura","animeID:Ojiro"],"picked":"animeID:Mina","floor":0},{"not_picked":["animeID:Mineta","animeID:HowitzerImpact"],"picked":"animeID:Cementoss","floor":0},{"not_picked":["animeID:Mina","animeID:Ojiro"],"picked":"animeID:Twice","floor":0},{"not_picked":["animeID:HighFive","animeID:Ojiro"],"picked":"animeID:Dabi","floor":0},{"not_picked":["animeID:Kirishima","animeID:Cementoss"],"picked":"animeID:Mina","floor":0},{"not_picked":["animeID:GranTorino","animeID:Bakugo"],"picked":"animeID:ToruHagakure","floor":0},{"not_picked":["animeID:Aoyama","animeID:TodorokiShoto"],"picked":"animeID:Mineta","floor":0},{"not_picked":["animeID:Uraraka","animeID:MtLady","animeID:Tsuyu"],"picked":"SKIP","floor":1},{"not_picked":["animeID:FatGum","animeID:Mezo","animeID:Aoyama"],"picked":"SKIP","floor":4},{"not_picked":["animeID:ProminenceBurn","animeID:Chisaki"],"picked":"animeID:Shigaraki","floor":6},{"not_picked":["animeID:ProminenceBurn","animeID:Hawks"],"picked":"animeID:Chisaki","floor":8},{"not_picked":["animeID:USA_Smash","animeID:PresentMic"],"picked":"animeID:Chisaki+1","floor":11},{"not_picked":["animeID:Ojiro","animeID:DetroitSmash"],"picked":"animeID:Hatsume","floor":13},{"not_picked":["animeID:PresentMic","animeID:Hawks+1"],"picked":"animeID:Chisaki+1","floor":14},{"not_picked":["animeID:USA_Smash","animeID:Hawks+1"],"picked":"animeID:RedRiot+1","floor":16},{"not_picked":["animeID:ToruHagakure+1","animeID:Thirteen+1"],"picked":"animeID:Uraraka+1","floor":18},{"not_picked":["animeID:Kendo","animeID:Ojiro+1"],"picked":"animeID:DelawareSmash","floor":19},{"not_picked":["animeID:ToruHagakure+1","animeID:Tsuyu"],"picked":"animeID:EraserHead","floor":20},{"not_picked":["animeID:ToruHagakure","animeID:Momo+1","animeID:SkinnyGum"],"picked":"SKIP","floor":22},{"not_picked":["animeID:FatGum","animeID:Kaminari"],"picked":"animeID:Cementoss","floor":24},{"not_picked":["animeID:Mezo","animeID:Tsuyu"],"picked":"animeID:Himiko+1","floor":29},{"not_picked":["animeID:USA_Smash","animeID:ProminenceBurn"],"picked":"animeID:AllMight+1","floor":33},{"not_picked":["animeID:FatGum","animeID:Tsuyu+1","animeID:Kaminari+1"],"picked":"SKIP","floor":35},{"not_picked":["animeID:MtLady+1","animeID:Iida","animeID:Aoyama"],"picked":"SKIP","floor":38},{"not_picked":["animeID:Eri+1","animeID:Chisaki+1"],"picked":"animeID:PlusUltra","floor":41},{"not_picked":["animeID:Cementoss+1","animeID:DelawareSmash+1"],"picked":"animeID:GranTorino+1","floor":44},{"not_picked":["animeID:PresentMic","animeID:Chisaki+1"],"picked":"animeID:RedRiot+1","floor":45}],"player_experience":227676,"relics_obtained":[{"floor":6,"key":"StoneCalendar"},{"floor":8,"key":"Whetstone"},{"floor":9,"key":"Lizard Tail"},{"floor":11,"key":"Frozen Egg 2"},{"floor":14,"key":"Replay:Baseball"},{"floor":26,"key":"Darkstone Periapt"},{"floor":31,"key":"Ring of Fangs"},{"floor":31,"key":"ReplayTheSpireMod:Ring of Collecting"},{"floor":32,"key":"Potion Belt"},{"floor":41,"key":"Quantum Egg"},{"floor":41,"key":"Replay:Ringing Soul"},{"floor":43,"key":"ReplayTheSpireMod:Ring of Exchange"},{"floor":43,"key":"Bottled Flame"},{"floor":45,"key":"StrikeDummy"},{"floor":45,"key":"Snack Pack"}],"event_choices":[{"damage_healed":0,"gold_gain":0,"player_choice":"Donut","damage_taken":0,"max_hp_gain":5,"max_hp_loss":0,"event_name":"Big Fish","floor":3,"gold_loss":0},{"damage_healed":0,"gold_gain":0,"player_choice":"Paid Fearfully","damage_taken":0,"max_hp_gain":0,"max_hp_loss":0,"event_name":"Masked Bandits","floor":28,"gold_loss":143},{"damage_healed":0,"gold_gain":999,"player_choice":"Gold","damage_taken":0,"max_hp_gain":0,"max_hp_loss":0,"event_name":"MindBloom","floor":37,"gold_loss":0,"cards_obtained":["Normality","Normality"]},{"damage_healed":0,"gold_gain":0,"player_choice":"Ignored","damage_taken":0,"max_hp_gain":0,"max_hp_loss":0,"event_name":"Tomb of Lord Red Mask","floor":46,"gold_loss":0},{"cards_removed":["Normality","Normality","Hallucinations"],"damage_healed":0,"gold_gain":0,"player_choice":"Removed Curses","damage_taken":0,"max_hp_gain":0,"max_hp_loss":0,"event_name":"Fountain of Cleansing","floor":48,"gold_loss":0}],"is_beta":false,"boss_relics":[{"not_picked":["Astrolabe","Cursed Key"],"picked":"Sozu"},{"not_picked":["ReplayTheSpireMod:DimensionalGlitch","Replay:Bronze Core"],"picked":"Black Star"}],"items_purged_floors":[],"is_endless":false,"potions_floor_spawned":[6,11,16,19,20,29,38,45],"ascension_level":0}}