{"host":"0azimyi6n3ugndj4","time":1608415787,"event":{"mods":["BaseMod","Bestiary","Conspire","Curses Come First","Defuse TimeMaze Blight","Hyrulean Relics","Infinite Spire","Minty Spire (QoL Compilation)","Relic Sorter","Relic Stats","Replay The Spire","StSLib","SuperFastMode","Uncapped","¡¼?Úª?ø«¡½REMEMod"],"gold_per_floor":[99,99,99,99,132,231,65,65,65,65,137,137,137,212,251,434,434,668,668,728,776,776,824,863,863,914,1007,1007,1007,1007],"floor_reached":29,"playtime":695,"items_purged":[],"score":873,"play_id":"c0b70b9a-6d94-462e-98cc-537e07f6d96c","local_time":"20201220070947","daily_mods":["Draft","Hoarder","Chimera","Shiny","Specialized","Vintage","ControlledChaos","Allstar","Diverse","Colorless Cards","Heirloom","Time Dilation","Flight","Binary","Elite Swarm","Lethality","Midas","Binary"],"is_ascension_mode":true,"campfire_choices":[{"floor":12,"key":"REST"},{"floor":17,"key":"REST"},{"floor":25,"key":"REST"}],"circlet_count":0,"master_deck":["Demon Form","Wraith Form v2","Echo Form","DevaForm","AscendersBane","Bash","Survivor","Zap","Eruption","conspire:GhostlyStrike","conspire:GhostlyStrike","conspire:GhostlyStrike","conspire:GhostlyDefend","conspire:GhostlyDefend","conspire:GhostlyDefend","Brilliance","Devotion","Replay:AllIn","LessonLearned","Vault","Alpha","Establishment","REME_WorshipGod","Replay:LoomingThreat","DeusExMachina","Judgement","ConjureBlade","REME_EmptyShield","MasterReality","Blasphemy","Ragnarok","REME_CRH","Scrawl","Wish","Omniscience","SpiritShield","DevaForm","Hyperbeam","REME_ForAll","Machine Learning","Buffer","Mirror Shield","Seek","Echo Form","All For One","Reboot","Fission","Core Surge","Multi-Cast","Thunder Strike","Biased Cognition","REME_Shoggoth","Electrodynamics","ReplayRNGCard","ReplayTheSpireMod:Omega Cannon","Rainbow","Meteor Strike","ReplayTheSpireMod:Fabricate Wheel","Amplify","Creative AI","REME_ShadowForm","ReplayTheSpireMod:Necrosis","Corpse Explosion","Die Die Die","Atom Bomb","ReplayTheSpireMod:From All Sides","Adrenaline","Envenom","Doppelganger","Burst","Wraith Form v2","REME_SpectralBlade","Tools of the Trade","REME_CopyPotion","After Image","Poison Darts","A Thousand Cuts","Venomology","Replay:Bag of Tricks","Malaise","Phantasmal Killer","Night Terror","infinitespire:Neurotoxin","Unload","REME_GrazeFinale","Bullet Time","Storm of Steel","Glass Knife","Grand Finale","Double Tap","Demon Form","REME_ACTH","Fiend Fire","Eclipse","conspire:Purge","Berserk","Impervious","Juggernaut","Brutality","Demonic Infusion","conspire:HitWhereItHurts","Exhume","Offering","REME_Fury","Bludgeon","Feed","Replay:Many Hands","Limit Break","Corruption","Barricade","Hemogenesis","REME_TheLastStrike","Reaper","Immolate","Thinking Ahead","Metamorphosis","Master of Strategy","Magnetism","Chrysalis","Mayhem","REME_PuzzleBox","Secret Weapon","Midas Touch","ReplayTheSpireMod:Brewmster","REME_AllRoundStrike","Poisoned Strike","Sadistic Nature","Replay:Dark Deal","REME_Flogging","ReplayUltimateDefense","Transmutation","REME_BattleFury","HandOfGreed","ReplayTheSpireMod:Necrogeddon","Apotheosis","Panache","Violence","Secret Technique","The Bomb","Crow Ritual","REME_BuildACard","REME_ProfessionalPlagiarism","REME_GrazeFinale","REME_GrazeFinale","REME_GrazeFinale","REME_GrazeFinale","REME_GrazeFinale+1","REME_GrazeFinale","REME_GrazeFinale","REME_GrazeFinale","REME_GrazeFinale","REME_GrazeFinale","REME_GrazeFinale","REME_GrazeFinale","REME_GrazeFinale","REME_GrazeFinale","REME_GrazeFinale","Intimidate","Intimidate","Intimidate","Dual Wield","Dual Wield","Dual Wield","Redo","Redo","Redo","Prostrate","Prostrate","Prostrate","Replay:AtTheReady","Replay:AtTheReady","Replay:AtTheReady","Whirlwind","Whirlwind","Whirlwind","Wild Strike","Wild Strike","Wild Strike","Weave","Weave","Weave","Dash","Dash","Dash","Body Slam","Body Slam","Body Slam","FlyingSleeves","FlyingSleeves","FlyingSleeves","Whirlwind","Whirlwind","Whirlwind","Flying Knee","Flying Knee","Flying Knee","Darkness","Darkness","Darkness","Wallop","Wallop","Wallop","ReplayGash","ReplayGash","ReplayGash","Wraith Form v2","Wraith Form v2","Wraith Form v2"],"relics":["Frozen Eye","Busted Crown","REME_ComplimentaryCards","Mango","Replay:M_SmolderingBlood","ReplayTheSpireMod:TigerMarble","zeldaRelics:CourageTriforce","Membership Card","zeldaRelics:BlueTunic","conspire:DeflatedDodgeball","Pocketwatch","conspire:RunicOctahedron","Quantum Egg","Darkstone Periapt","Mummified Hand","FossilizedHelix","Blood Vial","zeldaRelics:WisdomPiece"],"acts_visited":["Exordium","TheCity"],"potions_floor_usage":[29,29],"damage_taken":[{"damage":2,"enemies":"2 Louse","floor":5,"turns":2},{"damage":0,"enemies":"Lagavulin","floor":6,"turns":3},{"damage":0,"enemies":"Lagavulin","floor":13,"turns":1},{"damage":29,"enemies":"3 Sentries","floor":14,"turns":3},{"damage":2,"enemies":"Jaw Worm","floor":15,"turns":2},{"damage":23,"enemies":"3 Sentries","floor":16,"turns":4},{"damage":13,"enemies":"Fading Forest","floor":18,"turns":11},{"damage":0,"enemies":"3 Byrds","floor":20,"turns":2},{"damage":2,"enemies":"2 Thieves","floor":21,"turns":3},{"damage":55,"enemies":"Chosen and Byrds","floor":23,"turns":3},{"damage":6,"enemies":"Snecko","floor":24,"turns":2},{"damage":18,"enemies":"Cultist and Chosen","floor":26,"turns":6},{"damage":28,"enemies":"Gremlin Leader","floor":27,"turns":3},{"damage":20,"enemies":"Nightmare","floor":29,"turns":3}],"seed_played":"-3018964606110647162","potions_obtained":[{"floor":6,"key":"GamblersBrew"},{"floor":13,"key":"SteroidPotion"},{"floor":15,"key":"SneckoOil"}],"is_trial":true,"path_per_floor":["?","?","$","?","M","E","$","WH","PTL","PTL","T","R","?","E","M","?","R","B",null,"M","M","?","M","M","R","M","E","T","NM"],"character_chosen":"WATCHER","items_purchased":["Membership Card"],"campfire_rested":3,"item_purchase_floors":[7],"current_hp_per_floor":[75,75,75,80,78,78,78,86,86,86,86,95,95,66,64,41,69,56,85,85,83,83,28,22,50,32,6,6,0,0],"gold":1007,"neow_bonus":"TEN_PERCENT_HP_BONUS","is_daily":false,"chose_seed":false,"campfire_upgraded":0,"win_rate":0.0,"timestamp":1608415787,"path_taken":["?","?","?","?","?","E","$","WH","PTL","PTL","T","R","?","E","M","?","R","BOSS","M","M","?","?","M","R","M","E","T","NM"],"items_purchased_type":["Relic"],"build_version":"2020-12-13","purchased_purges":0,"victory":false,"max_hp_per_floor":[82,82,82,87,87,87,87,95,95,95,95,95,95,95,95,95,95,95,95,95,95,95,95,95,95,95,95,95,95,95],"relic_stats":{"Darkstone Periapt":0,"Blood Vial":4,"Busted Crown":16,"counters":[14,48],"Mummified Hand":[13],"obtain_stats":[{"zeldaRelics:BlueTunic":13,"Darkstone Periapt":21,"zeldaRelics:WisdomPiece":27,"Quantum Egg":20,"Mango":0,"conspire:RunicOctahedron":19,"zeldaRelics:CourageTriforce":14,"Blood Vial":26,"Frozen Eye":0,"Busted Crown":0,"Replay:M_SmolderingBlood":1,"Mummified Hand":23,"ReplayTheSpireMod:TigerMarble":5,"zeldaRelics:CouragePiece":6,"Membership Card":7,"PureWater":0,"conspire:DeflatedDodgeball":15,"FossilizedHelix":24,"REME_ComplimentaryCards":0,"Pocketwatch":16},{"zeldaRelics:BlueTunic":3,"Darkstone Periapt":9,"zeldaRelics:WisdomPiece":13,"Quantum Egg":8,"Mango":0,"conspire:RunicOctahedron":7,"zeldaRelics:CourageTriforce":4,"Blood Vial":12,"Frozen Eye":0,"Busted Crown":0,"Replay:M_SmolderingBlood":0,"Mummified Hand":10,"ReplayTheSpireMod:TigerMarble":1,"zeldaRelics:CouragePiece":2,"Membership Card":2,"PureWater":0,"conspire:DeflatedDodgeball":5,"FossilizedHelix":11,"REME_ComplimentaryCards":0,"Pocketwatch":5},{"zeldaRelics:BlueTunic":6,"Darkstone Periapt":31,"zeldaRelics:WisdomPiece":45,"Quantum Egg":28,"Mango":0,"conspire:RunicOctahedron":26,"zeldaRelics:CourageTriforce":9,"Blood Vial":42,"Frozen Eye":0,"Busted Crown":0,"Replay:M_SmolderingBlood":0,"Mummified Hand":34,"ReplayTheSpireMod:TigerMarble":2,"zeldaRelics:CouragePiece":5,"Membership Card":5,"PureWater":0,"conspire:DeflatedDodgeball":11,"FossilizedHelix":36,"REME_ComplimentaryCards":0,"Pocketwatch":11}],"Pocketwatch":[17]},"card_choices":[{"not_picked":["Run Through","REME_Repentance"],"picked":"Intimidate","floor":0},{"not_picked":["SashWhip","ReplayTheSpireMod:Uncanny Aura"],"picked":"Dual Wield","floor":0},{"not_picked":["ReplayGash","Heavy Blade"],"picked":"Redo","floor":0},{"not_picked":["Armaments","Aggregate"],"picked":"Prostrate","floor":0},{"not_picked":["InnerPeace","Pommel Strike"],"picked":"Replay:AtTheReady","floor":0},{"not_picked":["Trip","Anger"],"picked":"Whirlwind","floor":0},{"not_picked":["Armaments","CutThroughFate"],"picked":"Wild Strike","floor":0},{"not_picked":["True Grit","Dagger Spray"],"picked":"Weave","floor":0},{"not_picked":["Ball Lightning","Replay:Undeath\u0027s Touch"],"picked":"Dash","floor":0},{"not_picked":["Evaluate","Replay:BluntJabs"],"picked":"Body Slam","floor":0},{"not_picked":["Protect","Sucker Punch"],"picked":"FlyingSleeves","floor":0},{"not_picked":["Masterful Stab","Outmaneuver"],"picked":"Whirlwind","floor":0},{"not_picked":["Fire Breathing","Sunder"],"picked":"Flying Knee","floor":0},{"not_picked":["Replay:Undeath\u0027s Touch","EmptyBody"],"picked":"Darkness","floor":0},{"not_picked":["Sneak Up","Heavy Blade"],"picked":"Wallop","floor":0}],"player_experience":1473903,"relics_obtained":[{"floor":5,"key":"ReplayTheSpireMod:TigerMarble"},{"floor":6,"key":"zeldaRelics:CouragePiece"},{"floor":11,"key":"zeldaRelics:CouragePiece"},{"floor":13,"key":"zeldaRelics:BlueTunic"},{"floor":14,"key":"zeldaRelics:CouragePiece"},{"floor":15,"key":"conspire:DeflatedDodgeball"},{"floor":20,"key":"Quantum Egg"},{"floor":21,"key":"Darkstone Periapt"},{"floor":23,"key":"Mummified Hand"},{"floor":24,"key":"FossilizedHelix"},{"floor":26,"key":"Blood Vial"},{"floor":27,"key":"zeldaRelics:WisdomPiece"},{"floor":28,"key":"zeldaRelics:WisdomPiece"}],"event_choices":[{"damage_healed":0,"gold_gain":0,"player_choice":"Agree","damage_taken":0,"max_hp_gain":0,"max_hp_loss":0,"event_name":"conspire:LoneGhost","floor":2,"gold_loss":0},{"damage_healed":0,"gold_gain":0,"player_choice":"Donut","damage_taken":0,"max_hp_gain":5,"max_hp_loss":0,"event_name":"Big Fish","floor":4,"gold_loss":0},{"damage_healed":0,"gold_gain":0,"player_choice":"Searched \u00273\u0027 times","damage_taken":0,"relics_obtained":["Pocketwatch"],"max_hp_gain":0,"max_hp_loss":0,"event_name":"Dead Adventurer","floor":16,"gold_loss":0},{"damage_healed":0,"gold_gain":0,"player_choice":"Copied","damage_taken":0,"max_hp_gain":0,"max_hp_loss":0,"event_name":"Duplicator","floor":22,"gold_loss":0,"cards_obtained":["Wraith Form v2"]}],"is_beta":false,"boss_relics":[{"not_picked":["ReplayTheSpireMod:SealedPack","Replay:Wanted Poster"],"picked":"conspire:RunicOctahedron"}],"items_purged_floors":[],"is_endless":false,"potions_floor_spawned":[6,13,15,18,26,27],"killed_by":"Nightmare","ascension_level":20}}