{"host":"tyfpg4h531zkrrpn","time":1608345518,"event":{"mods":["Act Like it!","BaseMod","CapriCore","Card Filter","Colored Map","Minty Spire (QoL Compilation)","MostiFishMod","Permanent Neow","Quick Restart","Relic Filter","StSLib","Waifu the Spire"],"gold_per_floor":[116,132,132,132,53,87,97,124,124,134,166,177,195,210,210,284,284,295,311,311,226,146,175,175,49,49,49,81,91,91,116,116,193,193,208,227,2,13,25,56,71,101,101,136,136,136,163,182,182,182,182,182,182,132,157,157],"floor_reached":57,"playtime":1873,"items_purged":["Strike_R+1"],"score":3704,"play_id":"4fcfdd03-01e5-4ca7-8459-8d2120c914ea","local_time":"20201218183838","is_ascension_mode":true,"campfire_choices":[{"data":"Armaments","floor":15,"key":"SMITH"},{"floor":24,"key":"REST"},{"data":"Juggernaut","floor":27,"key":"SMITH"},{"data":"Feel No Pain","floor":30,"key":"SMITH"},{"data":"Feel No Pain","floor":32,"key":"SMITH"},{"floor":45,"key":"RECALL"},{"floor":49,"key":"DIG"},{"floor":53,"key":"DIG"}],"circlet_count":0,"master_deck":["AscendersBane","Strike_R+1","Strike_R+1","Strike_R+1","Defend_R+1","Defend_R+1","Defend_R+1","Defend_R+1","Bash+1","Uppercut+1","Thunderclap+1","Juggernaut+1","Feel No Pain+1","Iron Wave+1","Armaments+1","Burning Pact+1","Intimidate+1","Iron Wave+1","MostiFishMod:HellRitual+1","MostiFishMod:ButterFly+1","MostiFishMod:CullingBlade+1","Feel No Pain+1","Shrug It Off+1","Iron Wave+1","Rage"],"relics":["Burning Blood","DaveBox","BionicSphere","CaptainsWheel","Question Card","Toy Ornithopter","Darkstone Periapt","Ornamental Fan","Sundial","ImportantClient","SlaversCollar","Question Card","Shovel","PreservedInsect","Bottled Lightning","Self Forming Clay","Juzu Bracelet","FeatherPendant","HornCleat","Mercury Hourglass","Bronze Scales","Smiling Mask","Orichalcum","ArrowTower","Pocketwatch","Eternal Feather","InkBottle"],"acts_visited":["Exordium","TheCity","TheBeyond","TheEnding"],"potions_floor_usage":[56],"damage_taken":[{"damage":0.0,"enemies":"Small Slimes","floor":1.0,"turns":3.0},{"damage":0.0,"enemies":"Jaw Worm","floor":2.0,"turns":4.0},{"damage":0,"enemies":"Lagavulin","floor":6,"turns":9},{"damage":0,"enemies":"2 Louse","floor":7,"turns":4},{"damage":29,"enemies":"3 Sentries","floor":8,"turns":11},{"damage":0,"enemies":"Exordium Wildlife","floor":10,"turns":5},{"damage":0,"enemies":"Lagavulin","floor":11,"turns":9},{"damage":0,"enemies":"Looter","floor":12,"turns":3},{"damage":0,"enemies":"Large Slime","floor":13,"turns":5},{"damage":0,"enemies":"2 Fungi Beasts","floor":14,"turns":4},{"damage":0,"enemies":"Slime Boss","floor":16,"turns":14},{"damage":0,"enemies":"Spheric Guardian","floor":18,"turns":7},{"damage":2,"enemies":"3 Byrds","floor":19,"turns":6},{"damage":83,"enemies":"Slavers","floor":23,"turns":8},{"damage":0,"enemies":"Book of Stabbing","floor":28,"turns":2},{"damage":0,"enemies":"Snake Plant","floor":29,"turns":2},{"damage":28,"enemies":"Gremlin Leader","floor":31,"turns":4},{"damage":0,"enemies":"Automaton","floor":33,"turns":3},{"damage":0,"enemies":"3 Darklings","floor":35,"turns":2},{"damage":0,"enemies":"Orb Walker","floor":36,"turns":2},{"damage":0,"enemies":"Spire Growth","floor":38,"turns":2},{"damage":7,"enemies":"Writhing Mass","floor":39,"turns":3},{"damage":0,"enemies":"Giant Head","floor":40,"turns":3},{"damage":0,"enemies":"Maw","floor":41,"turns":2},{"damage":0,"enemies":"Nemesis","floor":42,"turns":3},{"damage":0,"enemies":"Reptomancer","floor":44,"turns":2},{"damage":12,"enemies":"Nemesis","floor":47,"turns":3},{"damage":0,"enemies":"Transient","floor":48,"turns":4},{"damage":0,"enemies":"Awakened One","floor":50,"turns":4},{"damage":0,"enemies":"Donu and Deca","floor":51,"turns":3},{"damage":0,"enemies":"Shield and Spear","floor":55,"turns":2},{"damage":0,"enemies":"The Heart","floor":56,"turns":6}],"seed_played":"7152620611917980446","potions_obtained":[{"floor":7,"key":"SkillPotion"},{"floor":8,"key":"Energy Potion"}],"is_trial":false,"path_per_floor":["M","M","?","T","$","E","M","E","T","M","E","M","M","M","R","B",null,"M","M","?","?","$","E","R","$","T","R","E","M","R","E","R","B",null,"M","M","$","M","M","E","M","E","T","E","R","?","E","M","R","B","B",null,"R","$","E","B",null],"character_chosen":"IRONCLAD","items_purchased":["Juggernaut","MostiFishMod:ButterFly","PreservedInsect","HornCleat"],"campfire_rested":1,"item_purchase_floors":[5,22,25,37],"current_hp_per_floor":[56,62,67,67,67,73,79,56,56,62,68,74,80,80,80,80,80,80,80,80,80,80,7,31,31,31,31,37,55,55,37,37,43,71,80,80,80,80,79,80,80,80,80,80,80,80,74,80,80,80,80,80,80,80,80,80],"gold":157,"neow_bonus":"ONE_RARE_RELIC","is_daily":false,"chose_seed":false,"campfire_upgraded":4,"win_rate":0.0,"timestamp":1608345518,"path_taken":["M","M","?","?","$","E","M","E","T","M","E","M","M","M","R","BOSS","M","M","?","?","$","E","R","?","T","R","E","M","R","E","R","BOSS","M","M","$","M","M","E","M","E","T","E","R","?","E","M","R","BOSS","BOSS","R","$","E","BOSS"],"items_purchased_type":["Card","Card","Relic","Relic"],"build_version":"2020-12-13","purchased_purges":1,"victory":true,"max_hp_per_floor":[75,75,80,80,80,80,80,80,80,80,80,80,80,80,80,80,80,80,80,80,80,80,80,80,80,80,80,80,80,80,80,80,80,80,80,80,80,80,80,80,80,80,80,80,80,80,80,80,80,80,80,80,80,80,80,80],"card_choices":[{"not_picked":["Clothesline","Pummel"],"picked":"Uppercut","floor":1.0},{"not_picked":["Cleave","Clothesline","Perfected Strike"],"picked":"Thunderclap","floor":2.0},{"not_picked":["Fiend Fire","Warcry","Sword Boomerang","Whirlwind"],"picked":"SKIP","floor":6},{"not_picked":["Cleave","Rupture","Hemokinesis","Anger"],"picked":"SKIP","floor":7},{"not_picked":["Ghostly Armor","Clash","Clothesline"],"picked":"Feel No Pain","floor":8},{"not_picked":["Power Through","Clothesline","Flame Barrier"],"picked":"Iron Wave","floor":10},{"not_picked":["Cleave","Flame Barrier","Anger"],"picked":"Armaments","floor":11},{"not_picked":["Havoc","MostiFishMod:UltimateDefense","Anger"],"picked":"Burning Pact","floor":12},{"not_picked":["Dual Wield","Anger","Bloodletting"],"picked":"Intimidate","floor":13},{"not_picked":["Heavy Blade","Shrug It Off","Sever Soul"],"picked":"Iron Wave","floor":14},{"not_picked":["Reaper","Exhume","MostiFishMod:NewArrival"],"picked":"MostiFishMod:HellRitual","floor":16},{"not_picked":["Thunderclap+1","Perfected Strike","Seeing Red","Sentinel"],"picked":"SKIP","floor":18},{"not_picked":["Combust+1","Cleave+1","Heavy Blade","Sentinel"],"picked":"SKIP","floor":19},{"not_picked":["Flex","Perfected Strike","Headbutt+1","Iron Wave"],"picked":"MostiFishMod:CullingBlade","floor":23},{"not_picked":["Twin Strike","Body Slam+1","Pommel Strike","Fire Breathing"],"picked":"Feel No Pain","floor":28},{"not_picked":["Heavy Blade","Second Wind","Pommel Strike","Power Through","Headbutt"],"picked":"SKIP","floor":29},{"not_picked":["Searing Blow","MostiFishMod:HellRitual","Clothesline","Uppercut","Heavy Blade+1"],"picked":"SKIP","floor":31},{"not_picked":["Wild Strike","Anger","MostiFishMod:BrandingRite+1","Second Wind","Warcry"],"picked":"SKIP","floor":35},{"not_picked":["Headbutt","Disarm","Reckless Charge+1","Flame Barrier"],"picked":"Shrug It Off+1","floor":36},{"not_picked":["Cleave+1","Spot Weakness","Wild Strike","Body Slam","Shockwave"],"picked":"SKIP","floor":38},{"not_picked":["Thunderclap","Pommel Strike","Cleave+1","Heavy Blade+1","Searing Blow"],"picked":"SKIP","floor":39},{"not_picked":["Clothesline","Anger","Clash","Havoc","MostiFishMod:BrandingRite"],"picked":"SKIP","floor":40},{"not_picked":["MostiFishMod:#F4004","Cleave","Headbutt","Perfected Strike","Reckless Charge"],"picked":"SKIP","floor":41},{"not_picked":["Perfected Strike","Hemokinesis","Heavy Blade","Seeing Red","Power Through"],"picked":"SKIP","floor":42},{"not_picked":["Twin Strike","Pummel","Flame Barrier+1","True Grit"],"picked":"Iron Wave+1","floor":44},{"not_picked":["Offering","MostiFishMod:BrandingRite","Inflame","Clothesline","Havoc+1"],"picked":"SKIP","floor":47},{"not_picked":["Iron Wave","Headbutt","Whirlwind+1","Flex","Rupture"],"picked":"SKIP","floor":48},{"not_picked":["Pummel","Rampage","Shockwave","Armaments"],"picked":"Rage","floor":55}],"player_experience":549317,"relics_obtained":[{"floor":1.0,"key":"Question Card"},{"floor":6,"key":"Toy Ornithopter"},{"floor":8,"key":"Darkstone Periapt"},{"floor":9,"key":"Ornamental Fan"},{"floor":11,"key":"Sundial"},{"floor":16,"key":"ImportantClient"},{"floor":23,"key":"Shovel"},{"floor":26,"key":"Bottled Lightning"},{"floor":28,"key":"Self Forming Clay"},{"floor":31,"key":"Juzu Bracelet"},{"floor":40,"key":"Mercury Hourglass"},{"floor":42,"key":"Bronze Scales"},{"floor":43,"key":"Smiling Mask"},{"floor":44,"key":"Orichalcum"},{"floor":47,"key":"ArrowTower"},{"floor":49,"key":"Pocketwatch"},{"floor":53,"key":"Eternal Feather"},{"floor":55,"key":"InkBottle"}],"event_choices":[{"damage_healed":0.0,"max_hp_gain":5.0,"max_hp_loss":0.0,"gold_gain":0.0,"event_name":"Big Fish","player_choice":"Donut","floor":3.0,"gold_loss":0.0,"damage_taken":0.0},{"damage_healed":0,"gold_gain":0,"player_choice":"Ignored","damage_taken":0,"max_hp_gain":0,"max_hp_loss":0,"event_name":"Vampires","floor":20,"gold_loss":0},{"damage_healed":0,"gold_gain":0,"player_choice":"Obtained Relic","damage_taken":0,"relics_obtained":["Question Card"],"max_hp_gain":0,"max_hp_loss":0,"event_name":"Addict","floor":21,"gold_loss":85},{"cards_removed":["Strike_R"],"damage_healed":0,"gold_gain":0,"player_choice":"Removed Attack","damage_taken":0,"max_hp_gain":0,"max_hp_loss":0,"event_name":"Falling","floor":46,"gold_loss":0}],"is_beta":false,"boss_relics":[{"not_picked":["Cursed Key","Tiny House"],"picked":"SlaversCollar"},{"not_picked":["ExusiaiGun","BirthdayGift-Icosahedron"],"picked":"FeatherPendant"}],"items_purged_floors":[54],"is_endless":false,"potions_floor_spawned":[7,8,10,13,14,18,23,31,40,42,44,47],"ascension_level":20}}