{"host":"zhypnm5xlgq8j242","time":1608413009,"event":{"mods":["AchievementEnabler","BaseMod","BetterRewards","Colored Powertips","Hermit","Keyboard Shortcuts","Minty Spire (QoL Compilation)","Quick Restart","Replay The Spire","Shop Mod","StSLib","The Cursed","The Hierophant","The Runesmith"],"gold_per_floor":[119,137,149,149,149,149,149,149],"floor_reached":7,"playtime":322,"items_purged":[],"score":55,"play_id":"539402a5-23c9-42ee-9cbc-e044f36fa518","local_time":"20201220062329","is_ascension_mode":true,"campfire_choices":[{"floor":6,"key":"REST"}],"circlet_count":0,"master_deck":["Strike_G","Strike_G","Strike_G","Defend_G","Defend_G","Defend_G","Defend_G","Defend_G","Survivor","Neutralize","Acrobatics","Fluid Movement","Dagger Spray","Sneak Up","Injury","Dagger Spray"],"relics":["Ring of the Snake","Torii","Replay:PocketPolymizer","Golden Idol"],"acts_visited":["Exordium"],"potions_floor_usage":[],"damage_taken":[{"damage":1,"enemies":"2 Louse","floor":1,"turns":3},{"damage":11,"enemies":"Jaw Worm","floor":2,"turns":9},{"damage":8,"enemies":"Small Slimes","floor":3,"turns":4},{"damage":11,"enemies":"Lagavulin","floor":7,"turns":7}],"seed_played":"-6973612722168126227","potions_obtained":[{"floor":3,"key":"Explosive Potion"}],"is_trial":false,"path_per_floor":["M","M","M","?","?","R","E"],"character_chosen":"THE_SILENT","items_purchased":["Torii","Acrobatics"],"campfire_rested":1,"item_purchase_floors":[0,0],"current_hp_per_floor":[48,37,29,29,22,41,30,30],"gold":149,"neow_bonus":"","is_daily":false,"chose_seed":false,"campfire_upgraded":0,"win_rate":0.0,"timestamp":1608413009,"path_taken":["M","M","M","?","?","R","E"],"items_purchased_type":["Relic","Card"],"build_version":"2020-12-13","purchased_purges":0,"victory":false,"max_hp_per_floor":[65,65,65,65,65,65,65,65],"card_choices":[{"not_picked":["Hidden Blade","Eviscerate"],"picked":"Fluid Movement","floor":1},{"not_picked":["Backflip","Prepared"],"picked":"Dagger Spray","floor":2},{"not_picked":["Endless Agony","Setup"],"picked":"Sneak Up","floor":3}],"player_experience":558746,"relics_obtained":[],"event_choices":[{"damage_healed":0,"gold_gain":0,"player_choice":"Take Wound","damage_taken":0,"relics_obtained":["Golden Idol"],"max_hp_gain":0,"max_hp_loss":0,"event_name":"Golden Idol","floor":4,"gold_loss":0,"cards_obtained":["Injury"]},{"cards_removed":["Strike_G"],"damage_healed":0,"gold_gain":0,"player_choice":"Card Removal","damage_taken":7,"max_hp_gain":0,"max_hp_loss":0,"event_name":"Golden Wing","floor":5,"gold_loss":0}],"is_beta":false,"boss_relics":[],"items_purged_floors":[],"is_endless":false,"potions_floor_spawned":[3],"killed_by":"Lagavulin","ascension_level":7}}