{"host":"naykp6d9ulahlwib","time":1608348580,"event":{"mods":["BaseMod","Highlight Path","Minty Spire (QoL Compilation)","Shop Mod","StSLib"],"gold_per_floor":[109,129,204,129,148,148,98,98,121,156,156,56,68,68,68,166,166,106,123,123,123,123,123,156,156,201,212,212,212,228,103,103,203,203,214,64,76,76,86,86,102,102,128,128,138,138,153,168,168,168],"floor_reached":51,"playtime":4544,"items_purged":["Strike_B","Defend_B","Strike_B","Zap"],"score":981,"play_id":"f4c66ffe-85b7-4239-a4c7-81143bf25ff1","local_time":"20201218212940","is_ascension_mode":true,"campfire_choices":[{"data":"Reprogram","floor":6.0,"key":"SMITH"},{"data":"Double Energy","floor":11.0,"key":"SMITH"},{"data":"Self Repair","floor":15.0,"key":"SMITH"},{"data":"Echo Form","floor":23.0,"key":"SMITH"},{"data":"White Noise","floor":25.0,"key":"SMITH"},{"data":"Sweeping Beam","floor":28.0,"key":"SMITH"},{"data":"Dualcast","floor":32.0,"key":"SMITH"},{"data":"Secret Technique","floor":40.0,"key":"SMITH"},{"floor":49.0,"key":"REST"}],"circlet_count":0,"master_deck":["AscendersBane","Strike_B+1","Defend_B","Defend_B","Defend_B","Dualcast+1","Self Repair+1","Reprogram+1","Double Energy+1","Sweeping Beam+1","Echo Form+1","Compile Driver+1","White Noise+1","Conserve Battery","Sweeping Beam+1","Seek","Force Field+1","Bandage Up","Secret Technique+1","Parasite"],"relics":["Cracked Core","NeowsBlessing","Boot","Symbiotic Virus","Nuclear Battery","MutagenicStrength","Ginger","Whetstone","Sozu","PreservedInsect"],"acts_visited":["Exordium","TheCity","TheBeyond"],"potions_floor_usage":[],"damage_taken":[{"damage":0.0,"enemies":"2 Louse","floor":1.0,"turns":1.0},{"damage":0.0,"enemies":"Cultist","floor":2.0,"turns":1.0},{"damage":0.0,"enemies":"Jaw Worm","floor":5.0,"turns":1.0},{"damage":9.0,"enemies":"Lagavulin","floor":10.0,"turns":13.0},{"damage":7.0,"enemies":"Exordium Wildlife","floor":13.0,"turns":4.0},{"damage":51.0,"enemies":"Hexaghost","floor":16.0,"turns":16.0},{"damage":37.0,"enemies":"2 Thieves","floor":18.0,"turns":4.0},{"damage":14.0,"enemies":"Shell Parasite","floor":19.0,"turns":6.0},{"damage":8.0,"enemies":"Book of Stabbing","floor":24.0,"turns":8.0},{"damage":19.0,"enemies":"Snake Plant","floor":27.0,"turns":4.0},{"damage":14.0,"enemies":"Cultist and Chosen","floor":30.0,"turns":7.0},{"damage":49.0,"enemies":"Collector","floor":33.0,"turns":8.0},{"damage":19.0,"enemies":"3 Shapes","floor":35.0,"turns":4.0},{"damage":0.0,"enemies":"Orb Walker","floor":37.0,"turns":3.0},{"damage":32.0,"enemies":"3 Darklings","floor":39.0,"turns":5.0},{"damage":27.0,"enemies":"Jaw Worm Horde","floor":41.0,"turns":4.0},{"damage":28.0,"enemies":"4 Shapes","floor":45.0,"turns":6.0},{"damage":0.0,"enemies":"Writhing Mass","floor":47.0,"turns":7.0},{"damage":32.0,"enemies":"Transient","floor":48.0,"turns":5.0},{"damage":78,"enemies":"Awakened One","floor":50,"turns":19}],"seed_played":"1293249890224216720","potions_obtained":[{"floor":5.0,"key":"AttackPotion"},{"floor":10.0,"key":"Block Potion"},{"floor":13.0,"key":"LiquidMemories"},{"floor":19.0,"key":"ColorlessPotion"},{"floor":27.0,"key":"SteroidPotion"}],"is_trial":false,"path_per_floor":["M","M","?","$","M","R","?","$","T","E","R","$","M","?","R","B",null,"M","M","$","?","?","R","E","R","T","M","R","?","M","$","R","B",null,"M","$","M","?","M","R","M","?","T","$","M","?","M","M","R","B",null],"character_chosen":"DEFECT","items_purchased":[],"campfire_rested":1,"item_purchase_floors":[],"current_hp_per_floor":[68,68,61,61,61,61,61,61,61,59,59,59,59,59,59,18,61,44,50,50,50,50,50,62,62,62,63,63,63,69,69,69,30,64,65,65,65,60,56,56,53,46,46,46,46,46,74,60,75,15],"gold":168,"neow_bonus":"THREE_ENEMY_KILL","is_daily":false,"chose_seed":false,"campfire_upgraded":8,"win_rate":0.0,"timestamp":1608348580,"path_taken":["M","M","?","$","?","R","?","?","T","E","R","$","M","?","R","BOSS","M","?","$","?","?","R","E","R","T","M","R","?","?","$","R","BOSS","M","$","M","?","M","R","M","?","T","$","?","?","M","M","R","BOSS"],"items_purchased_type":[],"build_version":"2020-12-13","purchased_purges":4,"victory":true,"max_hp_per_floor":[75,75,75,75,75,75,75,75,75,75,75,75,75,75,75,75,75,75,75,75,75,75,75,75,75,75,75,75,75,75,75,75,75,75,75,75,75,75,75,75,75,75,75,75,75,75,75,75,75,75],"card_choices":[{"not_picked":["Beam Cell","Stack"],"picked":"Self Repair","floor":1.0},{"not_picked":["Blizzard","Coolheaded"],"picked":"Reprogram","floor":2.0},{"not_picked":["Scrape","Hello World"],"picked":"Double Energy","floor":5.0},{"not_picked":["Consume","Recycle","Blizzard"],"picked":"SKIP","floor":10.0},{"not_picked":["Conserve Battery","Leap"],"picked":"Sweeping Beam","floor":13.0},{"not_picked":["Hyperbeam","Electrodynamics"],"picked":"Echo Form","floor":16.0},{"not_picked":["Rebound","Sunder"],"picked":"Compile Driver","floor":18.0},{"not_picked":["Blizzard","Fusion"],"picked":"White Noise","floor":19.0},{"not_picked":["Go for the Eyes","Multi-Cast","Hologram"],"picked":"SKIP","floor":24.0},{"not_picked":["Consume","Go for the Eyes","Cold Snap"],"picked":"SKIP","floor":27.0},{"not_picked":["Stack","Loop"],"picked":"Sweeping Beam+1","floor":30.0},{"not_picked":["Multi-Cast","Core Surge"],"picked":"Seek","floor":33.0},{"not_picked":["Cold Snap","Barrage+1"],"picked":"Force Field+1","floor":35.0},{"not_picked":["Conserve Battery+1","Fusion+1","Coolheaded"],"picked":"SKIP","floor":37.0},{"not_picked":["Violence","Metamorphosis"],"picked":"Bandage Up","floor":38.0},{"not_picked":["Violence","Dark Shackles"],"picked":"Secret Technique","floor":38.0},{"not_picked":["Barrage","Coolheaded","Heatsinks+1"],"picked":"SKIP","floor":39.0},{"not_picked":["Coolheaded+1","Beam Cell","Redo+1"],"picked":"SKIP","floor":41.0},{"not_picked":["Sunder","Barrage"],"picked":"Streamline","floor":45.0},{"not_picked":["Turbo","Sweeping Beam+1","Cold Snap+1"],"picked":"SKIP","floor":47.0},{"not_picked":["Barrage","Auto Shields","Consume"],"picked":"SKIP","floor":48.0}],"player_experience":827390,"relics_obtained":[{"floor":9.0,"key":"Boot"},{"floor":10.0,"key":"Symbiotic Virus"},{"floor":24.0,"key":"Ginger"},{"floor":26.0,"key":"Whetstone"},{"floor":43.0,"key":"PreservedInsect"}],"event_choices":[{"damage_healed":0.0,"max_hp_gain":0.0,"max_hp_loss":0.0,"gold_gain":75.0,"event_name":"FaceTrader","player_choice":"Touch","floor":3.0,"gold_loss":0.0,"damage_taken":7.0},{"cards_removed":["Strike_B"],"damage_healed":0.0,"max_hp_gain":0.0,"max_hp_loss":0.0,"gold_gain":0.0,"event_name":"The Cleric","player_choice":"Card Removal","floor":7.0,"gold_loss":50.0,"damage_taken":0.0},{"damage_healed":0.0,"max_hp_gain":0.0,"max_hp_loss":0.0,"gold_gain":0.0,"event_name":"The Woman in Blue","player_choice":"Bought 0 Potions","floor":14.0,"gold_loss":0.0,"damage_taken":0.0},{"damage_healed":0.0,"max_hp_gain":0.0,"max_hp_loss":0.0,"gold_gain":0.0,"event_name":"Drug Dealer","player_choice":"Inject Mutagens","floor":21.0,"gold_loss":0.0,"damage_taken":0.0,"relics_obtained":["MutagenicStrength"]},{"damage_healed":0.0,"max_hp_gain":0.0,"max_hp_loss":0.0,"gold_gain":0.0,"event_name":"The Library","player_choice":"Read","floor":22.0,"gold_loss":0.0,"damage_taken":0.0,"cards_obtained":["Conserve Battery"]},{"damage_healed":0.0,"max_hp_gain":0.0,"max_hp_loss":0.0,"gold_gain":0.0,"event_name":"Vampires","player_choice":"Ignored","floor":29.0,"gold_loss":0.0,"damage_taken":0.0},{"damage_healed":0.0,"max_hp_gain":0.0,"max_hp_loss":0.0,"gold_gain":0.0,"event_name":"SensoryStone","player_choice":"Memory 2","floor":38.0,"gold_loss":0.0,"damage_taken":5.0},{"damage_healed":0.0,"max_hp_gain":0.0,"max_hp_loss":0.0,"gold_gain":0.0,"event_name":"Wheel of Change","player_choice":"Damaged","floor":42.0,"gold_loss":0.0,"damage_taken":7.0},{"cards_removed":["Streamline"],"damage_healed":0.0,"max_hp_gain":0.0,"max_hp_loss":0.0,"gold_gain":0.0,"event_name":"Falling","player_choice":"Removed Attack","floor":46.0,"gold_loss":0.0,"damage_taken":0.0}],"is_beta":false,"boss_relics":[{"not_picked":["Coffee Dripper","Black Star"],"picked":"Nuclear Battery"},{"not_picked":["Philosopher\u0027s Stone","Pandora\u0027s Box"],"picked":"Sozu"}],"items_purged_floors":[4,12,31,36],"is_endless":false,"potions_floor_spawned":[5,10,13,19,27,37,47,48],"ascension_level":12}}