{"host":"81h68oe4mr04pk3r","time":1608366389,"event":{"mods":["Act Like it!","Aspiration","BaseMod","BetterRewards","Colored Map","Colored Powertips","Conspire","Downfall","Hermit","Hubris","Infinite Spire","Jorbs\u0027s Wanderer Trilogy","Koishi","Lobotomy","LobotomyExtend","Marisa????????","Minty Spire (QoL Compilation)","Quick Restart","Reimu??????","Remilia??????","Replay The Spire","StSLib","The Bug Knight","The Construct","The Cursed","The Disciple","The Servant 0.9.4"],"gold_per_floor":[115,22,42,42,52,52,52,68,68,68,68,82,115,115,115,220,220,235,246,246,246],"floor_reached":20,"playtime":1382,"items_purged":[],"score":174,"play_id":"3d188800-fe2e-4b44-ad20-8bbbb70edb42","local_time":"20201219002629","is_ascension_mode":false,"campfire_choices":[{"data":"Rage","floor":6,"key":"SMITH"},{"data":"Zap","floor":10,"key":"SMITH"},{"floor":15,"key":"REST"}],"circlet_count":0,"master_deck":["Strike_R","Strike_R","Strike_R","Strike_R","Defend_R","Defend_R","Defend_R","Defend_R","Bash","Armaments","Twin Strike+1","Armaments","Heavy Blade","Fission","Rage+1","Zap+1","Chaos","Shrug It Off","Cleave+1","Shrug It Off"],"relics":["Burning Blood","aspiration:Nostalgia","m_SpellCore","LetterFromLob","aspiration:ChemicalBlood","Dream Catcher","Meat on the Bone","Replay:Bronze Core"],"acts_visited":["Exordium","TheCity"],"potions_floor_usage":[16,16,16,16,16,16,16,19],"damage_taken":[{"damage":9,"enemies":"conspire:RoseBush","floor":1,"turns":2},{"damage":0,"enemies":"Cultist","floor":3,"turns":3},{"damage":6,"enemies":"2 Louse","floor":5,"turns":2},{"damage":3,"enemies":"Red Slaver","floor":8,"turns":3},{"damage":6,"enemies":"conspire:2 RoseBushes","floor":12,"turns":5},{"damage":12,"enemies":"3 Sentries","floor":13,"turns":9},{"damage":72,"enemies":"The Guardian","floor":16,"turns":14},{"damage":14,"enemies":"Shell Parasite","floor":18,"turns":7},{"damage":25,"enemies":"Spheric Guardian","floor":19,"turns":8},{"damage":24,"enemies":"Snake Plant","floor":20,"turns":6}],"seed_played":"-5505319269179672497","potions_obtained":[{"floor":3,"key":"Adrenaline Potion"},{"floor":16,"key":"EssenceOfSteel"},{"floor":16,"key":"BloodPotion"},{"floor":16,"key":"Regen Potion"},{"floor":19,"key":"SkillPotion"}],"is_trial":false,"path_per_floor":["M","$","M","?","M","R","$","M","T","R","M","M","E","?","R","B",null,"M","M","M"],"character_chosen":"IRONCLAD","items_purchased":["Twin Strike+1","Armaments"],"campfire_rested":1,"item_purchase_floors":[2,2],"current_hp_per_floor":[77,77,80,80,80,80,80,80,80,80,80,80,74,22,46,39,80,72,53,29,29],"gold":246,"neow_bonus":"NOSTALGIA","is_daily":false,"chose_seed":false,"campfire_upgraded":2,"win_rate":0.0,"timestamp":1608366389,"path_taken":["M","$","M","?","M","R","$","M","T","R","?","M","E","?","R","BOSS","M","M","M"],"items_purchased_type":["Card","Card"],"build_version":"2020-12-13","purchased_purges":0,"victory":false,"max_hp_per_floor":[80,80,80,80,80,80,80,80,80,80,80,80,80,80,80,80,80,80,80,80,80],"card_choices":[{"not_picked":["Headbutt","Shrug It Off"],"picked":"Armaments","floor":1},{"not_picked":["Pummel","Stack"],"picked":"Heavy Blade","floor":3},{"not_picked":["Redo","Headbutt"],"picked":"Rage","floor":5},{"not_picked":["Reckless Charge","ReplaySolidLightProjector"],"picked":"Zap","floor":8},{"not_picked":["Entrench","Gash","Disarm"],"picked":"SKIP","floor":12},{"not_picked":["Turbo","Immolate"],"picked":"Chaos","floor":13},{"not_picked":["hubris:SharpeningStone","ReplayTheSpireMod:Strike From Hell"],"picked":"Shrug It Off","floor":15},{"not_picked":["Thunderclap","ReplayTheSpireMod:Strike From Hell+1"],"picked":"Cleave+1","floor":18},{"not_picked":["Uppercut","Clash"],"picked":"Shrug It Off","floor":19}],"player_experience":114498,"relics_obtained":[{"floor":1,"key":"LetterFromLob"},{"floor":9,"key":"aspiration:ChemicalBlood"},{"floor":13,"key":"Dream Catcher"}],"event_choices":[{"damage_healed":0,"gold_gain":0,"cards_transformed":["Strike_R"],"player_choice":"Transformed","damage_taken":0,"max_hp_gain":0,"max_hp_loss":0,"event_name":"Transmorgrifier","floor":4,"gold_loss":0,"cards_obtained":["Fission"]},{"damage_healed":0,"gold_gain":0,"player_choice":"Success","damage_taken":52,"relics_obtained":["Meat on the Bone"],"max_hp_gain":0,"max_hp_loss":0,"event_name":"Scrap Ooze","floor":14,"gold_loss":0}],"is_beta":false,"boss_relics":[{"not_picked":["Astrolabe","aspiration:RunicSpoon"],"picked":"Replay:Bronze Core"}],"items_purged_floors":[],"is_endless":false,"potions_floor_spawned":[3,19],"killed_by":"Snake Plant","ascension_level":0}}