{"host":"vumwfieg2b2mnrfl","time":1608337309,"event":{"mods":["AchievementEnabler","BaseMod","Minty Spire (QoL Compilation)","Rare Cards Sparkle","Relic Stats"],"gold_per_floor":[165,182,182,200,220,220,246,246,272,299,318,332,332,362,362,362,362],"floor_reached":16,"playtime":489,"items_purged":[],"score":151,"play_id":"c05d3666-4908-4e6f-a1c9-de17c04b2610","local_time":"20201218182149","is_ascension_mode":true,"campfire_choices":[{"data":"Entrench","floor":6.0,"key":"SMITH"},{"data":"Armaments","floor":8.0,"key":"SMITH"},{"floor":15,"key":"REST"}],"circlet_count":0,"master_deck":["Strike_R","Strike_R","Strike_R","Strike_R+1","Strike_R","Defend_R","Defend_R","Defend_R+1","Defend_R","Bash","Clash+1","Armaments+1","Twin Strike","Hemokinesis","Entrench+1","Bloodletting","Bludgeon","Pommel Strike","Fire Breathing","Headbutt"],"relics":["Tiny House","Regal Pillow","Centennial Puzzle","Odd Mushroom","Akabeko","Singing Bowl"],"acts_visited":["Exordium"],"potions_floor_usage":[14],"damage_taken":[{"damage":0.0,"enemies":"Small Slimes","floor":1.0,"turns":4.0},{"damage":0.0,"enemies":"Jaw Worm","floor":2.0,"turns":3.0},{"damage":0.0,"enemies":"2 Louse","floor":4.0,"turns":2.0},{"damage":3.0,"enemies":"Exordium Wildlife","floor":5.0,"turns":4.0},{"damage":12.0,"enemies":"Gremlin Nob","floor":7.0,"turns":3.0},{"damage":7.0,"enemies":"The Mushroom Lair","floor":10.0,"turns":5.0},{"damage":5.0,"enemies":"Large Slime","floor":11.0,"turns":4.0},{"damage":0.0,"enemies":"3 Louse","floor":12.0,"turns":2.0},{"damage":20,"enemies":"Lagavulin","floor":14,"turns":4},{"damage":45,"enemies":"Hexaghost","floor":16,"turns":9}],"seed_played":"424362854344138042","potions_obtained":[{"floor":0.0,"key":"Strength Potion"},{"floor":2.0,"key":"EssenceOfSteel"},{"floor":4.0,"key":"ColorlessPotion"}],"is_trial":false,"path_per_floor":["M","M","?","M","M","R","E","R","T","?","M","M","?","E","R","B"],"character_chosen":"IRONCLAD","items_purchased":[],"campfire_rested":1,"item_purchase_floors":[],"current_hp_per_floor":[77,77,60,60,57,57,45,45,45,38,33,33,21,1,41,0,0],"gold":362,"neow_bonus":"BOSS_RELIC","is_daily":false,"chose_seed":false,"campfire_upgraded":2,"win_rate":0.0,"timestamp":1608337309,"path_taken":["M","M","?","M","M","R","E","R","T","?","M","M","?","E","R","BOSS"],"items_purchased_type":[],"build_version":"2020-12-13","purchased_purges":0,"victory":false,"max_hp_per_floor":[85,85,85,85,85,85,85,85,85,85,85,85,85,85,85,85,85],"relic_stats":{"Regal Pillow":15,"Centennial Puzzle":[12],"Singing Bowl":0,"counters":[10,40],"obtain_stats":[{"Regal Pillow":7,"Centennial Puzzle":9,"Tiny House":0,"Singing Bowl":14,"Odd Mushroom":10,"Burning Blood":0,"Akabeko":13},{"Regal Pillow":5,"Centennial Puzzle":5,"Tiny House":0,"Singing Bowl":9,"Odd Mushroom":6,"Burning Blood":0,"Akabeko":8},{"Regal Pillow":16,"Centennial Puzzle":16,"Tiny House":0,"Singing Bowl":31,"Odd Mushroom":21,"Burning Blood":0,"Akabeko":27}]},"card_choices":[{"not_picked":["Anger","Heavy Blade"],"picked":"Clash","floor":0.0},{"not_picked":["True Grit","Body Slam"],"picked":"Armaments","floor":1.0},{"not_picked":["Sever Soul","Warcry"],"picked":"Twin Strike","floor":2.0},{"not_picked":["Thunderclap","Wild Strike"],"picked":"Hemokinesis","floor":4.0},{"not_picked":["Body Slam","Burning Pact"],"picked":"Entrench","floor":5.0},{"not_picked":["Havoc","Perfected Strike"],"picked":"Bloodletting","floor":7.0},{"not_picked":["Armaments","Twin Strike"],"picked":"Bludgeon","floor":10.0},{"not_picked":["Havoc","Armaments"],"picked":"Pommel Strike","floor":11.0},{"not_picked":["Armaments","Wild Strike"],"picked":"Fire Breathing","floor":12.0},{"not_picked":["Thunderclap","Clash"],"picked":"Headbutt","floor":14}],"player_experience":250762,"relics_obtained":[{"floor":7.0,"key":"Regal Pillow"},{"floor":9.0,"key":"Centennial Puzzle"},{"floor":10.0,"key":"Odd Mushroom"},{"floor":14,"key":"Singing Bowl"}],"event_choices":[{"damage_healed":0.0,"max_hp_gain":0.0,"max_hp_loss":0.0,"gold_gain":0.0,"event_name":"Shining Light","player_choice":"Entered Light","floor":3.0,"gold_loss":0.0,"damage_taken":17.0,"cards_upgraded":["Clash","Strike_R"]},{"damage_healed":0.0,"max_hp_gain":0.0,"max_hp_loss":0.0,"gold_gain":0.0,"event_name":"Mushrooms","player_choice":"Fought Mushrooms","floor":10.0,"gold_loss":0.0,"damage_taken":0.0},{"damage_healed":0,"gold_gain":0,"player_choice":"Success","damage_taken":12,"relics_obtained":["Akabeko"],"max_hp_gain":0,"max_hp_loss":0,"event_name":"Scrap Ooze","floor":13,"gold_loss":0}],"is_beta":false,"boss_relics":[],"items_purged_floors":[],"is_endless":false,"potions_floor_spawned":[2,4,5,7],"killed_by":"Hexaghost","ascension_level":7}}