{"host":"allmbduy0wevzqlm","time":1608347383,"event":{"mods":["2.2 Compatiblity","AchievementEnabler","BaseMod","DeckTracker","Highlight Path","Minty Spire (QoL Compilation)","Quick Restart","everything is the same but u backflip on backflip"],"gold_per_floor":[112,74,74,74,74,74,74,112,139,139,214,214,227,268,268,387,387,387],"floor_reached":17,"playtime":545,"items_purged":[],"score":184,"play_id":"a0418086-7565-4af0-a1cd-43edb0592f9d","local_time":"20201219120943","is_ascension_mode":false,"campfire_choices":[{"data":"Searing Blow+1","floor":7,"key":"SMITH"},{"data":"Searing Blow+2","floor":10,"key":"SMITH"},{"floor":15,"key":"REST"}],"circlet_count":0,"master_deck":["Strike_R","Strike_R","Strike_R","Strike_R","Strike_R","Defend_R","Defend_R","Defend_R","Defend_R","Bash","Searing Blow+3","Flame Barrier","Reckless Charge","Entrench","Bloodletting","Seeing Red"],"relics":["Burning Blood","NeowsBlessing","Golden Idol","Prayer Wheel","Bronze Scales","Omamori","Black Star"],"acts_visited":["TheCity"],"potions_floor_usage":[16,16],"damage_taken":[{"damage":0,"enemies":"Cultist","floor":1,"turns":1},{"damage":0,"enemies":"Gremlin Nob","floor":8,"turns":1},{"damage":0,"enemies":"2 Louse","floor":13,"turns":1},{"damage":26,"enemies":"3 Sentries","floor":14,"turns":7},{"damage":64,"enemies":"Hexaghost","floor":16,"turns":11}],"seed_played":"-659751842043029532","potions_obtained":[{"floor":1,"key":"SpeedPotion"},{"floor":8,"key":"Dexterity Potion"}],"is_trial":false,"path_per_floor":["M","$","?","?","$","$","R","E","T","R","?","?","M","E","R","B",null],"character_chosen":"IRONCLAD","items_purchased":["Flame Barrier"],"campfire_rested":1,"item_purchase_floors":[2],"current_hp_per_floor":[80,80,60,60,60,60,60,66,66,66,55,60,66,46,71,13,85,85],"gold":387,"neow_bonus":"THREE_ENEMY_KILL","is_daily":false,"chose_seed":false,"campfire_upgraded":2,"win_rate":0.0,"timestamp":1608347383,"path_taken":["M","$","?","?","?","$","R","E","T","R","?","?","M","E","R","BOSS"],"items_purchased_type":["Card"],"build_version":"2020-12-13","purchased_purges":0,"victory":false,"max_hp_per_floor":[80,80,80,80,80,80,80,80,80,80,80,85,85,85,85,85,85,85],"card_choices":[{"not_picked":["Reckless Charge","Dropkick"],"picked":"Searing Blow","floor":1},{"not_picked":["Thunderclap","Dropkick"],"picked":"Reckless Charge","floor":8},{"not_picked":["Searing Blow","Sentinel"],"picked":"Entrench","floor":13},{"not_picked":["Wild Strike","Anger"],"picked":"Bloodletting","floor":13},{"not_picked":["Blood for Blood","Sword Boomerang"],"picked":"Seeing Red","floor":14}],"player_experience":268110,"relics_obtained":[{"floor":8,"key":"Prayer Wheel"},{"floor":9,"key":"Bronze Scales"},{"floor":14,"key":"Omamori"}],"event_choices":[{"damage_healed":0,"gold_gain":0,"player_choice":"Take Damage","damage_taken":20,"relics_obtained":["Golden Idol"],"max_hp_gain":0,"max_hp_loss":0,"event_name":"Golden Idol","floor":3,"gold_loss":0},{"damage_healed":0,"gold_gain":0,"player_choice":"Grow","damage_taken":0,"max_hp_gain":0,"max_hp_loss":0,"event_name":"Living Wall","floor":4,"gold_loss":0,"cards_upgraded":["Searing Blow"]},{"damage_healed":0,"gold_gain":75,"player_choice":"Gather Gold","damage_taken":11,"max_hp_gain":0,"max_hp_loss":0,"event_name":"World of Goop","floor":11,"gold_loss":0},{"damage_healed":0,"gold_gain":0,"player_choice":"Donut","damage_taken":0,"max_hp_gain":5,"max_hp_loss":0,"event_name":"Big Fish","floor":12,"gold_loss":0}],"is_beta":false,"boss_relics":[{"not_picked":["Velvet Choker","Fusion Hammer"],"picked":"Black Star"}],"items_purged_floors":[],"is_endless":false,"potions_floor_spawned":[1,8],"ascension_level":0}}