{"host":"rz01j32460kf2mtw","time":1608375254,"event":{"mods":["BaseMod","Koishi","Marisa????????","Minty Spire (QoL Compilation)","Prisma Mod","Quick Restart","StSLib","The Cursed","The Disciple","The Jungle","The Runesmith","The Servant 0.9.4"],"gold_per_floor":[118,129,129,140,154,154,181,181,181,194,204,204,234,269,269,369,369,380,361,373,373,373,406,53,80,107,117,117,117,117],"floor_reached":29,"playtime":1369,"items_purged":["Shame"],"score":302,"play_id":"0f30b95c-e46e-46c4-98c3-e63f2ace0f60","local_time":"20201219035414","is_ascension_mode":false,"campfire_choices":[{"data":"Runesmith:OneForEveryone","floor":6,"key":"SMITH"},{"data":"Runesmith:ChaoticBlast","floor":8,"key":"SMITH"},{"data":"Runesmith:Firestorm","floor":12,"key":"SMITH"},{"data":"Runesmith:Grindstone","floor":15,"key":"SMITH"}],"circlet_count":0,"master_deck":["Runesmith:Strike_RS","Runesmith:Strike_RS","Runesmith:Strike_RS","Runesmith:Strike_RS","Runesmith:Defend_RS","Runesmith:Defend_RS","Runesmith:Defend_RS","Runesmith:Defend_RS","Runesmith:CraftFirestone","Runesmith:Fortify","Runesmith:Grindstone+1","Runesmith:HeatExchange","Runesmith:OneForEveryone+1","Runesmith:ChaoticBlast+1","Runesmith:ChaoticBlast","Runesmith:Firestorm+1","Runesmith:MetallurgicalResearch+1","Runesmith:LithiumIon+1","Runesmith:WhiteBalance","Runesmith:RunicBlueprint","Runesmith:Firestorm+1","Runesmith:BackupBattery","Runesmith:Attraction+1"],"relics":["Runesmith:BrokenRuby","NeowsBlessing","Toy Ornithopter","Question Card","Orichalcum","Du-Vu Doll","Busted Crown","Frozen Egg 2","Pantograph","Membership Card","Eternal Feather","Lantern"],"acts_visited":["Exordium","TheCity"],"potions_floor_usage":[7,14,16,23,23,23,25,25,28],"damage_taken":[{"damage":0,"enemies":"2 Louse","floor":1,"turns":1},{"damage":0,"enemies":"Cultist","floor":2,"turns":1},{"damage":0,"enemies":"Small Slimes","floor":4,"turns":1},{"damage":0,"enemies":"2 Fungi Beasts","floor":5,"turns":3},{"damage":10,"enemies":"3 Sentries","floor":7,"turns":5},{"damage":0,"enemies":"Gremlin Gang","floor":10,"turns":5},{"damage":1,"enemies":"Looter","floor":11,"turns":4},{"damage":0,"enemies":"Lagavulin","floor":14,"turns":6},{"damage":7,"enemies":"Slime Boss","floor":16,"turns":9},{"damage":4,"enemies":"3 Byrds","floor":18,"turns":4},{"damage":17,"enemies":"2 Thieves","floor":19,"turns":5},{"damage":8,"enemies":"Sentry and Sphere","floor":20,"turns":5},{"damage":46,"enemies":"Slavers","floor":23,"turns":6},{"damage":12,"enemies":"Gremlin Leader","floor":25,"turns":4},{"damage":5,"enemies":"Snecko","floor":27,"turns":5},{"damage":0,"enemies":"Cultist and Chosen","floor":28,"turns":1},{"damage":48,"enemies":"Slavers","floor":29,"turns":3}],"seed_played":"3909465422649400018","potions_obtained":[{"floor":2,"key":"ColorlessPotion"},{"floor":11,"key":"BlessingOfTheForge"},{"floor":14,"key":"PowerPotion"},{"floor":16,"key":"SpeedPotion"},{"floor":18,"key":"Dexterity Potion"},{"floor":19,"key":"SkillPotion"},{"floor":20,"key":"Fire Potion"},{"floor":27,"key":"SmokeBomb"}],"is_trial":false,"path_per_floor":["M","M","?","M","M","R","E","R","T","M","M","R","?","E","R","B",null,"M","M","M","?","?","E","$","E","T","M","M","E"],"character_chosen":"RUNESMITH_CLASS","items_purchased":["Membership Card","FairyPotion","Runesmith:Firestorm+1","Runesmith:BackupBattery","PowerPotion","Fire Potion"],"campfire_rested":0,"item_purchase_floors":[24,24,24,24,24,24],"current_hp_per_floor":[70,70,70,70,70,70,60,60,60,60,59,59,59,64,64,62,70,66,49,41,41,41,10,10,8,8,3,8,0,0],"gold":117,"neow_bonus":"THREE_ENEMY_KILL","is_daily":false,"chose_seed":false,"campfire_upgraded":4,"win_rate":0.0,"timestamp":1608375254,"path_taken":["M","M","?","?","M","R","E","R","T","M","M","R","?","E","R","BOSS","M","M","M","?","?","E","$","E","T","M","M","E"],"items_purchased_type":["Relic","Potion","Card","Card","Potion","Potion"],"build_version":"2020-12-13","purchased_purges":1,"victory":false,"max_hp_per_floor":[70,70,70,70,70,70,70,70,70,70,70,70,70,70,70,70,70,70,70,70,70,70,70,70,70,70,70,70,70,70],"card_choices":[{"not_picked":["Runesmith:Repurpose","Runesmith:Attraction"],"picked":"Runesmith:Grindstone","floor":1},{"not_picked":["Runesmith:Accelerate","Runesmith:StaticCage"],"picked":"Runesmith:HeatExchange","floor":2},{"not_picked":["Runesmith:Empowerment","Runesmith:Attraction","Runesmith:Accelerate"],"picked":"SKIP","floor":4},{"not_picked":["Runesmith:Superposition","Runesmith:CraftMagma"],"picked":"Runesmith:OneForEveryone","floor":5},{"not_picked":["Runesmith:Repurpose","Runesmith:ChiselStab"],"picked":"Runesmith:ChaoticBlast","floor":7},{"not_picked":["Runesmith:CraftReservo","Runesmith:CraftMagma","Runesmith:Supernova"],"picked":"Runesmith:ChaoticBlast","floor":10},{"not_picked":["Runesmith:ShiftingStrike","Runesmith:HeatedChisel","Runesmith:Repurpose"],"picked":"Runesmith:Firestorm","floor":11},{"not_picked":["Runesmith:Firewall","Runesmith:ChaoticBlast","Runesmith:RuneHurl","Runesmith:HammerTime"],"picked":"SKIP","floor":14},{"not_picked":["Runesmith:GenerateForcefield","Runesmith:LightningRod","Runesmith:CraftPrismatica"],"picked":"Runesmith:MetallurgicalResearch","floor":16},{"not_picked":["Runesmith:ChiselStab","Runesmith:StaticCage+1"],"picked":"SKIP","floor":18},{"not_picked":["Runesmith:ChaoticBlast"],"picked":"Runesmith:LithiumIon+1","floor":19},{"not_picked":["Runesmith:ChiselStab"],"picked":"Runesmith:WhiteBalance","floor":20},{"not_picked":["Runesmith:GoWithTheFlow+1"],"picked":"Runesmith:RunicBlueprint","floor":23},{"not_picked":["Runesmith:CraftProtectio","Runesmith:ChiselStab"],"picked":"SKIP","floor":25},{"not_picked":["Runesmith:MakeshiftArmor"],"picked":"Runesmith:Attraction+1","floor":27}],"player_experience":928521,"relics_obtained":[{"floor":3,"key":"Toy Ornithopter"},{"floor":7,"key":"Question Card"},{"floor":9,"key":"Orichalcum"},{"floor":14,"key":"Du-Vu Doll"},{"floor":23,"key":"Pantograph"},{"floor":25,"key":"Eternal Feather"},{"floor":26,"key":"Lantern"}],"event_choices":[{"damage_healed":0,"gold_gain":0,"player_choice":"Relic","damage_taken":0,"max_hp_gain":0,"max_hp_loss":0,"event_name":"Wheel of Change","floor":3,"gold_loss":0},{"damage_healed":0,"gold_gain":30,"player_choice":"Searched \u00271\u0027 times","damage_taken":0,"max_hp_gain":0,"max_hp_loss":0,"event_name":"Dead Adventurer","floor":13,"gold_loss":0},{"damage_healed":0,"gold_gain":0,"player_choice":"Stole Relic","damage_taken":0,"relics_obtained":["Frozen Egg 2"],"max_hp_gain":0,"max_hp_loss":0,"event_name":"Addict","floor":21,"gold_loss":0,"cards_obtained":["Shame"]},{"damage_healed":0,"gold_gain":0,"player_choice":"Upgraded","damage_taken":0,"max_hp_gain":0,"max_hp_loss":0,"event_name":"Upgrade Shrine","floor":22,"gold_loss":0,"cards_upgraded":["Runesmith:MetallurgicalResearch"]}],"is_beta":false,"boss_relics":[{"not_picked":["Runesmith:UraniumAnvil","Runic Pyramid"],"picked":"Busted Crown"}],"items_purged_floors":[24],"is_endless":false,"potions_floor_spawned":[2,11,14,16,18,19,20,27],"killed_by":"Slavers","ascension_level":0}}