{"host":"ow9msrs9p2ctkx99","time":1608406367,"event":{"mods":["AchievementEnabler","BaseMod","Colored Map","Colored Powertips","Minty Spire (QoL Compilation)","Permanent Neow","Quick Restart","SuperFastMode"],"gold_per_floor":[114,114,133,147,147,166,209,209,209,247,247,347,362,377,377,536,536,557,572,590,298,319,319,71,86,86,86,86,104,104,125,125,125,125],"floor_reached":33,"playtime":557,"items_purged":["Strike_R","Defend_R"],"score":261,"play_id":"c38d1a6e-f66c-4e61-94a0-f8a269af0a47","local_time":"20201219203247","is_ascension_mode":false,"campfire_choices":[{"floor":8,"key":"REST"},{"floor":15,"key":"REST"},{"floor":23,"key":"REST"},{"floor":32,"key":"REST"}],"circlet_count":0,"master_deck":["Strike_R","Strike_R","Defend_R","Defend_R","Bash+1","Whirlwind","Fiend Fire","Disarm","Rampage"],"relics":["Burning Blood","Golden Idol","Gremlin Horn","Self Forming Clay","Toy Ornithopter","Runic Pyramid","ClockworkSouvenir","Orichalcum","Potion Belt","Turnip"],"acts_visited":["Exordium","TheCity"],"potions_floor_usage":[7,10,16,29,33],"damage_taken":[{"damage":6,"enemies":"Jaw Worm","floor":1,"turns":3},{"damage":6,"enemies":"Cultist","floor":3,"turns":3},{"damage":5,"enemies":"2 Louse","floor":4,"turns":2},{"damage":13,"enemies":"2 Fungi Beasts","floor":6,"turns":3},{"damage":32,"enemies":"Gremlin Nob","floor":7,"turns":5},{"damage":23,"enemies":"Lagavulin","floor":10,"turns":6},{"damage":0,"enemies":"Gremlin Gang","floor":13,"turns":1},{"damage":14,"enemies":"Blue Slaver","floor":14,"turns":4},{"damage":42,"enemies":"Slime Boss","floor":16,"turns":11},{"damage":10,"enemies":"Chosen","floor":18,"turns":4},{"damage":32,"enemies":"Spheric Guardian","floor":19,"turns":6},{"damage":1,"enemies":"Snecko","floor":20,"turns":3},{"damage":36,"enemies":"3 Cultists","floor":22,"turns":4},{"damage":14,"enemies":"Snake Plant","floor":25,"turns":3},{"damage":24,"enemies":"Centurion and Healer","floor":29,"turns":6},{"damage":17,"enemies":"Shelled Parasite and Fungi","floor":31,"turns":4},{"damage":44,"enemies":"Champ","floor":33,"turns":5}],"seed_played":"6408193417475390705","potions_obtained":[{"floor":6,"key":"Weak Potion"},{"floor":7,"key":"Fire Potion"},{"floor":13,"key":"ColorlessPotion"},{"floor":20,"key":"Ancient Potion"},{"floor":22,"key":"Ancient Potion"}],"is_trial":false,"path_per_floor":["M","?","M","M","?","M","E","R","T","E","?","?","M","M","R","B",null,"M","M","M","$","M","R","$","M","T","?","$","M","T","M","R","B"],"character_chosen":"IRONCLAD","items_purchased":["ClockworkSouvenir","Regen Potion","Orichalcum"],"campfire_rested":4,"item_purchase_floors":[21,21,24],"current_hp_per_floor":[72,72,72,72,54,47,21,42,42,25,25,25,31,23,44,13,72,68,42,47,47,17,38,38,30,30,30,30,29,29,18,39,0,0],"gold":125,"neow_bonus":"REMOVE_TWO","is_daily":false,"chose_seed":false,"campfire_upgraded":0,"win_rate":0.0,"timestamp":1608406367,"path_taken":["M","?","M","?","?","M","E","R","T","E","?","?","M","M","R","BOSS","M","?","M","$","?","R","$","M","T","?","$","M","?","M","R","BOSS"],"items_purchased_type":["Relic","Potion","Relic"],"build_version":"2020-12-13","purchased_purges":2,"victory":false,"max_hp_per_floor":[72,72,72,72,72,72,72,72,72,72,72,72,72,72,72,72,72,72,72,72,72,72,72,72,72,72,72,72,72,72,72,72,72,72],"card_choices":[{"not_picked":["Shrug It Off","Wild Strike","Thunderclap"],"picked":"SKIP","floor":1},{"not_picked":["Flex","Cleave"],"picked":"Whirlwind","floor":3},{"not_picked":["Body Slam","Rage","Power Through"],"picked":"SKIP","floor":4},{"not_picked":["Flex","Sword Boomerang","Feel No Pain"],"picked":"SKIP","floor":6},{"not_picked":["Havoc","Anger","Rage"],"picked":"SKIP","floor":7},{"not_picked":["Shrug It Off","Battle Trance","Twin Strike"],"picked":"SKIP","floor":10},{"not_picked":["Rage","Iron Wave","Armaments"],"picked":"SKIP","floor":13},{"not_picked":["Infernal Blade","Headbutt","Perfected Strike"],"picked":"SKIP","floor":14},{"not_picked":["Brutality","Juggernaut"],"picked":"Fiend Fire","floor":16},{"not_picked":["Pommel Strike+1","Power Through"],"picked":"Disarm","floor":18},{"not_picked":["Searing Blow","Twin Strike","Thunderclap"],"picked":"SKIP","floor":19},{"not_picked":["Feel No Pain+1","Body Slam+1","Twin Strike"],"picked":"SKIP","floor":20},{"not_picked":["Wild Strike","Headbutt+1","Burning Pact"],"picked":"SKIP","floor":22},{"not_picked":["Entrench+1","Searing Blow"],"picked":"Rampage","floor":25},{"not_picked":["Intimidate","True Grit+1","Limit Break"],"picked":"SKIP","floor":29},{"not_picked":["Anger","Cleave","Intimidate"],"picked":"SKIP","floor":31}],"player_experience":1090373,"relics_obtained":[{"floor":7,"key":"Gremlin Horn"},{"floor":9,"key":"Self Forming Clay"},{"floor":10,"key":"Toy Ornithopter"},{"floor":30,"key":"Turnip"}],"event_choices":[{"damage_healed":0,"gold_gain":0,"player_choice":"Forge","damage_taken":0,"max_hp_gain":0,"max_hp_loss":0,"event_name":"Accursed Blacksmith","floor":2,"gold_loss":0,"cards_upgraded":["Bash"]},{"damage_healed":0,"gold_gain":0,"player_choice":"Take Damage","damage_taken":18,"relics_obtained":["Golden Idol"],"max_hp_gain":0,"max_hp_loss":0,"event_name":"Golden Idol","floor":5,"gold_loss":0},{"cards_removed":["Strike_R"],"damage_healed":0,"gold_gain":0,"player_choice":"Forget","damage_taken":0,"max_hp_gain":0,"max_hp_loss":0,"event_name":"Living Wall","floor":11,"gold_loss":0},{"damage_healed":0,"gold_gain":100,"player_choice":"Pray","damage_taken":0,"max_hp_gain":0,"max_hp_loss":0,"event_name":"Golden Shrine","floor":12,"gold_loss":0},{"damage_healed":0,"gold_gain":0,"player_choice":"Opened","damage_taken":0,"relics_obtained":["Potion Belt"],"max_hp_gain":0,"max_hp_loss":0,"event_name":"The Mausoleum","floor":27,"gold_loss":0}],"is_beta":false,"boss_relics":[{"not_picked":["Velvet Choker","Ectoplasm"],"picked":"Runic Pyramid"}],"items_purged_floors":[21,24],"is_endless":false,"potions_floor_spawned":[6,7,13,20,22],"killed_by":"Champ","ascension_level":0}}