{"host":"kncugt8qnf1emsb0","time":1608381814,"event":{"mods":["AchievementEnabler","Act Like it!","BaseMod","Dota2Spire","Friendly Minions","KomeijiMod","Minty Spire (QoL Compilation)","MostiFishMod","Quick Restart","RumiaBox-露米娅的神秘盒子","Shop Mod","Spicy Shops","StSLib","TestMod","【遗物卡牌】REMEMod"],"gold_per_floor":[118,134,14,27,27,27,40,56,56,56,56,89,108,108,108,210,210,229,20,33,33,46,63,92,108,132,132,150,150,150,162,162,260,260,280,280,298,203,203,203,214,214,214,234,264,277,277,293,293,293],"floor_reached":51,"playtime":2431,"items_purged":[],"score":903,"play_id":"1de80e44-a2fb-4ee0-b2bf-6ec4b518b729","local_time":"20201219204334","is_ascension_mode":false,"campfire_choices":[{"data":"MostiFishMod:NeverNightCountry","floor":6,"key":"SMITH"},{"data":"MostiFishMod:#F4004","floor":10,"key":"SMITH"},{"data":"Perfected Strike","floor":15,"key":"SMITH"},{"data":"Tantrum","floor":29,"key":"SMITH"},{"data":"Flex","floor":32,"key":"SMITH"},{"data":"MostiFishMod:WinterMarkForm","floor":40,"key":"SMITH"},{"data":"testmod-Recap","floor":42,"key":"SMITH"},{"data":"REME_Shoggoth","floor":47,"key":"SMITH"},{"data":"REME_Cut","floor":49,"key":"SMITH"}],"circlet_count":0,"master_deck":["MostiFishMod:#F4004+1","REME_Flogging","Tantrum+1","Flex+1","Thunderclap+1","REME_Shoggoth+1","testmod-Recap+1","MostiFishMod:WinterMarkForm+1","Clash+1","REME_Cut+1"],"relics":["Burning Blood","DaveBox","testmod-TestBox","REME_ComplimentaryCards","testmod-Justice","ArrowTower","Question Card","PrismaticShard","testmod-EqualTreatment","Calipers","ThirstyCross","ImportantClient","MerchantsRug","SSSystem","MagicDraw4","Lantern","FrostBlade","Molten Egg 2","Regal Pillow","Bottled Lightning"],"acts_visited":["Exordium","TheCity","TheBeyond"],"potions_floor_usage":[33],"damage_taken":[{"damage":0.0,"enemies":"2 Louse","floor":1.0,"turns":2.0},{"damage":0.0,"enemies":"Cultist","floor":2.0,"turns":3.0},{"damage":1,"enemies":"Jaw Worm","floor":4,"turns":3},{"damage":18,"enemies":"Large Slime","floor":7,"turns":4},{"damage":10,"enemies":"Red Slaver","floor":8,"turns":3},{"damage":14,"enemies":"Gremlin Nob","floor":12,"turns":3},{"damage":11,"enemies":"Exordium Wildlife","floor":13,"turns":3},{"damage":22,"enemies":"The Guardian","floor":16,"turns":5},{"damage":10,"enemies":"3 Byrds","floor":18,"turns":2},{"damage":23,"enemies":"Spheric Guardian","floor":20,"turns":4},{"damage":20,"enemies":"Centurion and Healer","floor":22,"turns":2},{"damage":0,"enemies":"3 Cultists","floor":23,"turns":2},{"damage":36,"enemies":"Gremlin Leader","floor":24,"turns":2},{"damage":0,"enemies":"Snake Plant","floor":25,"turns":2},{"damage":0,"enemies":"Snecko","floor":28,"turns":3},{"damage":0,"enemies":"3 Cultists","floor":31,"turns":1},{"damage":23,"enemies":"Champ","floor":33,"turns":3},{"damage":0,"enemies":"3 Darklings","floor":35,"turns":2},{"damage":0,"enemies":"Orb Walker","floor":37,"turns":1},{"damage":0,"enemies":"Maw","floor":41,"turns":1},{"damage":0,"enemies":"Jaw Worm Horde","floor":44,"turns":1},{"damage":0,"enemies":"Nemesis","floor":45,"turns":1},{"damage":0,"enemies":"Spire Growth","floor":46,"turns":1},{"damage":9,"enemies":"Sphere and 2 Shapes","floor":48,"turns":1},{"damage":12,"enemies":"Awakened One","floor":50,"turns":4}],"seed_played":"-6477049460157646419","potions_obtained":[{"floor":2.0,"key":"PowerPotion"},{"floor":7,"key":"PowerPotion"},{"floor":13,"key":"Dota2Spire:Clarity"},{"floor":16,"key":"Swift Potion"},{"floor":20,"key":"Strength Potion"},{"floor":23,"key":"SneckoOil"},{"floor":25,"key":"AttackPotion"},{"floor":33,"key":"Block Potion"},{"floor":35,"key":"CalmPotion"},{"floor":41,"key":"Fire Potion"},{"floor":44,"key":"Explosive Potion"},{"floor":48,"key":"testmod-TestPotion"}],"is_trial":false,"path_per_floor":["M","M","$","M","?","R","M","M","T","R","$","E","M","?","R","B",null,"M","$","M","?","M","M","E","M","T","?","M","R","?","M","R","B",null,"M","?","M","$","?","R","M","R","T","M","E","M","R","M","R","B",null],"character_chosen":"IRONCLAD","items_purchased":["MostiFishMod:NeverNightCountry","Perfected Strike","MerchantsRug","SSSystem","Molten Egg 2","REME_Cut"],"campfire_rested":0,"item_purchase_floors":[3,3,19,19,38,38],"current_hp_per_floor":[80,80,80,80,80,80,68,64,64,64,64,56,51,51,51,134,179,175,175,158,158,144,150,120,126,126,126,132,132,132,138,138,121,179,179,179,179,179,179,179,179,179,179,179,179,179,179,176,176,170],"gold":293,"neow_bonus":"","is_daily":false,"chose_seed":false,"campfire_upgraded":9,"win_rate":0.0,"timestamp":1608381814,"path_taken":["M","M","$","M","?","R","M","M","T","R","?","E","M","?","R","BOSS","M","$","M","?","M","M","E","M","T","?","?","R","?","M","R","BOSS","M","?","?","$","?","R","?","R","T","M","E","M","R","M","R","BOSS"],"items_purchased_type":["Card","Card","Relic","Relic","Relic","Card"],"build_version":"2020-12-13","purchased_purges":0,"victory":true,"max_hp_per_floor":[80,80,80,80,80,80,80,80,80,80,80,80,80,80,80,179,179,179,179,179,179,179,179,179,179,179,179,179,179,179,179,179,179,179,179,179,179,179,179,179,179,179,179,179,179,179,179,179,179,179],"card_choices":[{"not_picked":["Clash","Armaments"],"picked":"Cleave","floor":1.0},{"not_picked":["Coolheaded","Reinforced Body","FlyingSleeves","RikonNoKama+1"],"picked":"SKIP","floor":2.0},{"not_picked":["Thunderclap","FlyingSleeves","Outmaneuver"],"picked":"AutumnBlades+","floor":4},{"not_picked":["Shockwave","AutumnBlades+","Masterful Stab","Go for the Eyes"],"picked":"SKIP","floor":7},{"not_picked":["Hologram","BloodySuit","MostiFishMod:Clarity","Dagger Throw"],"picked":"SKIP","floor":8},{"not_picked":["White Noise","MostiFishMod:ElfcollectionBox","MusuNoYume","Halt"],"picked":"SKIP","floor":12},{"not_picked":["EnMu+1","BloodCleaner","Sabishigari+1","Flying Knee"],"picked":"SKIP","floor":13},{"not_picked":["MostiFishMod:NeverNightCountry","JigokuNoTaiyou","Unload"],"picked":"REME_Flogging","floor":16},{"not_picked":["Headbutt","GasuOrimono","Warpath"],"picked":"Tantrum","floor":18},{"not_picked":["Storm","MostiFishMod:PreservedThorns","BowlingBash","Dropkick"],"picked":"SKIP","floor":20},{"not_picked":["Body Slam","HagoromoMizu","testmod-LifeRuler"],"picked":"Flex","floor":22},{"not_picked":["BodyStrengthen","BloodCollect","REME_Repentance+1"],"picked":"Thunderclap+1","floor":23},{"not_picked":["Deflect","FlyingSleeves+1","Rupture+1","WipeMoisture+"],"picked":"SKIP","floor":24},{"not_picked":["PiercingWail+1","StickyBubble+","Dark Embrace","Leap"],"picked":"SKIP","floor":25},{"not_picked":["DemonLordWalk+1","FierceSweep","MostiFishMod:PreservedThorns"],"picked":"REME_Shoggoth","floor":28},{"not_picked":["Melting","Barrage","CutThroughFate"],"picked":"CruelSlaughter+1","floor":31},{"not_picked":["Secret Weapon","REME_PuzzleBox","Judgement"],"picked":"testmod-Recap","floor":33},{"not_picked":["Cold Snap","testmod-Mystery+1","testmod-Provocation+1"],"picked":"Clash+1","floor":35},{"not_picked":["REME_ShadowStrike+1","MostiFishMod:ReprogramOld+1","Gash+1","HagoromoMizu"],"picked":"SKIP","floor":37},{"not_picked":["Dagger Spray+1","Body Slam+1","Chill","MostiFishMod:LegendTransform"],"picked":"SKIP","floor":41},{"not_picked":["Deflect","KokorosuKi+1","FierceSweep+1","GradualImprovement+1"],"picked":"SKIP","floor":44},{"not_picked":["BloodySuit","PreThought","Clothesline+1","Headbutt+1"],"picked":"SKIP","floor":45},{"not_picked":["Rip and Tear+1","REME_WorshipGod","Panacea","Quick Slash+1"],"picked":"SKIP","floor":46},{"not_picked":["Reckless Charge+1","Barrage+1","Thunderclap+1","Terror+1"],"picked":"SKIP","floor":48}],"player_experience":0,"relics_obtained":[{"floor":1.0,"key":"Question Card"},{"floor":1.0,"key":"PrismaticShard"},{"floor":9,"key":"testmod-EqualTreatment"},{"floor":12,"key":"Calipers"},{"floor":16,"key":"ImportantClient"},{"floor":24,"key":"testmod-BalancedPeriapt"},{"floor":26,"key":"Lantern"},{"floor":43,"key":"Regal Pillow"},{"floor":45,"key":"Bottled Lightning"}],"event_choices":[{"cards_removed":["Bash"],"damage_healed":0,"gold_gain":0,"player_choice":"Offered Basic","damage_taken":0,"max_hp_gain":0,"max_hp_loss":0,"event_name":"Bonfire Elementals","floor":5,"gold_loss":0},{"damage_healed":0,"gold_gain":0,"player_choice":"Opened","damage_taken":0,"relics_obtained":["MagicDraw4"],"max_hp_gain":0,"max_hp_loss":0,"event_name":"The Mausoleum","floor":21,"gold_loss":0},{"damage_healed":0,"gold_gain":0,"cards_transformed":["Strike_R"],"player_choice":"Transformed","damage_taken":0,"max_hp_gain":0,"max_hp_loss":0,"event_name":"Transmorgrifier","floor":27,"gold_loss":0,"cards_obtained":["Rage"]},{"damage_healed":0,"gold_gain":0,"player_choice":"Ignored","damage_taken":0,"max_hp_gain":0,"max_hp_loss":0,"event_name":"Cursed Tome","floor":30,"gold_loss":0},{"damage_healed":0,"gold_gain":0,"cards_transformed":["Strike_R"],"player_choice":"Transformed","damage_taken":0,"max_hp_gain":0,"max_hp_loss":0,"event_name":"Transmorgrifier","floor":36,"gold_loss":0,"cards_obtained":["Shrug It Off"]},{"cards_removed":["MostiFishMod:FrostNova"],"damage_healed":0,"gold_gain":0,"player_choice":"Purged","damage_taken":0,"max_hp_gain":0,"max_hp_loss":0,"event_name":"Purifier","floor":39,"gold_loss":0}],"is_beta":false,"boss_relics":[{"not_picked":["Calling Bell","REME_DemonsWealth"],"picked":"testmod-KeyOfTheVoid"},{"not_picked":["Sozu","EE1DDrone"],"picked":"FrostBlade"}],"items_purged_floors":[],"is_endless":false,"potions_floor_spawned":[2,7,13,16,20,23,25,33,35,41,44,48],"ascension_level":0}}