{"host":"1lcvmslm5dvu1wk7","time":1608374641,"event":{"mods":["Act Like it!","Ascension Reborn","BaseMod","Colored Powertips","Minty Spire (QoL Compilation)","RumiaBox-露米娅的神秘盒子","Shop Mod","StSLib"],"gold_per_floor":[119,136,8,22,22,61,61,103,103,103,137,177,26,59,59,189,189,210,8,44,143,58,101,134,169,169,203,203,238,253,287,287,415,415,435,498,75,297,47,82,115,156,156,211,267,279,279],"floor_reached":46,"playtime":2768,"items_purged":["Sucker Punch","Dagger Spray","PiercingWail","Dagger Throw","Acrobatics"],"score":1387,"play_id":"4fe0f280-385e-469a-a5fc-eef81861f3d3","local_time":"20201219184401","daily_mods":["Draft","Vintage","Heirloom","Time Dilation","Flight","DeadlyEvents","Elite Swarm","Lethality"],"is_ascension_mode":true,"campfire_choices":[{"data":"Slice","floor":7.0,"key":"SMITH"},{"data":"Adrenaline","floor":10.0,"key":"SMITH"},{"data":"Slice","floor":15.0,"key":"SMITH"},{"data":"Skewer","floor":28,"key":"PURGE"},{"data":"Acrobatics","floor":32,"key":"PURGE"}],"circlet_count":0,"master_deck":["Slice+1","Prepared","Prepared","Slice+1","Prepared","Underhanded Strike","Infinite Blades","Slice","Slice","Adrenaline+1","Prepared","Concentrate","Adrenaline","Adrenaline","Slice","Calculated Gamble","Purity","Backstab","Adrenaline","Adrenaline"],"relics":["Unceasing Top","Gambling Chip","GodSword6","GodSword4","Bag of Marbles","Golden Idol","Ginger","Tingsha","Singing Bowl","Dream Catcher","MagicDraw1","Ice Cream","WristBlade","Gremlin Horn","Red Mask","StoneCalendar","Bottled Tornado","Prayer Wheel","Oddly Smooth Stone","Blue Candle","Peace Pipe","Lizard Tail","Matryoshka","PreservedInsect","AddBug","Peace Pipe","White Beast Statue","Bird Faced Urn","MerchantsRug","ZombieArmy","Calipers","Baka2","Ginger","Letter Opener","MawBank","Darkstone Periapt","GodSword3","MagicDraw2"],"acts_visited":["Exordium","TheCity","TheBeyond"],"potions_floor_usage":[],"damage_taken":[{"damage":0.0,"enemies":"Cultist","floor":1.0,"turns":1.0},{"damage":3.0,"enemies":"Small Slimes","floor":2.0,"turns":3.0},{"damage":0.0,"enemies":"Jaw Worm","floor":4.0,"turns":1.0},{"damage":0.0,"enemies":"3 Sentries","floor":6.0,"turns":1.0},{"damage":0.0,"enemies":"Lagavulin","floor":8.0,"turns":1.0},{"damage":0.0,"enemies":"3 Sentries","floor":11.0,"turns":2.0},{"damage":0.0,"enemies":"Gremlin Nob","floor":12.0,"turns":1.0},{"damage":18.0,"enemies":"3 Sentries","floor":14.0,"turns":3.0},{"damage":0.0,"enemies":"Hexaghost","floor":16.0,"turns":1.0},{"damage":0.0,"enemies":"3 Byrds","floor":18.0,"turns":1.0},{"damage":0.0,"enemies":"Masked Bandits","floor":20.0,"turns":1.0},{"damage":0.0,"enemies":"Slavers","floor":23.0,"turns":1.0},{"damage":0.0,"enemies":"Gremlin Leader","floor":24.0,"turns":1.0},{"damage":0.0,"enemies":"Slavers","floor":25.0,"turns":1.0},{"damage":0.0,"enemies":"Book of Stabbing","floor":27.0,"turns":1.0},{"damage":0,"enemies":"Slavers","floor":29,"turns":1},{"damage":0,"enemies":"Spheric Guardian","floor":30,"turns":1},{"damage":0,"enemies":"Gremlin Leader","floor":31,"turns":1},{"damage":0,"enemies":"Automaton","floor":33,"turns":1},{"damage":6,"enemies":"3 Shapes","floor":35,"turns":1},{"damage":0,"enemies":"Mind Bloom Boss Battle","floor":36,"turns":1},{"damage":0,"enemies":"Nemesis","floor":40,"turns":1},{"damage":0,"enemies":"Giant Head","floor":41,"turns":1},{"damage":0,"enemies":"Nemesis","floor":42,"turns":1},{"damage":0,"enemies":"Giant Head","floor":44,"turns":1},{"damage":0,"enemies":"Reptomancer","floor":45,"turns":1},{"damage":0,"enemies":"Nemesis","floor":46,"turns":1}],"seed_played":"2106361646180124514","potions_obtained":[{"floor":2.0,"key":"DuplicationPotion"},{"floor":11.0,"key":"LiquidBronze"},{"floor":12.0,"key":"Block Potion"},{"floor":14.0,"key":"PowerPotion"},{"floor":40,"key":"Ancient Potion"},{"floor":41,"key":"Energy Potion"}],"is_trial":true,"path_per_floor":["M","M","$","M","?","E","R","E","T","R","E","E","$","E","R","B",null,"M","$","?","?","?","E","E","E","T","E","R","E","M","E","R","B",null,"M","?","$","?","$","E","E","E","T","E","E","E"],"character_chosen":"THE_SILENT","items_purchased":["Slice","Prepared","Concentrate","MerchantsRug","Calculated Gamble","Purity","Backstab"],"campfire_rested":0,"item_purchase_floors":[3,13,19,37,37,37,39],"current_hp_per_floor":[70,67,67,67,50,50,50,50,50,50,52,54,54,38,38,40,78,78,78,80,80,80,82,84,86,86,86,86,88,88,88,88,90,90,84,84,84,84,84,84,88,92,92,94,94,94,94],"gold":279,"neow_bonus":"","is_daily":false,"chose_seed":false,"campfire_upgraded":3,"win_rate":0.0,"timestamp":1608374641,"path_taken":["M","M","$","?","?","E","R","E","T","R","E","E","$","E","R","BOSS","M","$","?","?","?","E","E","E","T","E","R","E","?","E","R","BOSS","M","?","$","?","?","E","E","E","T","E","E","E"],"items_purchased_type":["Card","Card","Card","Relic","Card","Card","Card"],"build_version":"2020-12-13","purchased_purges":5,"victory":false,"max_hp_per_floor":[70,70,70,70,70,70,70,70,70,70,72,74,74,76,76,78,78,78,78,80,80,80,82,84,86,86,86,86,88,88,88,88,90,90,90,90,90,90,90,90,92,94,94,96,96,96,96],"card_choices":[{"not_picked":["Outmaneuver","Expertise"],"picked":"Sucker Punch","floor":0.0},{"not_picked":["Expertise","Deadly Poison"],"picked":"Acrobatics","floor":0.0},{"not_picked":["Backflip","Flying Knee"],"picked":"Slice","floor":0.0},{"not_picked":["Finisher","Quick Slash"],"picked":"Prepared","floor":0.0},{"not_picked":["Flying Knee","PiercingWail"],"picked":"Prepared","floor":0.0},{"not_picked":["Sucker Punch","Blur"],"picked":"Dagger Spray","floor":0.0},{"not_picked":["Cloak And Dagger","Noxious Fumes"],"picked":"Slice","floor":0.0},{"not_picked":["Bouncing Flask","Outmaneuver"],"picked":"PiercingWail","floor":0.0},{"not_picked":["Backflip","Leg Sweep"],"picked":"Dagger Throw","floor":0.0},{"not_picked":["Flying Knee","Footwork"],"picked":"Prepared","floor":0.0},{"not_picked":["Tactician","Leg Sweep"],"picked":"Underhanded Strike","floor":0.0},{"not_picked":["Bane","Dodge and Roll"],"picked":"Skewer","floor":0.0},{"not_picked":["Bane","Flying Knee"],"picked":"Infinite Blades","floor":0.0},{"not_picked":["Infinite Blades","Reflex"],"picked":"Slice","floor":0.0},{"not_picked":["Sucker Punch","Quick Slash"],"picked":"Acrobatics","floor":0.0},{"not_picked":["Grand Finale","Phantasmal Killer","Corpse Explosion"],"picked":"SKIP","floor":6.0},{"not_picked":["Die Die Die","Glass Knife"],"picked":"Adrenaline","floor":8.0},{"not_picked":["Phantasmal Killer","Burst","After Image"],"picked":"Singing Bowl","floor":11.0},{"not_picked":["Bullet Time","A Thousand Cuts","Unload"],"picked":"Singing Bowl","floor":12.0},{"not_picked":["Die Die Die","Bullet Time","Grand Finale"],"picked":"Singing Bowl","floor":14.0},{"not_picked":["Burst","Doppelganger","Venomology"],"picked":"Singing Bowl","floor":16.0},{"not_picked":["Sucker Punch","Dagger Throw","Acrobatics"],"picked":"Singing Bowl","floor":20.0},{"not_picked":["Storm of Steel","Die Die Die","Corpse Explosion"],"picked":"Singing Bowl","floor":23.0},{"not_picked":["Wraith Form v2","Bullet Time","Envenom"],"picked":"Singing Bowl","floor":24.0},{"not_picked":["Unload","Doppelganger","Night Terror"],"picked":"Singing Bowl","floor":25.0},{"not_picked":["Tools of the Trade","Unload"],"picked":"Adrenaline","floor":27.0},{"not_picked":["Doppelganger","Glass Knife","Storm of Steel"],"picked":"Singing Bowl","floor":29},{"not_picked":["Wraith Form v2","A Thousand Cuts"],"picked":"Adrenaline","floor":31},{"not_picked":["Malaise","Bullet Time","A Thousand Cuts"],"picked":"Singing Bowl","floor":33},{"not_picked":["Dagger Throw+1","Backflip"],"picked":"Slice","floor":36},{"not_picked":["Malaise","Grand Finale"],"picked":"Adrenaline","floor":40},{"not_picked":["A Thousand Cuts","Venomology","After Image"],"picked":"Singing Bowl","floor":41},{"not_picked":["Grand Finale","Bullet Time","After Image"],"picked":"Singing Bowl","floor":42},{"not_picked":["Grand Finale","Envenom","Night Terror"],"picked":"Singing Bowl","floor":44},{"not_picked":["Die Die Die","Wraith Form v2"],"picked":"Adrenaline","floor":45}],"player_experience":126492,"relics_obtained":[{"floor":1.0,"key":"GodSword6"},{"floor":1.0,"key":"Baka"},{"floor":2.0,"key":"GodSword4"},{"floor":4.0,"key":"Bag of Marbles"},{"floor":6.0,"key":"Ginger"},{"floor":8.0,"key":"Tingsha"},{"floor":9.0,"key":"Singing Bowl"},{"floor":11.0,"key":"Dream Catcher"},{"floor":12.0,"key":"MagicDraw1"},{"floor":14.0,"key":"Ice Cream"},{"floor":18.0,"key":"Gremlin Horn"},{"floor":20.0,"key":"Red Mask"},{"floor":23.0,"key":"Bottled Tornado"},{"floor":24.0,"key":"Prayer Wheel"},{"floor":25.0,"key":"Oddly Smooth Stone"},{"floor":26.0,"key":"Blue Candle"},{"floor":27.0,"key":"Peace Pipe"},{"floor":29,"key":"Lizard Tail"},{"floor":30,"key":"Matryoshka"},{"floor":31,"key":"PreservedInsect"},{"floor":35,"key":"Peace Pipe"},{"floor":35,"key":"White Beast Statue"},{"floor":36,"key":"Bird Faced Urn"},{"floor":40,"key":"ZombieArmy"},{"floor":41,"key":"Calipers"},{"floor":42,"key":"Baka2"},{"floor":42,"key":"Ginger"},{"floor":42,"key":"Letter Opener"},{"floor":43,"key":"MawBank"},{"floor":43,"key":"Darkstone Periapt"},{"floor":44,"key":"GodSword3"},{"floor":45,"key":"MagicDraw2"}],"event_choices":[{"damage_healed":0.0,"max_hp_gain":0.0,"max_hp_loss":0.0,"gold_gain":0.0,"event_name":"Golden Idol","player_choice":"Take Damage","floor":5.0,"gold_loss":0.0,"damage_taken":17.0,"relics_obtained":["Golden Idol"]},{"damage_healed":0.0,"max_hp_gain":0.0,"max_hp_loss":0.0,"gold_gain":0.0,"event_name":"Masked Bandits","player_choice":"Fought Bandits","floor":20.0,"gold_loss":0.0,"damage_taken":0.0},{"damage_healed":0.0,"max_hp_gain":0.0,"max_hp_loss":0.0,"gold_gain":99.0,"event_name":"Nest","player_choice":"Stole From Cult","floor":21.0,"gold_loss":0.0,"damage_taken":0.0},{"damage_healed":0.0,"max_hp_gain":0.0,"max_hp_loss":0.0,"gold_gain":0.0,"event_name":"Addict","player_choice":"Obtained Relic","floor":22.0,"gold_loss":85.0,"damage_taken":0.0,"relics_obtained":["StoneCalendar"]},{"damage_healed":0,"gold_gain":0,"player_choice":"Fight","damage_taken":0,"max_hp_gain":0,"max_hp_loss":0,"event_name":"MindBloom","floor":36,"gold_loss":0},{"damage_healed":0,"gold_gain":222,"player_choice":"Wore Mask","damage_taken":0,"max_hp_gain":0,"max_hp_loss":0,"event_name":"Tomb of Lord Red Mask","floor":38,"gold_loss":0}],"is_beta":false,"boss_relics":[{"not_picked":["Cursed Key","Coffee Dripper"],"picked":"WristBlade"},{"not_picked":["Busted Crown","HoveringKite"],"picked":"AddBug"}],"items_purged_floors":[3,13,19,37,39],"is_endless":true,"potions_floor_spawned":[2,11,12,14,16,24,30,31,36,40,41,44,45],"killed_by":"Nemesis","ascension_level":0}}