{"host":"a5e2zwd8c2ad7the","time":1608385276,"event":{"mods":["Act Like it!","BaseMod","Colored Map","Hallownest","Minty Spire (QoL Compilation)","Quick Restart","Replay The Spire","StSLib","The Bug Knight","The Jungle"],"gold_per_floor":[110,185,203,91,103,136,136,166,212,291,291,301,318,334,334,334,334],"floor_reached":16,"playtime":455,"items_purged":[],"score":137,"play_id":"d4533a0d-5ade-4653-92ee-d6ec4f57e707","local_time":"20201219214116","is_ascension_mode":false,"campfire_choices":[{"data":"Infinite Blades","floor":7,"key":"SMITH"},{"floor":15,"key":"REST"}],"circlet_count":0,"master_deck":["Strike_G","Strike_G","Strike_G+1","Strike_G","Strike_G","Defend_G","Defend_G","Defend_G","Defend_G","Survivor","Neutralize","Infinite Blades+1","Flying Knee","Phantasmal Killer+1","Die Die Die","Atom Bomb","Caltrops","Noxious Fumes","Flying Knee","Prepared"],"relics":["Ring of the Snake","Bag of Preparation","HollowMod:StagPassRelic","Gremlin Food","Tiny Chest"],"acts_visited":["Exordium"],"potions_floor_usage":[6,6,16],"damage_taken":[{"damage":0,"enemies":"2 Louse","floor":1,"turns":3},{"damage":1,"enemies":"Cultist","floor":3,"turns":4},{"damage":0,"enemies":"Small Slimes","floor":5,"turns":2},{"damage":12,"enemies":"Gremlin Nob","floor":6,"turns":3},{"damage":8,"enemies":"Lagavulin","floor":8,"turns":5},{"damage":0,"enemies":"2 Fungi Beasts","floor":12,"turns":3},{"damage":13,"enemies":"Red Slaver","floor":13,"turns":3},{"damage":20,"enemies":"Lots of Slimes","floor":14,"turns":3},{"damage":31,"enemies":"Slime Boss","floor":16,"turns":3}],"seed_played":"4035193653670132928","potions_obtained":[{"floor":1,"key":"AttackPotion"},{"floor":3,"key":"Swift Potion"},{"floor":8,"key":"EssenceOfSteel"},{"floor":12,"key":"Regen Potion"}],"is_trial":false,"path_per_floor":["M","?","M","$","M","E","R","E","T","?","?","M","M","M","R_BF","B"],"character_chosen":"THE_SILENT","items_purchased":["Phantasmal Killer+1"],"campfire_rested":1,"item_purchase_floors":[4],"current_hp_per_floor":[70,59,58,58,58,46,46,38,38,38,38,38,25,5,26,0,0],"gold":334,"neow_bonus":"RANDOM_COMMON_RELIC","is_daily":false,"chose_seed":false,"campfire_upgraded":1,"win_rate":0.0,"timestamp":1608385276,"path_taken":["M","?","M","$","M","E","R","E","T","?","?","?","M","M","R_BF","BOSS"],"items_purchased_type":["Card"],"build_version":"2020-12-13","purchased_purges":0,"victory":false,"max_hp_per_floor":[70,70,70,70,70,70,70,70,70,70,70,70,70,70,70,70,70],"card_choices":[{"not_picked":["Flechettes","Footwork"],"picked":"Infinite Blades","floor":1},{"not_picked":["Backflip","Dodge and Roll"],"picked":"Flying Knee","floor":3},{"not_picked":["Flechettes","Quick Slash"],"picked":"Die Die Die","floor":5},{"not_picked":["Skewer","Catalyst"],"picked":"Atom Bomb","floor":6},{"not_picked":["PiercingWail","Acrobatics"],"picked":"Caltrops","floor":8},{"not_picked":["Eviscerate","Cloak And Dagger"],"picked":"Noxious Fumes","floor":12},{"not_picked":["Deadly Poison","Concentrate"],"picked":"Flying Knee","floor":13},{"not_picked":["ReplayTheSpireMod:Exploit Weakness","Acrobatics"],"picked":"Prepared","floor":14}],"player_experience":23019,"relics_obtained":[{"floor":6,"key":"HollowMod:StagPassRelic"},{"floor":8,"key":"Gremlin Food"},{"floor":9,"key":"Tiny Chest"}],"event_choices":[{"damage_healed":0,"gold_gain":75,"player_choice":"Gather Gold","damage_taken":11,"max_hp_gain":0,"max_hp_loss":0,"event_name":"World of Goop","floor":2,"gold_loss":0},{"damage_healed":0,"gold_gain":79,"player_choice":"Gained Gold","damage_taken":0,"max_hp_gain":0,"max_hp_loss":0,"event_name":"Golden Wing","floor":10,"gold_loss":0},{"cards_removed":["Defend_G"],"damage_healed":0,"gold_gain":0,"player_choice":"Card Removal","damage_taken":0,"max_hp_gain":0,"max_hp_loss":0,"event_name":"Wheel of Change","floor":11,"gold_loss":0}],"is_beta":false,"boss_relics":[],"items_purged_floors":[],"is_endless":false,"potions_floor_spawned":[1,3,8,12],"killed_by":"Slime Boss","ascension_level":0}}