{"host":"6qohxdms6n72zb21","time":1608362902,"event":{"mods":["2.2 Compatiblity","Act Like it!","Ascension Reborn","BaseMod","Better Synergies","Downfall","Energized Spire","Hubris","Minty Spire (QoL Compilation)","Quick Restart","Replay The Spire","Spicy Shops","StSLib"],"gold_per_floor":[209,25,38,38,38,63,63,77,77,106,106,126,4,16,16,118,118,132,132,142,142,142,142,169,169,193,213,213,242,242,253,253,253,253],"floor_reached":33,"playtime":1662,"items_purged":[],"score":343,"play_id":"b01d472a-eeee-4054-ace5-a1662a727a11","local_time":"20201219022822","is_ascension_mode":true,"campfire_choices":[{"data":"ReplayTheSpireMod:Scrap Shanks","floor":7,"key":"SMITH"},{"data":"Envenom","floor":15,"key":"SMITH"},{"data":"Blade Dance","floor":23,"key":"SMITH"},{"data":"Accuracy","floor":25,"key":"SMITH"},{"data":"Burst","floor":28,"key":"SMITH"},{"data":"Spot Weakness","floor":32,"key":"SMITH"}],"circlet_count":0,"master_deck":["Strike_G","Strike_G","Strike_G","Strike_G","Strike_G","Defend_G","Defend_G","Defend_G","Defend_G","Defend_G","Survivor","Neutralize","Backstab","ReplayTheSpireMod:Tripwire","Accuracy+1","Outmaneuver","Envenom+1","Dagger Spray","Blade Dance+1","Spot Weakness+1","Burst+1","CurseOfTheBell","Replay:Sssssssssstrike","Guardian:Gem_Cyan","Leg Sweep","champ:FaceSlap","sneckomod:UnknownClassRED+1"],"relics":["Ring of the Snake","HandDrill","hubris:Icosahedron","Bag of Preparation","Durian","hubris:Metronome","Bird Faced Urn","PrismaticShard","Calling Bell","Blood Vial","hubris:PeanutButter","Tingsha","ReplayTheSpireMod:Ring of Exchange","Tiny Chest","Potion Belt","Du-Vu Doll","hubris:DeckOfHolding"],"acts_visited":["TheCity"],"potions_floor_usage":[27,27,33,33],"damage_taken":[{"damage":0,"enemies":"2 Louse","floor":1,"turns":3},{"damage":0,"enemies":"Small Slimes","floor":3,"turns":3},{"damage":20,"enemies":"Lagavulin","floor":6,"turns":8},{"damage":0,"enemies":"Cultist","floor":8,"turns":3},{"damage":7,"enemies":"3 Sentries","floor":10,"turns":9},{"damage":0,"enemies":"2 Fungi Beasts","floor":12,"turns":2},{"damage":0,"enemies":"Gremlin Gang","floor":14,"turns":1},{"damage":0,"enemies":"Slime Boss","floor":16,"turns":7},{"damage":0,"enemies":"3 Byrds","floor":18,"turns":2},{"damage":0,"enemies":"Spheric Guardian","floor":20,"turns":2},{"damage":11,"enemies":"Replay:Snechameleon","floor":24,"turns":4},{"damage":2,"enemies":"Snake Plant","floor":27,"turns":2},{"damage":21,"enemies":"Slavers","floor":29,"turns":5},{"damage":0,"enemies":"Sentry and Sphere","floor":31,"turns":5},{"damage":58,"enemies":"Collector","floor":33,"turns":6}],"seed_played":"6052998037622333954","potions_obtained":[{"floor":1,"key":"Elixir"},{"floor":6,"key":"Adrenaline Potion"},{"floor":8,"key":"Dexterity Potion"},{"floor":10,"key":"Explosive Potion"},{"floor":27,"key":"Regen Potion"}],"is_trial":false,"path_per_floor":["M","$","M","?","?","E","R","M","T","E","?","M","$","M","R","B",null,"M","?","M","?","?","R","E","R","T","M","R","E","T","M","R","B"],"character_chosen":"THE_SILENT","items_purchased":["HandDrill","ReplayTheSpireMod:Scrap Shanks","PrismaticShard","Blade Dance"],"campfire_rested":0,"item_purchase_floors":[2,2,13,13],"current_hp_per_floor":[70,70,70,70,70,55,55,55,55,48,75,75,75,75,75,75,75,75,66,70,70,70,70,65,65,65,67,67,52,52,58,58,11,11],"gold":253,"neow_bonus":"HUNDRED_GOLD","is_daily":false,"chose_seed":false,"campfire_upgraded":6,"win_rate":0.0,"timestamp":1608362902,"path_taken":["M","$","M","?","?","E","R","?","T","E","?","M","$","?","R","BOSS","M","?","M","?","?","R","E","R","T","M","R","E","?","?","R","BOSS"],"items_purchased_type":["Relic","Card","Relic","Card"],"build_version":"2020-12-13","purchased_purges":0,"victory":false,"max_hp_per_floor":[70,70,70,70,70,75,75,75,75,75,75,75,75,75,75,75,75,75,75,75,75,75,75,75,75,75,75,75,75,75,75,75,75,75],"card_choices":[{"not_picked":["Dodge and Roll","Slice"],"picked":"Backstab","floor":1},{"not_picked":["Prepared","Flechettes"],"picked":"ReplayTheSpireMod:Tripwire","floor":3},{"not_picked":["hubris:Sniper","Terror"],"picked":"Accuracy","floor":6},{"not_picked":["ReplayTheSpireMod:The Works","hubris:Sniper"],"picked":"Outmaneuver","floor":8},{"not_picked":["Poisoned Stab","Deadly Poison"],"picked":"Envenom","floor":10},{"not_picked":["Fluid Movement","Slice"],"picked":"Dagger Spray","floor":12},{"not_picked":["Slimebound:Schlurp","Slimebound:LeechingTouch"],"picked":"Spot Weakness","floor":14},{"not_picked":["ReplayRNGCard","ReplayTheSpireMod:Fabricate Wheel"],"picked":"Burst","floor":16},{"not_picked":["hexamod:GhostLash","Guardian:Suspension"],"picked":"Replay:Sssssssssstrike","floor":18},{"not_picked":["Poisoned Stab","WreathOfFlame"],"picked":"Guardian:Gem_Cyan","floor":20},{"not_picked":["champ:CrookedStrike","Storm"],"picked":"Leg Sweep","floor":24},{"not_picked":["Conserve Battery","Guardian:TemporalShield+1"],"picked":"champ:FaceSlap","floor":27},{"not_picked":["Guardian:PiercingHide","Guardian:BaubleBeam"],"picked":"sneckomod:UnknownClassRED+1","floor":29},{"not_picked":["SandsOfTime","Replay:ManipulateFuture+1","expansioncontent:YouAreMine"],"picked":"SKIP","floor":31}],"player_experience":177984,"relics_obtained":[{"floor":6,"key":"Durian"},{"floor":9,"key":"hubris:Metronome"},{"floor":10,"key":"Bird Faced Urn"},{"floor":17,"key":"Blood Vial"},{"floor":17,"key":"hubris:PeanutButter"},{"floor":17,"key":"Tingsha"},{"floor":22,"key":"ReplayTheSpireMod:Ring of Exchange"},{"floor":24,"key":"Tiny Chest"},{"floor":26,"key":"Potion Belt"},{"floor":29,"key":"Du-Vu Doll"},{"floor":30,"key":"hubris:DeckOfHolding"}],"event_choices":[{"damage_healed":0,"gold_gain":0,"player_choice":"Gave Potion","damage_taken":0,"relics_obtained":["Bag of Preparation"],"max_hp_gain":0,"max_hp_loss":0,"event_name":"WeMeetAgain","floor":5,"gold_loss":0},{"cards_removed":["ReplayTheSpireMod:Scrap Shanks"],"damage_healed":27,"gold_gain":0,"player_choice":"Offered Uncommon","damage_taken":0,"max_hp_gain":0,"max_hp_loss":0,"event_name":"Bonfire Elementals","floor":11,"gold_loss":0},{"damage_healed":0,"gold_gain":0,"player_choice":"Stopped","damage_taken":9,"max_hp_gain":0,"max_hp_loss":0,"event_name":"Cursed Tome","floor":19,"gold_loss":0},{"damage_healed":0,"gold_gain":0,"player_choice":"Ignored","damage_taken":0,"max_hp_gain":0,"max_hp_loss":0,"event_name":"Ghosts","floor":21,"gold_loss":0}],"is_beta":false,"boss_relics":[{"not_picked":["energizedSpire:HugeHouse","energizedSpire:RedRose"],"picked":"Calling Bell"}],"items_purged_floors":[],"is_endless":false,"potions_floor_spawned":[1,6,8,10,16,20,27],"killed_by":"Collector","ascension_level":0}}