{"host":"yo9wwslrag05lh37","time":1608418065,"event":{"mods":["AchievementEnabler","BaseMod","Block Reminder","Colored Map","Colored Powertips","GifTheSpireLib","HexUI Lib","Highlight Path","Minty Spire (QoL Compilation)","Rare Cards Sparkle","Relic Stats","StSLib","everything is the same but u backflip on backflip"],"gold_per_floor":[369,384,16,30,47,47,58,58,58,58,58,84,94,94,94,168,168,186,186,186],"floor_reached":19,"playtime":687,"items_purged":["Strike_B"],"score":338,"play_id":"24e191f3-0d96-4741-9b9d-9922960d2d28","local_time":"20201219234745","is_ascension_mode":true,"campfire_choices":[{"data":"Defragment","floor":6,"key":"SMITH"},{"data":"Zap","floor":8,"key":"SMITH"},{"floor":11,"key":"REST"},{"data":"Loop","floor":15,"key":"SMITH"}],"circlet_count":0,"master_deck":["AscendersBane","Strike_B","Strike_B","Strike_B","Defend_B","Defend_B","Defend_B","Defend_B","Zap+1","Dualcast+1","Leap","Defragment+1","Leap","Glacier","Loop+1","Coolheaded","Echo Form","Darkness"],"relics":["Cracked Core","Membership Card","Symbiotic Virus","InkBottle","Lantern","Torii","Philosopher\u0027s Stone"],"acts_visited":["Exordium","TheCity"],"potions_floor_usage":[16,19],"damage_taken":[{"damage":2.0,"enemies":"Cultist","floor":1.0,"turns":4.0},{"damage":18,"enemies":"Small Slimes","floor":2,"turns":4},{"damage":2,"enemies":"2 Louse","floor":4,"turns":3},{"damage":3,"enemies":"Looter","floor":5,"turns":3},{"damage":6,"enemies":"Red Slaver","floor":7,"turns":4},{"damage":2,"enemies":"Gremlin Nob","floor":12,"turns":3},{"damage":0,"enemies":"Large Slime","floor":13,"turns":4},{"damage":15,"enemies":"Slime Boss","floor":16,"turns":11},{"damage":3,"enemies":"Shell Parasite","floor":18,"turns":4},{"damage":56,"enemies":"Masked Bandits","floor":19,"turns":3}],"seed_played":"1051446702090191353","potions_obtained":[{"floor":2,"key":"SneckoOil"},{"floor":5,"key":"Weak Potion"},{"floor":16,"key":"EssenceOfDarkness"}],"is_trial":false,"path_per_floor":["M","M","$","M","M","R","M","R","T","?","R","E","M","?","R","B",null,"M","?"],"character_chosen":"DEFECT","items_purchased":["Membership Card","Symbiotic Virus","AttackPotion"],"campfire_rested":1,"item_purchase_floors":[3,3,3],"current_hp_per_floor":[44,26,26,24,21,21,15,15,15,15,36,34,34,34,34,19,58,55,0,0],"gold":186,"neow_bonus":"TWO_FIFTY_GOLD","is_daily":false,"chose_seed":false,"campfire_upgraded":3,"win_rate":0.0,"timestamp":1608418065,"path_taken":["M","M","$","M","M","R","?","R","T","?","R","E","M","?","R","BOSS","M","?"],"items_purchased_type":["Relic","Relic","Potion"],"build_version":"2020-12-13","purchased_purges":1,"victory":false,"max_hp_per_floor":[71,71,71,71,71,71,71,71,71,71,71,71,71,71,71,71,71,71,71,71],"relic_stats":{"Torii":7,"counters":[10,43],"obtain_stats":[{"Lantern":12,"Torii":14,"Philosopher\u0027s Stone":17,"Membership Card":3,"Cracked Core":0,"Symbiotic Virus":3,"InkBottle":9},{"Lantern":6,"Torii":7,"Philosopher\u0027s Stone":8,"Membership Card":2,"Cracked Core":0,"Symbiotic Virus":2,"InkBottle":5},{"Lantern":21,"Torii":25,"Philosopher\u0027s Stone":36,"Membership Card":8,"Cracked Core":0,"Symbiotic Virus":8,"InkBottle":18}],"InkBottle":[6]},"card_choices":[{"not_picked":["Rebound","Barrage","Fusion"],"picked":"SKIP","floor":1.0},{"not_picked":["Gash","Cold Snap"],"picked":"Leap","floor":2},{"not_picked":["Melter","Capacitor"],"picked":"Defragment","floor":4},{"not_picked":["Gash","Stack"],"picked":"Leap","floor":5},{"not_picked":["Capacitor","Compile Driver"],"picked":"Glacier","floor":7},{"not_picked":["Chill","Compile Driver"],"picked":"Loop","floor":12},{"not_picked":["Redo","Barrage"],"picked":"Coolheaded","floor":13},{"not_picked":["Seek","Rainbow"],"picked":"Echo Form","floor":16},{"not_picked":["Gash","Self Repair"],"picked":"Darkness","floor":18}],"player_experience":1349901,"relics_obtained":[{"floor":9,"key":"InkBottle"},{"floor":12,"key":"Lantern"}],"event_choices":[{"damage_healed":0,"gold_gain":0,"player_choice":"Grow","damage_taken":0,"max_hp_gain":0,"max_hp_loss":0,"event_name":"Living Wall","floor":10,"gold_loss":0,"cards_upgraded":["Dualcast"]},{"damage_healed":0,"gold_gain":0,"player_choice":"Searched \u00271\u0027 times","damage_taken":0,"relics_obtained":["Torii"],"max_hp_gain":0,"max_hp_loss":0,"event_name":"Dead Adventurer","floor":14,"gold_loss":0},{"damage_healed":0,"gold_gain":0,"player_choice":"Fought Bandits","damage_taken":0,"max_hp_gain":0,"max_hp_loss":0,"event_name":"Masked Bandits","floor":19,"gold_loss":0}],"is_beta":false,"boss_relics":[{"not_picked":["Fusion Hammer","FrozenCore"],"picked":"Philosopher\u0027s Stone"}],"items_purged_floors":[3],"is_endless":false,"potions_floor_spawned":[2,5,16],"killed_by":"Masked Bandits","ascension_level":20}}