{"host":"t7mx8yfj1no5p62f","time":1608346732,"event":{"mods":["BaseMod","Colored Map","Colored Powertips","Filter the Spire","Minty Spire (QoL Compilation)","Relic Stats","StSLib"],"gold_per_floor":[115,115,127,145,70,102,118,118,118,144,161,194,194,210,210,288,288,305,324,324,340,7,32,32,43,68,102,102,102,116,136,136,213,213,232,246,246,260,274,301,301,334,334,359,371,371,402,217,217,217,217,217],"floor_reached":51,"playtime":2660,"items_purged":["Pain","Strike_G"],"score":1598,"play_id":"b8659bc5-37c9-4e38-a91c-6dd666687eb2","local_time":"20201218215852","is_ascension_mode":true,"campfire_choices":[{"data":"Crippling Poison","floor":8.0,"key":"SMITH"},{"floor":13.0,"key":"REST"},{"data":"Burst","floor":15.0,"key":"SMITH"},{"data":"Deadly Poison","floor":24.0,"key":"SMITH"},{"data":"Noxious Fumes","floor":32.0,"key":"SMITH"},{"data":"Wraith Form v2","floor":41.0,"key":"SMITH"},{"data":"Catalyst","floor":46.0,"key":"SMITH"},{"floor":49.0,"key":"RECALL"}],"circlet_count":0,"master_deck":["AscendersBane","Strike_G","Strike_G","Defend_G","Defend_G","Defend_G","Defend_G","Defend_G","Survivor","Neutralize","Flying Knee","Crippling Poison+1","Riddle With Holes","Underhanded Strike","PiercingWail","Acrobatics","Deadly Poison+1","Burst+1","PiercingWail","Bullet Time","Underhanded Strike","Dash","Tools of the Trade","Catalyst+1","Wraith Form v2+1","Night Terror","Bane","Noxious Fumes+1","Malaise","Well Laid Plans","Tactician"],"relics":["Snecko Eye","WarpedTongs","Centennial Puzzle","Bottled Lightning","Sundial","HoveringKite","Nloth\u0027s Gift","Incense Burner","Meat on the Bone","Omamori","The Courier","Philosopher\u0027s Stone","Gremlin Horn","Darkstone Periapt","Du-Vu Doll","StoneCalendar"],"acts_visited":["Exordium","TheCity","TheBeyond"],"potions_floor_usage":[],"damage_taken":[{"damage":7.0,"enemies":"Small Slimes","floor":1.0,"turns":4.0},{"damage":3.0,"enemies":"Cultist","floor":3.0,"turns":4.0},{"damage":5.0,"enemies":"2 Louse","floor":4.0,"turns":3.0},{"damage":9.0,"enemies":"Lagavulin","floor":6.0,"turns":7.0},{"damage":5.0,"enemies":"Exordium Thugs","floor":7.0,"turns":3.0},{"damage":3.0,"enemies":"3 Sentries","floor":10.0,"turns":9.0},{"damage":9.0,"enemies":"Blue Slaver","floor":11.0,"turns":3.0},{"damage":8.0,"enemies":"Gremlin Nob","floor":12.0,"turns":3.0},{"damage":0.0,"enemies":"2 Fungi Beasts","floor":14.0,"turns":2.0},{"damage":11.0,"enemies":"The Guardian","floor":16.0,"turns":11.0},{"damage":1.0,"enemies":"2 Thieves","floor":18.0,"turns":3.0},{"damage":10.0,"enemies":"Spheric Guardian","floor":19.0,"turns":5.0},{"damage":1.0,"enemies":"Snecko","floor":21.0,"turns":4.0},{"damage":4.0,"enemies":"Gremlin Leader","floor":23.0,"turns":8.0},{"damage":0.0,"enemies":"Centurion and Healer","floor":25.0,"turns":7.0},{"damage":16.0,"enemies":"Book of Stabbing","floor":27.0,"turns":5.0},{"damage":0.0,"enemies":"3 Cultists","floor":30.0,"turns":3.0},{"damage":2.0,"enemies":"Shelled Parasite and Fungi","floor":31.0,"turns":4.0},{"damage":10.0,"enemies":"Champ","floor":33.0,"turns":5.0},{"damage":4.0,"enemies":"3 Darklings","floor":35.0,"turns":6.0},{"damage":4.0,"enemies":"3 Shapes","floor":36.0,"turns":4.0},{"damage":11.0,"enemies":"Transient","floor":38.0,"turns":6.0},{"damage":13.0,"enemies":"Jaw Worm Horde","floor":39.0,"turns":4.0},{"damage":5.0,"enemies":"Reptomancer","floor":40.0,"turns":5.0},{"damage":1.0,"enemies":"Nemesis","floor":42.0,"turns":7.0},{"damage":0.0,"enemies":"Mind Bloom Boss Battle","floor":44.0,"turns":6.0},{"damage":6.0,"enemies":"3 Darklings","floor":45.0,"turns":4.0},{"damage":0.0,"enemies":"Reptomancer","floor":47.0,"turns":6.0},{"damage":20,"enemies":"Time Eater","floor":50,"turns":6},{"damage":55,"enemies":"Awakened One","floor":51,"turns":7}],"seed_played":"-2526839093623964416","potions_obtained":[{"floor":3.0,"key":"EssenceOfSteel"},{"floor":7.0,"key":"GhostInAJar"},{"floor":10.0,"key":"Ancient Potion"},{"floor":11.0,"key":"Strength Potion"},{"floor":12.0,"key":"Fruit Juice"},{"floor":19.0,"key":"Block Potion"},{"floor":25.0,"key":"SneckoOil"},{"floor":31.0,"key":"DistilledChaos"},{"floor":39.0,"key":"Ancient Potion"},{"floor":47.0,"key":"SpeedPotion"}],"is_trial":false,"path_per_floor":["M","?","M","M","$","E","M","R","T","E","M","E","R","M","R","B",null,"M","M","?","M","$","E","R","M","T","E","?","?","M","M","R","B",null,"M","M","?","M","M","E","R","E","T","?","M","R","E","$","R","B","B"],"character_chosen":"THE_SILENT","items_purchased":["Incense Burner","Well Laid Plans","Tactician"],"campfire_rested":1,"item_purchase_floors":[22,48,48],"current_hp_per_floor":[52,52,49,44,44,35,30,30,30,27,18,10,29,29,29,18,54,53,48,48,47,47,43,43,43,43,39,39,39,39,37,37,39,63,59,55,55,44,43,38,38,37,37,37,43,43,43,43,43,35,0,0],"gold":217,"neow_bonus":"BOSS_RELIC","is_daily":false,"chose_seed":false,"campfire_upgraded":6,"win_rate":0.0,"timestamp":1608346732,"path_taken":["M","?","M","M","$","E","M","R","T","E","?","E","R","M","R","BOSS","M","M","?","M","?","E","R","M","T","E","?","?","M","M","R","BOSS","M","M","?","M","M","E","R","E","T","?","M","R","E","$","R","BOSS","BOSS"],"items_purchased_type":["Relic","Card","Card"],"build_version":"2020-12-13","purchased_purges":2,"victory":false,"max_hp_per_floor":[66,66,66,66,66,66,66,66,66,66,66,66,66,66,66,66,66,66,71,71,71,71,71,71,71,71,71,71,71,71,71,71,71,71,71,71,71,71,71,71,71,71,71,71,71,71,71,71,71,71,71,71],"relic_stats":{"Darkstone Periapt":0,"Centennial Puzzle":[63],"Gremlin Horn":[9,9],"counters":[30,154],"Sundial":[20],"Snecko Eye":[300,297,258,296],"HoveringKite":[50],"StoneCalendar":[52],"Nloth\u0027s Gift":6,"obtain_stats":[{"Darkstone Periapt":42,"Gremlin Horn":40,"HoveringKite":17,"StoneCalendar":47,"The Courier":27,"Incense Burner":22,"Omamori":26,"WarpedTongs":2,"Du-Vu Doll":44,"Centennial Puzzle":6,"Matryoshka":12,"Sundial":10,"Snecko Eye":0,"Philosopher\u0027s Stone":34,"Nloth\u0027s Gift":20,"Bottled Lightning":9,"Ring of the Snake":0,"Meat on the Bone":23},{"Darkstone Periapt":25,"Gremlin Horn":24,"HoveringKite":10,"StoneCalendar":28,"The Courier":16,"Incense Burner":13,"Omamori":15,"WarpedTongs":1,"Du-Vu Doll":26,"Centennial Puzzle":4,"Matryoshka":8,"Sundial":6,"Snecko Eye":0,"Philosopher\u0027s Stone":19,"Nloth\u0027s Gift":12,"Bottled Lightning":5,"Ring of the Snake":0,"Meat on the Bone":14},{"Darkstone Periapt":125,"Gremlin Horn":118,"HoveringKite":49,"StoneCalendar":141,"The Courier":81,"Incense Burner":61,"Omamori":76,"WarpedTongs":4,"Du-Vu Doll":131,"Centennial Puzzle":18,"Matryoshka":36,"Sundial":30,"Snecko Eye":0,"Philosopher\u0027s Stone":93,"Nloth\u0027s Gift":57,"Bottled Lightning":21,"Ring of the Snake":0,"Meat on the Bone":69}],"WarpedTongs":[150],"Meat on the Bone":60},"card_choices":[{"not_picked":["Outmaneuver","PiercingWail"],"picked":"Flying Knee","floor":1.0},{"not_picked":["Outmaneuver","Prepared"],"picked":"Crippling Poison","floor":3.0},{"not_picked":["Blade Dance","Sucker Punch"],"picked":"Riddle With Holes","floor":4.0},{"not_picked":["Distraction","Quick Slash"],"picked":"Underhanded Strike","floor":6.0},{"not_picked":["Underhanded Strike","Blade Dance"],"picked":"PiercingWail","floor":7.0},{"not_picked":["Backstab","Reflex"],"picked":"Acrobatics","floor":10.0},{"not_picked":["Skewer","Sucker Punch"],"picked":"Deadly Poison","floor":11.0},{"not_picked":["Deadly Poison","Dash"],"picked":"Burst","floor":12.0},{"not_picked":["Infinite Blades","Heel Hook"],"picked":"PiercingWail","floor":14.0},{"not_picked":["Malaise","Envenom"],"picked":"Bullet Time","floor":16.0},{"not_picked":["Endless Agony","PiercingWail","Prepared"],"picked":"SKIP","floor":18.0},{"not_picked":["Setup","Expertise"],"picked":"Underhanded Strike","floor":19.0},{"not_picked":["Bane","Footwork"],"picked":"Dash","floor":21.0},{"not_picked":["Infinite Blades","Blur"],"picked":"Tools of the Trade","floor":23.0},{"not_picked":["Outmaneuver","Backstab"],"picked":"Catalyst","floor":25.0},{"not_picked":["Masterful Stab","Deadly Poison"],"picked":"Wraith Form v2","floor":27.0},{"not_picked":["Flying Knee","Backflip","Dagger Spray"],"picked":"SKIP","floor":30.0},{"not_picked":["Crippling Poison","PiercingWail"],"picked":"Noxious Fumes","floor":31.0},{"not_picked":["Dash","Doppelganger","Unload"],"picked":"SKIP","floor":35.0},{"not_picked":["Deflect+1","All Out Attack","Setup+1"],"picked":"SKIP","floor":36.0},{"not_picked":["Cloak And Dagger","Slice","Deflect"],"picked":"SKIP","floor":38.0},{"not_picked":["Sucker Punch+1","Expertise+1","Calculated Gamble"],"picked":"SKIP","floor":39.0},{"not_picked":["Bane","Infinite Blades"],"picked":"Malaise","floor":40.0},{"not_picked":["Dagger Spray","Grand Finale","Endless Agony"],"picked":"SKIP","floor":42.0},{"not_picked":["Blade Dance+1","Backflip","Masterful Stab"],"picked":"SKIP","floor":45.0},{"not_picked":["Dagger Throw","Phantasmal Killer","Infinite Blades+1"],"picked":"SKIP","floor":47.0}],"player_experience":1564782,"relics_obtained":[{"floor":6.0,"key":"Centennial Puzzle"},{"floor":9.0,"key":"Bottled Lightning"},{"floor":10.0,"key":"Sundial"},{"floor":12.0,"key":"Matryoshka"},{"floor":23.0,"key":"Meat on the Bone"},{"floor":26.0,"key":"Omamori"},{"floor":27.0,"key":"The Courier"},{"floor":40.0,"key":"Gremlin Horn"},{"floor":42.0,"key":"Darkstone Periapt"},{"floor":44.0,"key":"Du-Vu Doll"},{"floor":47.0,"key":"StoneCalendar"}],"event_choices":[{"damage_healed":0.0,"max_hp_gain":0.0,"max_hp_loss":0.0,"gold_gain":0.0,"event_name":"Accursed Blacksmith","player_choice":"Rummage","floor":2.0,"gold_loss":0.0,"damage_taken":0.0,"relics_obtained":["WarpedTongs"],"cards_obtained":["Pain"]},{"damage_healed":0.0,"max_hp_gain":0.0,"max_hp_loss":0.0,"gold_gain":0.0,"event_name":"N\u0027loth","player_choice":"Traded Relic","floor":20.0,"relics_lost":["Matryoshka"],"gold_loss":0.0,"damage_taken":0.0,"relics_obtained":["Nloth\u0027s Gift"]},{"damage_healed":0.0,"max_hp_gain":0.0,"max_hp_loss":0.0,"gold_gain":0.0,"cards_transformed":["Strike_G","Strike_G"],"event_name":"Drug Dealer","player_choice":"Became Test Subject","floor":28.0,"gold_loss":0.0,"damage_taken":0.0,"cards_obtained":["Night Terror","Bane"]},{"damage_healed":0.0,"max_hp_gain":0.0,"max_hp_loss":0.0,"gold_gain":0.0,"event_name":"Vampires","player_choice":"Ignored","floor":29.0,"gold_loss":0.0,"damage_taken":0.0},{"damage_healed":0.0,"max_hp_gain":0.0,"max_hp_loss":0.0,"gold_gain":0.0,"event_name":"SensoryStone","player_choice":"Memory 1","floor":37.0,"gold_loss":0.0,"damage_taken":0.0},{"damage_healed":0.0,"max_hp_gain":0.0,"max_hp_loss":0.0,"gold_gain":0.0,"event_name":"MindBloom","player_choice":"Fight","floor":44.0,"gold_loss":0.0,"damage_taken":0.0}],"is_beta":false,"boss_relics":[{"not_picked":["SlaversCollar","Runic Dome"],"picked":"HoveringKite"},{"not_picked":["Empty Cage","Calling Bell"],"picked":"Philosopher\u0027s Stone"}],"items_purged_floors":[5,48],"is_endless":false,"potions_floor_spawned":[3,7,10,11,12,19,25,31,33,39,40,47],"killed_by":"Awakened One","ascension_level":20}}