{"host":"52vy8tgaha6bhjie","time":1608394858,"event":{"mods":["BaseMod","Card Forge","Colored Powertips","Downfall","Duelist Mod","GifTheSpireLib","Minty Spire (QoL Compilation)","Practice Mode","StSLib","The Animator","The Poker Player","The Wild Card"],"gold_per_floor":[111,122,122,197,214,214,263,145,169,187,203,215,180,194,194,295,295,314,54,54,65,65,65,79,79,79,89,106,118,39,58,58,155,155,167,183,183,163,178,178,192,192,239,253,20,31,31,31,31,31],"floor_reached":51,"playtime":4568,"items_purged":[],"score":620,"play_id":"4ac15add-e8d0-4a65-8c69-3325f4359d6f","local_time":"20201219082058","is_ascension_mode":false,"campfire_choices":[{"floor":6.0,"key":"RECALL"},{"floor":15,"key":"REST"},{"floor":23,"key":"REST"},{"floor":32,"key":"REST"},{"floor":40,"key":"REST"},{"floor":49,"key":"REST"}],"circlet_count":0,"master_deck":["Strike_R+1","Strike_R+1","Strike_R+1","Strike_R+1","Defend_R+1","Defend_R+1","Defend_R+1","Defend_R+1","Bash+1","Demon Form+1","Perfected Strike+1","Iron Wave+1","Barricade+1","Entrench+1","Juggernaut+1","Clothesline+1","Headbutt+1","Uppercut+1","Seeing Red+1","Bloodletting+1","Pommel Strike+1","Impervious+1","The Bomb+1","Shrug It Off+1","Body Slam+1","Iron Wave+1","Searing Blow+12","Spot Weakness+1","Impervious","Madness","Madness","Panache"],"relics":["Burning Blood","Hammer of Thor","Seething Fire","Anvil of the Gods","Juzu Bracelet","Runic Pyramid","Membership Card","MutagenicStrength","Boot","MealTicket","Mark of Pain","Lantern","Vajra","Pen Nib"],"acts_visited":["Exordium","TheCity","TheBeyond"],"potions_floor_usage":[28],"damage_taken":[{"damage":13.0,"enemies":"Cultist","floor":1.0,"turns":5.0},{"damage":11.0,"enemies":"Jaw Worm","floor":2.0,"turns":3.0},{"damage":6.0,"enemies":"Small Slimes","floor":5.0,"turns":5.0},{"damage":4.0,"enemies":"2 Fungi Beasts","floor":10.0,"turns":5.0},{"damage":12,"enemies":"Blue Slaver","floor":11,"turns":5},{"damage":10,"enemies":"Large Slime","floor":12,"turns":6},{"damage":13,"enemies":"Looter","floor":14,"turns":3},{"damage":30,"enemies":"Slime Boss","floor":16,"turns":11},{"damage":5,"enemies":"Spheric Guardian","floor":18,"turns":6},{"damage":12,"enemies":"Shell Parasite","floor":21,"turns":6},{"damage":38,"enemies":"Cultist and Chosen","floor":24,"turns":7},{"damage":3,"enemies":"3 Cultists","floor":27,"turns":6},{"damage":3,"enemies":"Snake Plant","floor":28,"turns":1},{"damage":8,"enemies":"Centurion and Healer","floor":29,"turns":2},{"damage":3,"enemies":"Cultist and Chosen","floor":31,"turns":3},{"damage":24,"enemies":"Collector","floor":33,"turns":5},{"damage":0,"enemies":"Orb Walker","floor":35,"turns":1},{"damage":3,"enemies":"3 Shapes","floor":36,"turns":3},{"damage":13,"enemies":"Writhing Mass","floor":39,"turns":3},{"damage":24,"enemies":"4 Shapes","floor":41,"turns":3},{"damage":8,"enemies":"Maw","floor":44,"turns":4},{"damage":15,"enemies":"Writhing Mass","floor":46,"turns":2},{"damage":31,"enemies":"Donu and Deca","floor":50,"turns":5}],"seed_played":"8275187667898520001","potions_obtained":[{"floor":10.0,"key":"LiquidMemories"},{"floor":11,"key":"Ancient Potion"},{"floor":12,"key":"Block Potion"},{"floor":31,"key":"LiquidBronze"}],"is_trial":false,"path_per_floor":["M","M","?","?","M","R","T","$","T","M","M","M","?","M","R","B",null,"M","$","?","M","?","R","M","?","T","M","M","M","$","M","R","B",null,"M","M","?","?","M","R","M","?","T","M","$","M","$","?","R","B",null],"character_chosen":"IRONCLAD","items_purchased":["Headbutt","Uppercut","Membership Card","The Bomb","Shrug It Off","MealTicket","Vajra","Panache","Pen Nib"],"campfire_rested":5,"item_purchase_floors":[8,8,19,19,19,30,45,45,45],"current_hp_per_floor":[73,68,68,57,57,57,57,57,57,59,53,49,69,62,80,56,80,80,80,80,74,74,80,48,48,48,51,54,52,52,55,79,61,80,80,80,70,70,63,80,62,62,62,60,75,66,80,80,80,55],"gold":31,"neow_bonus":"TRANSFORM_CARD","is_daily":false,"chose_seed":false,"campfire_upgraded":0,"win_rate":0.0,"timestamp":1608394858,"path_taken":["M","M","?","?","M","R","?","$","T","M","M","M","?","M","R","BOSS","M","$","?","M","?","R","M","?","T","M","M","M","?","M","R","BOSS","M","M","?","?","M","R","M","?","T","M","$","M","$","?","R","BOSS"],"items_purchased_type":["Card","Card","Relic","Card","Card","Relic","Relic","Card","Relic"],"build_version":"2020-12-13","purchased_purges":0,"victory":true,"max_hp_per_floor":[80,80,80,80,80,80,80,80,80,80,80,80,80,80,80,80,80,80,80,80,80,80,80,80,80,80,80,80,80,80,80,80,80,80,80,80,80,80,80,80,80,80,80,80,80,80,80,80,80,80],"card_choices":[{"not_picked":["Flex","Battle Trance"],"picked":"Perfected Strike","floor":1.0},{"not_picked":["Whirlwind","Pommel Strike"],"picked":"Iron Wave","floor":2.0},{"not_picked":["Warcry","Blood for Blood"],"picked":"Clothesline","floor":5.0},{"not_picked":["Intimidate","Double Tap"],"picked":"Seeing Red","floor":10.0},{"not_picked":["Headbutt","Armaments"],"picked":"Bloodletting","floor":11},{"not_picked":["Carnage","Hemokinesis"],"picked":"Pommel Strike","floor":12},{"not_picked":["Shockwave","Warcry","True Grit"],"picked":"SKIP","floor":14},{"not_picked":["Fiend Fire","Barricade"],"picked":"Impervious","floor":16},{"not_picked":["Dual Wield","Headbutt","Sword Boomerang+1"],"picked":"SKIP","floor":18},{"not_picked":["Armaments+1","Twin Strike"],"picked":"Iron Wave","floor":21},{"not_picked":["Perfected Strike","Hemokinesis"],"picked":"Searing Blow","floor":24},{"not_picked":["Second Wind","Hemokinesis","Heavy Blade"],"picked":"SKIP","floor":27},{"not_picked":["Perfected Strike","Feel No Pain"],"picked":"Spot Weakness","floor":28},{"not_picked":["Shockwave","Sword Boomerang","Body Slam"],"picked":"SKIP","floor":29},{"not_picked":["Heavy Blade","Bludgeon","Headbutt"],"picked":"SKIP","floor":31},{"not_picked":["Double Tap","Limit Break"],"picked":"Impervious","floor":33},{"not_picked":["Flex","Entrench+1","Perfected Strike+1"],"picked":"SKIP","floor":35},{"not_picked":["Cleave+1","Disarm","Carnage+1"],"picked":"SKIP","floor":36},{"not_picked":["Thunderclap","Twin Strike+1","Battle Trance"],"picked":"SKIP","floor":39},{"not_picked":["Perfected Strike+1","Anger","Impervious"],"picked":"SKIP","floor":41},{"not_picked":["Flex+1","Bloodletting+1","Thunderclap"],"picked":"SKIP","floor":44},{"not_picked":["Thunderclap+1","Headbutt","Pommel Strike+1"],"picked":"SKIP","floor":46}],"player_experience":12487,"relics_obtained":[{"floor":9.0,"key":"Juzu Bracelet"},{"floor":26,"key":"Boot"},{"floor":43,"key":"Lantern"}],"event_choices":[{"damage_healed":0.0,"max_hp_gain":0.0,"max_hp_loss":0.0,"gold_gain":0.0,"event_name":"Living Wall","player_choice":"Grow","floor":3.0,"gold_loss":0.0,"damage_taken":0.0,"cards_upgraded":["Iron Wave"]},{"damage_healed":0.0,"max_hp_gain":0.0,"max_hp_loss":0.0,"gold_gain":75.0,"event_name":"World of Goop","player_choice":"Gather Gold","floor":4.0,"gold_loss":0.0,"damage_taken":11.0},{"damage_healed":20,"gold_gain":0,"player_choice":"Healed","damage_taken":0,"max_hp_gain":0,"max_hp_loss":0,"event_name":"The Cleric","floor":13,"gold_loss":35},{"damage_healed":0,"gold_gain":0,"player_choice":"Read","damage_taken":0,"max_hp_gain":0,"max_hp_loss":0,"event_name":"The Library","floor":20,"gold_loss":0,"cards_obtained":["Body Slam"]},{"damage_healed":0,"gold_gain":0,"player_choice":"Inject Mutagens","damage_taken":0,"relics_obtained":["MutagenicStrength"],"max_hp_gain":0,"max_hp_loss":0,"event_name":"Drug Dealer","floor":22,"gold_loss":0},{"damage_healed":0,"gold_gain":0,"player_choice":"Ignored","damage_taken":0,"max_hp_gain":0,"max_hp_loss":0,"event_name":"Cursed Tome","floor":25,"gold_loss":0},{"damage_healed":0,"gold_gain":0,"player_choice":"Embrace Madness","damage_taken":10,"max_hp_gain":0,"max_hp_loss":0,"event_name":"Winding Halls","floor":37,"gold_loss":0,"cards_obtained":["Madness","Madness"]},{"damage_healed":0,"gold_gain":0,"player_choice":"Bought 1 Potion","damage_taken":0,"max_hp_gain":0,"max_hp_loss":0,"event_name":"The Woman in Blue","floor":38,"gold_loss":0},{"damage_healed":0,"gold_gain":0,"player_choice":"Ignored","damage_taken":0,"max_hp_gain":0,"max_hp_loss":0,"event_name":"Mysterious Sphere","floor":42,"gold_loss":0},{"damage_healed":0,"gold_gain":0,"player_choice":"Ignored","damage_taken":0,"max_hp_gain":0,"max_hp_loss":0,"event_name":"Transmorgrifier","floor":48,"gold_loss":0}],"is_beta":false,"boss_relics":[{"not_picked":["Ectoplasm","SacredBark"],"picked":"Runic Pyramid"},{"not_picked":["Snecko Eye","Empty Cage"],"picked":"Mark of Pain"}],"items_purged_floors":[],"is_endless":false,"potions_floor_spawned":[10,11,12,18,31,46],"ascension_level":0}}